  <div class='ocr_page' id='page_1' title='image "/cluster/home/n/w/nwhite01/storage/ocr_20150623/29/pst.000005712274/413.png"; bbox 0 0 4060 6316; ppageno 0'>
   <div class='ocr_carea' id='block_1_1' title="bbox 638 310 2605 373">
    <p class='ocr_par' dir='ltr' id='par_1_1' title="bbox 638 310 2605 373">
     <span class='ocr_line' id='line_1_1' title="bbox 638 310 2605 373; baseline -0.002 0"><span class='ocrx_word' id='word_1_1' title='bbox 638 317 706 373; x_wconf 69' lang='grc'><strong>19</strong></span> <span class='ocrx_word' id='word_1_2' title='bbox 2014 313 2073 370; x_wconf 87' lang='lat' dir='ltr'><strong>S.</strong></span> <span class='ocrx_word' id='word_1_3' title='bbox 2111 310 2356 368; x_wconf 77' lang='lat' dir='ltr'><strong>BASlLll</strong></span> <span class='ocrx_word' id='word_1_4' title='bbox 2390 313 2605 371; x_wconf 80' lang='lat' dir='ltr'><strong>MAGNI</strong></span> 
     </span>
    </p>
   </div>
   <div class='ocr_carea' id='block_1_2' title="bbox 3842 309 3929 369">
    <p class='ocr_par' dir='ltr' id='par_1_2' title="bbox 3842 309 3929 369">
     <span class='ocr_line' id='line_1_2' title="bbox 3842 309 3929 369; baseline -0.023 0"><span class='ocrx_word' id='word_1_5' title='bbox 3842 309 3929 369; x_wconf 72' lang='grc' dir='ltr'><strong>εει</strong></span> 
     </span>
    </p>
   </div>
   <div class='ocr_carea' id='block_1_3' title="bbox 638 435 2218 511">
    <p class='ocr_par' dir='ltr' id='par_1_3' title="bbox 638 437 2201 509">
     <span class='ocr_line' id='line_1_3' title="bbox 638 437 2201 509; baseline 0 -14"><span class='ocrx_word' id='word_1_6' title='bbox 638 441 692 495; x_wconf 81' lang='lat' dir='ltr'><strong>in</strong></span> <span class='ocrx_word' id='word_1_7' title='bbox 724 452 886 493; x_wconf 86' lang='lat' dir='ltr'><strong>causa</strong></span> <span class='ocrx_word' id='word_1_8' title='bbox 921 437 1021 492; x_wconf 73' lang='lat' dir='ltr'><strong>fuit</strong></span> <span class='ocrx_word' id='word_1_9' title='bbox 1063 452 1161 493; x_wconf 88' lang='lat' dir='ltr'><strong>cur</strong></span> <span class='ocrx_word' id='word_1_10' title='bbox 1188 447 1369 508; x_wconf 88' lang='lat' dir='ltr'><strong>esset;</strong></span> <span class='ocrx_word' id='word_1_11' title='bbox 1403 439 1498 495; x_wconf 84' lang='lat' dir='ltr'><strong>sed</strong></span> <span class='ocrx_word' id='word_1_12' title='bbox 1546 439 1620 493; x_wconf 89' lang='lat' dir='ltr'><strong>uti</strong></span> <span class='ocrx_word' id='word_1_13' title='bbox 1670 439 1846 494; x_wconf 81' lang='lat' dir='ltr'><strong>bonus</strong></span> <span class='ocrx_word' id='word_1_14' title='bbox 1892 440 2021 495; x_wconf 80' lang='lat' dir='ltr'><strong>fecit</strong></span> <span class='ocrx_word' id='word_1_15' title='bbox 2061 439 2201 509; x_wconf 87' lang='lat' dir='ltr'><strong>quod</strong></span> 
     </span>
    </p>
   </div>
   <div class='ocr_carea' id='block_1_4' title="bbox 2320 435 3923 511">
    <p class='ocr_par' dir='ltr' id='par_1_4' title="bbox 2320 435 3923 511">
     <span class='ocr_line' id='line_1_4' title="bbox 2320 435 3923 511; baseline -0.008 -15"><span class='ocrx_word' id='word_1_16' title='bbox 2320 441 2413 511; x_wconf 70' lang='grc' dir='ltr'><strong>τὰρ</strong></span> <span class='ocrx_word' id='word_1_17' title='bbox 2462 438 2572 507; x_wconf 71' lang='grc'>(52)</span> <span class='ocrx_word' id='word_1_18' title='bbox 2622 438 2740 507; x_wconf 78' lang='grc' dir='ltr'><strong>οὐχὶ</strong></span> <span class='ocrx_word' id='word_1_19' title='bbox 2791 435 3039 508; x_wconf 73' lang='grc' dir='ltr'><strong>τεχνίτην</strong></span> <span class='ocrx_word' id='word_1_20' title='bbox 3091 454 3170 491; x_wconf 90' lang='grc' dir='ltr'><strong>σοι</strong></span> <span class='ocrx_word' id='word_1_21' title='bbox 3208 435 3406 501; x_wconf 79' lang='grc' dir='ltr'>ἔδειξεν</span> <span class='ocrx_word' id='word_1_22' title='bbox 3440 436 3808 508; x_wconf 70' lang='grc' dir='ltr'>εμὸεόηκότα</span> <span class='ocrx_word' id='word_1_23' title='bbox 3840 437 3923 505; x_wconf 68' lang='grc' dir='ltr'>τῇ</span> 
     </span>
    </p>
   </div>
   <div class='ocr_carea' id='block_1_5' title="bbox 640 530 2204 602">
    <p class='ocr_par' dir='ltr' id='par_1_5' title="bbox 640 530 2204 602">
     <span class='ocr_line' id='line_1_5' title="bbox 640 530 2204 602; baseline 0 -15"><span class='ocrx_word' id='word_1_24' title='bbox 640 532 774 587; x_wconf 88' lang='lat' dir='ltr'><strong>utile</strong></span> <span class='ocrx_word' id='word_1_25' title='bbox 804 540 919 598; x_wconf 86' lang='lat' dir='ltr'><strong>est;</strong></span> <span class='ocrx_word' id='word_1_26' title='bbox 951 532 1029 585; x_wconf 98' lang='lat' dir='ltr'><strong>uti</strong></span> <span class='ocrx_word' id='word_1_27' title='bbox 1060 532 1296 602; x_wconf 82' lang='lat' dir='ltr'><strong>sapiens,</strong></span> <span class='ocrx_word' id='word_1_28' title='bbox 1331 530 1473 602; x_wconf 89' lang='lat' dir='ltr'><strong>quod</strong></span> <span class='ocrx_word' id='word_1_29' title='bbox 1520 531 1944 602; x_wconf 84' lang='lat' dir='ltr'><strong>pulcherrimum</strong></span> <span class='ocrx_word' id='word_1_30' title='bbox 1972 542 2093 599; x_wconf 89' lang='lat' dir='ltr'><strong>est;</strong></span> <span class='ocrx_word' id='word_1_31' title='bbox 2126 531 2204 587; x_wconf 92' lang='lat' dir='ltr'><strong>uti</strong></span> 
     </span>
    </p>
   </div>
   <div class='ocr_carea' id='block_1_6' title="bbox 640 622 2206 693">
    <p class='ocr_par' dir='ltr' id='par_1_6' title="bbox 640 622 2206 693">
     <span class='ocr_line' id='line_1_6' title="bbox 640 622 2206 693; baseline 0.001 -15"><span class='ocrx_word' id='word_1_32' title='bbox 640 632 851 693; x_wconf 87' lang='lat' dir='ltr'><strong>potens,</strong></span> <span class='ocrx_word' id='word_1_33' title='bbox 882 623 1023 692; x_wconf 89' lang='lat' dir='ltr'><strong>quod</strong></span> <span class='ocrx_word' id='word_1_34' title='bbox 1054 623 1345 676; x_wconf 81' lang='lat' dir='ltr'><strong>maximum</strong></span> <span class='ocrx_word' id='word_1_35' title='bbox 1372 633 1475 678; x_wconf 88' lang='lat' dir='ltr'><strong>est.</strong></span> <span class='ocrx_word' id='word_1_36' title='bbox 1510 622 1642 676; x_wconf 84' lang='lat' dir='ltr'><strong>Nam</strong></span> <span class='ocrx_word' id='word_1_37' title='bbox 1682 624 1922 679; x_wconf 92' lang='lat' dir='ltr'><strong>ostendit</strong></span> <span class='ocrx_word' id='word_1_38' title='bbox 1945 625 2042 679; x_wconf 85' lang='lat' dir='ltr'><strong>tibi</strong></span> <span class='ocrx_word' id='word_1_39' title='bbox 2074 625 2206 680; x_wconf 89' lang='lat' dir='ltr'><strong>arti-</strong></span> 
     </span>
    </p>
   </div>
   <div class='ocr_carea' id='block_1_7' title="bbox 642 713 2209 769">
    <p class='ocr_par' dir='ltr' id='par_1_7' title="bbox 642 713 2209 769">
     <span class='ocr_line' id='line_1_7' title="bbox 642 713 2209 769; baseline 0 -2"><span class='ocrx_word' id='word_1_40' title='bbox 642 714 795 767; x_wconf 74' lang='lat' dir='ltr'><strong>ticem</strong></span> <span class='ocrx_word' id='word_1_41' title='bbox 835 721 1037 766; x_wconf 88' lang='lat' dir='ltr'><strong>tantum</strong></span> <span class='ocrx_word' id='word_1_42' title='bbox 1069 727 1172 766; x_wconf 90' lang='lat' dir='ltr'><strong>non</strong></span> <span class='ocrx_word' id='word_1_43' title='bbox 1200 726 1377 765; x_wconf 89' lang='lat' dir='ltr'><strong>rerum</strong></span> <span class='ocrx_word' id='word_1_44' title='bbox 1406 713 1646 767; x_wconf 90' lang='lat' dir='ltr'><strong>omnium</strong></span> <span class='ocrx_word' id='word_1_45' title='bbox 1673 714 2026 769; x_wconf 79' lang='lat' dir='ltr'><strong>substantiam</strong></span> <span class='ocrx_word' id='word_1_46' title='bbox 2052 714 2209 769; x_wconf 80' lang='lat' dir='ltr'><strong>inva-</strong></span> 
     </span>
    </p>
   </div>
   <div class='ocr_carea' id='block_1_8' title="bbox 642 806 2209 877">
    <p class='ocr_par' dir='ltr' id='par_1_8' title="bbox 642 806 2209 877">
     <span class='ocr_line' id='line_1_8' title="bbox 642 806 2209 877; baseline 0.001 -17"><span class='ocrx_word' id='word_1_47' title='bbox 642 807 877 868; x_wconf 84' lang='lat' dir='ltr'><strong>dentem,</strong></span> <span class='ocrx_word' id='word_1_48' title='bbox 910 816 963 859; x_wconf 91' lang='lat' dir='ltr'><strong>et</strong></span> <span class='ocrx_word' id='word_1_49' title='bbox 990 815 1173 875; x_wconf 90' lang='lat' dir='ltr'><strong>partes</strong></span> <span class='ocrx_word' id='word_1_50' title='bbox 1205 806 1600 874; x_wconf 84' lang='lat' dir='ltr'><strong>singulasinter</strong></span> <span class='ocrx_word' id='word_1_51' title='bbox 1628 823 1687 862; x_wconf 86' lang='lat' dir='ltr'><strong>se</strong></span> <span class='ocrx_word' id='word_1_52' title='bbox 1718 816 2209 877; x_wconf 80' lang='lat' dir='ltr'><strong>coagmentantem,</strong></span> 
     </span>
    </p>
   </div>
   <div class='ocr_carea' id='block_1_9' title="bbox 642 895 2198 965">
    <p class='ocr_par' dir='ltr' id='par_1_9' title="bbox 642 895 2198 965">
     <span class='ocr_line' id='line_1_9' title="bbox 642 895 2198 965; baseline 0.002 -15"><span class='ocrx_word' id='word_1_53' title='bbox 642 895 1069 965; x_wconf 76' lang='lat' dir='ltr'><strong>emcieiitemqtie</strong></span> <span class='ocrx_word' id='word_1_54' title='bbox 1101 896 1413 951; x_wconf 90' lang='lat' dir='ltr'><strong>universum</strong></span> <span class='ocrx_word' id='word_1_55' title='bbox 1444 899 1705 951; x_wconf 90' lang='lat' dir='ltr'><strong>mundum</strong></span> <span class='ocrx_word' id='word_1_56' title='bbox 1740 900 2064 953; x_wconf 80' lang='lat' dir='ltr'><strong>concordem</strong></span> <span class='ocrx_word' id='word_1_57' title='bbox 2096 898 2198 953; x_wconf 88' lang='lat' dir='ltr'><strong>sibi</strong></span> 
     </span>
    </p>
   </div>
   <div class='ocr_carea' id='block_1_10' title="bbox 643 985 2210 1057">
    <p class='ocr_par' dir='ltr' id='par_1_10' title="bbox 643 985 2210 1057">
     <span class='ocr_line' id='line_1_10' title="bbox 643 985 2210 1057; baseline -0.001 -15"><span class='ocrx_word' id='word_1_58' title='bbox 643 998 700 1042; x_wconf 88' lang='lat' dir='ltr'><strong>et</strong></span> <span class='ocrx_word' id='word_1_59' title='bbox 735 1003 1029 1042; x_wconf 88' lang='lat' dir='ltr'><strong>consonum</strong></span> <span class='ocrx_word' id='word_1_60' title='bbox 1071 997 1231 1055; x_wconf 89' lang='lat' dir='ltr'><strong>atque</strong></span> <span class='ocrx_word' id='word_1_61' title='bbox 1278 989 1623 1042; x_wconf 75' lang='lat' dir='ltr'><strong>coacinnum.</strong></span> <span class='ocrx_word' id='word_1_62' title='bbox 1678 985 1746 1041; x_wconf 86' lang='lat' dir='ltr'><strong>In</strong></span> <span class='ocrx_word' id='word_1_63' title='bbox 1785 989 2041 1057; x_wconf 83' lang='lat' dir='ltr'><strong>principio</strong></span> <span class='ocrx_word' id='word_1_64' title='bbox 2087 988 2210 1056; x_wconf 68' lang='lat' dir='ltr'><strong>fecit</strong></span> 
     </span>
    </p>
   </div>
   <div class='ocr_carea' id='block_1_11' title="bbox 642 1077 2212 1150">
    <p class='ocr_par' dir='ltr' id='par_1_11' title="bbox 642 1077 2212 1150">
     <span class='ocr_line' id='line_1_11' title="bbox 642 1077 2212 1150; baseline 0.003 -18"><span class='ocrx_word' id='word_1_65' title='bbox 642 1077 783 1132; x_wconf 73' lang='lat' dir='ltr'><strong>Deus</strong></span> <span class='ocrx_word' id='word_1_66' title='bbox 812 1080 997 1131; x_wconf 75' lang='lat' dir='ltr'><strong>caelum</strong></span> <span class='ocrx_word' id='word_1_67' title='bbox 1020 1091 1069 1131; x_wconf 74' lang='lat' dir='ltr'><strong>et</strong></span> <span class='ocrx_word' id='word_1_68' title='bbox 1100 1089 1313 1131; x_wconf 79' lang='lat' dir='ltr'><strong>terram.</strong></span> <span class='ocrx_word' id='word_1_69' title='bbox 1348 1078 1615 1133; x_wconf 75' lang='lat' dir='ltr'><strong>Exlremis</strong></span> <span class='ocrx_word' id='word_1_70' title='bbox 1655 1082 1862 1133; x_wconf 89' lang='lat' dir='ltr'><strong>duobus</strong></span> <span class='ocrx_word' id='word_1_71' title='bbox 1886 1080 2212 1150; x_wconf 81' lang='lat' dir='ltr'><strong>signiﬁcavit</strong></span> 
     </span>
    </p>
   </div>
   <div class='ocr_carea' id='block_1_12' title="bbox 643 1170 2209 1240">
    <p class='ocr_par' dir='ltr' id='par_1_12' title="bbox 643 1170 2209 1240">
     <span class='ocr_line' id='line_1_12' title="bbox 643 1170 2209 1240; baseline 0.001 -16"><span class='ocrx_word' id='word_1_72' title='bbox 643 1170 791 1224; x_wconf 83' lang='lat' dir='ltr'><strong>orbis</strong></span> <span class='ocrx_word' id='word_1_73' title='bbox 825 1171 988 1225; x_wconf 76' lang='lat' dir='ltr'><strong>lOlillS</strong></span> <span class='ocrx_word' id='word_1_74' title='bbox 1015 1170 1397 1233; x_wconf 83' lang='lat' dir='ltr'><strong>substantiam,</strong></span> <span class='ocrx_word' id='word_1_75' title='bbox 1432 1171 1571 1223; x_wconf 71' lang='lat' dir='ltr'><strong>cmlo</strong></span> <span class='ocrx_word' id='word_1_76' title='bbox 1596 1170 1813 1240; x_wconf 78' lang='lat' dir='ltr'><strong>quidem</strong></span> <span class='ocrx_word' id='word_1_77' title='bbox 1847 1171 2087 1226; x_wconf 85' lang='lat' dir='ltr'><strong>tribuens</strong></span> <span class='ocrx_word' id='word_1_78' title='bbox 2119 1186 2209 1225; x_wconf 86' lang='lat' dir='ltr'><strong>or-</strong></span> 
     </span>
    </p>
   </div>
   <div class='ocr_carea' id='block_1_13' title="bbox 648 1261 2212 1331">
    <p class='ocr_par' dir='ltr' id='par_1_13' title="bbox 648 1261 2212 1331">
     <span class='ocr_line' id='line_1_13' title="bbox 648 1261 2212 1331; baseline 0.004 -20"><span class='ocrx_word' id='word_1_79' title='bbox 648 1269 735 1314; x_wconf 87' lang='lat' dir='ltr'><strong>tus</strong></span> <span class='ocrx_word' id='word_1_80' title='bbox 784 1261 1194 1330; x_wconf 67' lang='lat' dir='ltr'><strong>prmrogativam</strong></span> <span class='ocrx_word' id='word_1_81' title='bbox 1226 1280 1240 1316; x_wconf 90' lang='lat'>:</span> <span class='ocrx_word' id='word_1_82' title='bbox 1270 1272 1467 1315; x_wconf 86' lang='lat' dir='ltr'><strong>terram</strong></span> <span class='ocrx_word' id='word_1_83' title='bbox 1507 1276 1634 1316; x_wconf 84' lang='lat' dir='ltr'><strong>vero</strong></span> <span class='ocrx_word' id='word_1_84' title='bbox 1676 1262 1885 1331; x_wconf 92' lang='lat' dir='ltr'><strong>origine</strong></span> <span class='ocrx_word' id='word_1_85' title='bbox 1923 1266 2212 1318; x_wconf 89' lang='lat' dir='ltr'><strong>secundam</strong></span> 
     </span>
    </p>
   </div>
   <div class='ocr_carea' id='block_1_14' title="bbox 644 1353 2213 1422">
    <p class='ocr_par' dir='ltr' id='par_1_14' title="bbox 644 1353 2213 1422">
     <span class='ocr_line' id='line_1_14' title="bbox 644 1353 2213 1422; baseline -0.001 -15"><span class='ocrx_word' id='word_1_86' title='bbox 644 1368 766 1407; x_wconf 86' lang='lat' dir='ltr'><strong>esse</strong></span> <span class='ocrx_word' id='word_1_87' title='bbox 806 1365 1071 1409; x_wconf 88' lang='lat' dir='ltr'><strong>astruens.</strong></span> <span class='ocrx_word' id='word_1_88' title='bbox 1112 1353 1167 1407; x_wconf 85' lang='lat' dir='ltr'><strong>Si</strong></span> <span class='ocrx_word' id='word_1_89' title='bbox 1216 1354 1343 1422; x_wconf 85' lang='lat' dir='ltr'><strong>quid</strong></span> <span class='ocrx_word' id='word_1_90' title='bbox 1376 1366 1552 1408; x_wconf 87' lang='lat' dir='ltr'><strong>autem</strong></span> <span class='ocrx_word' id='word_1_91' title='bbox 1591 1355 1643 1408; x_wconf 93' lang='lat' dir='ltr'><strong>in</strong></span> <span class='ocrx_word' id='word_1_92' title='bbox 1685 1354 1802 1408; x_wconf 85' lang='lat' dir='ltr'><strong>istis</strong></span> <span class='ocrx_word' id='word_1_93' title='bbox 1833 1356 2063 1409; x_wconf 78' lang='lat' dir='ltr'><strong>medium</strong></span> <span class='ocrx_word' id='word_1_94' title='bbox 2110 1365 2213 1419; x_wconf 90' lang='lat' dir='ltr'><strong>est,</strong></span> 
     </span>
    </p>
   </div>
   <div class='ocr_carea' id='block_1_15' title="bbox 646 1444 2218 1514">
    <p class='ocr_par' dir='ltr' id='par_1_15' title="bbox 646 1444 2218 1514">
     <span class='ocr_line' id='line_1_15' title="bbox 646 1444 2218 1514; baseline 0 -14"><span class='ocrx_word' id='word_1_95' title='bbox 646 1445 699 1500; x_wconf 96' lang='lat' dir='ltr'><strong>id</strong></span> <span class='ocrx_word' id='word_1_96' title='bbox 728 1444 910 1514; x_wconf 88' lang='lat' dir='ltr'><strong>utique</strong></span> <span class='ocrx_word' id='word_1_97' title='bbox 945 1461 1047 1497; x_wconf 91' lang='lat' dir='ltr'><strong>una</strong></span> <span class='ocrx_word' id='word_1_98' title='bbox 1092 1461 1211 1499; x_wconf 91' lang='lat' dir='ltr'><strong>cum</strong></span> <span class='ocrx_word' id='word_1_99' title='bbox 1259 1445 1387 1514; x_wconf 90' lang='lat' dir='ltr'><strong>ipsis</strong></span> <span class='ocrx_word' id='word_1_100' title='bbox 1420 1446 1613 1499; x_wconf 89' lang='lat' dir='ltr'><strong>linibus</strong></span> <span class='ocrx_word' id='word_1_101' title='bbox 1642 1446 1840 1499; x_wconf 78' lang='lat' dir='ltr'><strong>factmn</strong></span> <span class='ocrx_word' id='word_1_102' title='bbox 1874 1455 1977 1502; x_wconf 89' lang='lat' dir='ltr'><strong>est.</strong></span> <span class='ocrx_word' id='word_1_103' title='bbox 2016 1445 2218 1512; x_wconf 79' lang='lat' dir='ltr'><strong>Quam-</strong></span> 
     </span>
    </p>
   </div>
   <div class='ocr_carea' id='block_1_16' title="bbox 646 1538 2215 1609">
    <p class='ocr_par' dir='ltr' id='par_1_16' title="bbox 646 1538 2215 1609">
     <span class='ocr_line' id='line_1_16' title="bbox 646 1538 2215 1609; baseline 0.001 -17"><span class='ocrx_word' id='word_1_104' title='bbox 646 1538 829 1594; x_wconf 89' lang='lat' dir='ltr'><strong>obrem</strong></span> <span class='ocrx_word' id='word_1_105' title='bbox 882 1539 1090 1593; x_wconf 88' lang='lat' dir='ltr'><strong>etiamsi</strong></span> <span class='ocrx_word' id='word_1_106' title='bbox 1143 1539 1207 1593; x_wconf 89' lang='lat' dir='ltr'><strong>de</strong></span> <span class='ocrx_word' id='word_1_107' title='bbox 1262 1539 1482 1607; x_wconf 86' lang='lat' dir='ltr'><strong>reliquis</strong></span> <span class='ocrx_word' id='word_1_108' title='bbox 1536 1540 1837 1601; x_wconf 89' lang='lat' dir='ltr'><strong>elementis,</strong></span> <span class='ocrx_word' id='word_1_109' title='bbox 1892 1540 2031 1605; x_wconf 80' lang='lat' dir='ltr'><strong>igne.</strong></span> <span class='ocrx_word' id='word_1_110' title='bbox 2075 1555 2215 1609; x_wconf 89' lang='lat' dir='ltr'><strong>aqua</strong></span> 
     </span>
    </p>
   </div>
   <div class='ocr_carea' id='block_1_17' title="bbox 650 1630 2216 1693">
    <p class='ocr_par' dir='ltr' id='par_1_17' title="bbox 650 1630 2216 1693">
     <span class='ocr_line' id='line_1_17' title="bbox 650 1630 2216 1693; baseline 0.004 -10"><span class='ocrx_word' id='word_1_111' title='bbox 650 1640 708 1684; x_wconf 88' lang='lat' dir='ltr'><strong>et</strong></span> <span class='ocrx_word' id='word_1_112' title='bbox 731 1645 857 1684; x_wconf 86' lang='lat' dir='ltr'><strong>aere</strong></span> <span class='ocrx_word' id='word_1_113' title='bbox 887 1630 1023 1685; x_wconf 82' lang='lat' dir='ltr'><strong>nihil</strong></span> <span class='ocrx_word' id='word_1_114' title='bbox 1069 1631 1288 1693; x_wconf 79' lang='lat' dir='ltr'><strong>dixerit,</strong></span> <span class='ocrx_word' id='word_1_115' title='bbox 1325 1641 1438 1686; x_wconf 88' lang='lat' dir='ltr'><strong>tute</strong></span> <span class='ocrx_word' id='word_1_116' title='bbox 1465 1641 1642 1686; x_wconf 88' lang='lat' dir='ltr'><strong>tamen</strong></span> <span class='ocrx_word' id='word_1_117' title='bbox 1673 1632 1850 1687; x_wconf 81' lang='lat' dir='ltr'><strong>omnia</strong></span> <span class='ocrx_word' id='word_1_118' title='bbox 1881 1633 1932 1686; x_wconf 93' lang='lat' dir='ltr'><strong>in</strong></span> <span class='ocrx_word' id='word_1_119' title='bbox 1966 1634 2216 1689; x_wconf 88' lang='lat' dir='ltr'><strong>omnibus</strong></span> 
     </span>
    </p>
   </div>
   <div class='ocr_carea' id='block_1_18' title="bbox 648 1718 2212 1792">
    <p class='ocr_par' dir='ltr' id='par_1_18' title="bbox 648 1718 2212 1792">
     <span class='ocr_line' id='line_1_18' title="bbox 648 1718 2212 1792; baseline 0.003 -20"><span class='ocrx_word' id='word_1_120' title='bbox 648 1720 877 1789; x_wconf 90' lang='lat' dir='ltr'><strong>primum</strong></span> <span class='ocrx_word' id='word_1_121' title='bbox 929 1719 1182 1786; x_wconf 89' lang='lat' dir='ltr'><strong>permista</strong></span> <span class='ocrx_word' id='word_1_122' title='bbox 1228 1718 1392 1772; x_wconf 79' lang='lat' dir='ltr'><strong>fuisse</strong></span> <span class='ocrx_word' id='word_1_123' title='bbox 1438 1736 1534 1787; x_wconf 92' lang='lat' dir='ltr'><strong>pro</strong></span> <span class='ocrx_word' id='word_1_124' title='bbox 1564 1729 1648 1774; x_wconf 91' lang='lat' dir='ltr'><strong>tua</strong></span> <span class='ocrx_word' id='word_1_125' title='bbox 1685 1721 1903 1776; x_wconf 82' lang='lat' dir='ltr'><strong>solertia</strong></span> <span class='ocrx_word' id='word_1_126' title='bbox 1943 1722 2212 1792; x_wconf 81' lang='lat' dir='ltr'><strong>intellige;</strong></span> 
     </span>
    </p>
   </div>
   <div class='ocr_carea' id='block_1_19' title="bbox 2306 530 3924 606">
    <p class='ocr_par' dir='ltr' id='par_1_19' title="bbox 2306 530 3924 606">
     <span class='ocr_line' id='line_1_19' title="bbox 2306 530 3924 606; baseline -0.002 -17"><span class='ocrx_word' id='word_1_127' title='bbox 2306 536 2461 606; x_wconf 81' lang='grc' dir='ltr'>οὐσίᾳ</span> <span class='ocrx_word' id='word_1_128' title='bbox 2485 533 2590 587; x_wconf 83' lang='grc' dir='ltr'><strong>τῶν</strong></span> <span class='ocrx_word' id='word_1_129' title='bbox 2612 534 2768 598; x_wconf 85' lang='grc' dir='ltr'>ὅλων,</span> <span class='ocrx_word' id='word_1_130' title='bbox 2802 534 2897 586; x_wconf 78' lang='grc' dir='ltr'><strong>καὶ</strong></span> <span class='ocrx_word' id='word_1_131' title='bbox 2925 532 2995 585; x_wconf 83' lang='grc' dir='ltr'>τὰ</span> <span class='ocrx_word' id='word_1_132' title='bbox 3028 532 3145 585; x_wconf 83' lang='grc' dir='ltr'>καθ’</span> <span class='ocrx_word' id='word_1_133' title='bbox 3182 531 3407 586; x_wconf 75' lang='grc' dir='ltr'>ἕκαστον</span> <span class='ocrx_word' id='word_1_134' title='bbox 3438 531 3575 602; x_wconf 81' lang='grc' dir='ltr'>μέρη</span> <span class='ocrx_word' id='word_1_135' title='bbox 3611 531 3763 604; x_wconf 66' lang='grc' dir='ltr'>πρὸς</span> <span class='ocrx_word' id='word_1_136' title='bbox 3800 530 3924 586; x_wconf 78' lang='grc' dir='ltr'><strong>ἆλ-</strong></span> 
     </span>
    </p>
   </div>
   <div class='ocr_carea' id='block_1_20' title="bbox 2306 621 3925 698">
    <p class='ocr_par' dir='ltr' id='par_1_20' title="bbox 2306 621 3925 698">
     <span class='ocr_line' id='line_1_20' title="bbox 2306 621 3925 698; baseline -0.002 -19"><span class='ocrx_word' id='word_1_137' title='bbox 2306 626 2441 698; x_wconf 88' lang='grc' dir='ltr'>ληλα</span> <span class='ocrx_word' id='word_1_138' title='bbox 2471 622 2892 696; x_wconf 80' lang='grc' dir='ltr'>συναρμόζοντα,</span> <span class='ocrx_word' id='word_1_139' title='bbox 2917 624 3008 676; x_wconf 78' lang='grc' dir='ltr'><strong>καὶ</strong></span> <span class='ocrx_word' id='word_1_140' title='bbox 3036 622 3094 675; x_wconf 78' lang='grc' dir='ltr'>τὸ</span> <span class='ocrx_word' id='word_1_141' title='bbox 3127 624 3234 675; x_wconf 73' lang='grc' dir='ltr'><strong>πᾶν</strong></span> <span class='ocrx_word' id='word_1_142' title='bbox 3274 622 3528 694; x_wconf 77' lang='grc' dir='ltr'><strong>ὁμόλογον</strong></span> <span class='ocrx_word' id='word_1_143' title='bbox 3570 622 3761 694; x_wconf 82' lang='grc' dir='ltr'>ἐαυτῷ</span> <span class='ocrx_word' id='word_1_144' title='bbox 3806 621 3925 675; x_wconf 77' lang='grc' dir='ltr'>καὶ</span> 
     </span>
    </p>
   </div>
   <div class='ocr_carea' id='block_1_21' title="bbox 2310 715 3925 790">
    <p class='ocr_par' dir='ltr' id='par_1_21' title="bbox 2310 715 3925 790">
     <span class='ocr_line' id='line_1_21' title="bbox 2310 715 3925 790; baseline -0.002 -18"><span class='ocrx_word' id='word_1_145' title='bbox 2310 719 2595 790; x_wconf 77' lang='grc' dir='ltr'><strong>σύμφωνον</strong></span> <span class='ocrx_word' id='word_1_146' title='bbox 2641 717 2732 770; x_wconf 73' lang='grc' dir='ltr'><strong>καὶ</strong></span> <span class='ocrx_word' id='word_1_147' title='bbox 2780 715 3110 786; x_wconf 80' lang='grc' dir='ltr'>ἐναρμονίως</span> <span class='ocrx_word' id='word_1_148' title='bbox 3153 715 3272 785; x_wconf 85' lang='grc' dir='ltr'>ἐχον</span> <span class='ocrx_word' id='word_1_149' title='bbox 3332 715 3717 770; x_wconf 76' lang='grc' dir='ltr'><strong>ἀποτελοῦντα.</strong></span> <span class='ocrx_word' id='word_1_150' title='bbox 3801 718 3925 768; x_wconf 76' lang='grc' dir='ltr'><strong>Ἐν</strong></span> 
     </span>
    </p>
   </div>
   <div class='ocr_carea' id='block_1_22' title="bbox 2308 802 3914 879">
    <p class='ocr_par' dir='ltr' id='par_1_22' title="bbox 2308 802 3914 879">
     <span class='ocr_line' id='line_1_22' title="bbox 2308 802 3914 879; baseline -0.007 -13"><span class='ocrx_word' id='word_1_151' title='bbox 2308 808 2466 879; x_wconf 78' lang='grc' dir='ltr'>ἀρχῇ</span> <span class='ocrx_word' id='word_1_152' title='bbox 2496 808 2785 876; x_wconf 78' lang='grc' dir='ltr'>ἐποίησεν</span> <span class='ocrx_word' id='word_1_153' title='bbox 2813 811 2845 860; x_wconf 81' lang='grc' dir='ltr'><strong>ό</strong></span> <span class='ocrx_word' id='word_1_154' title='bbox 2879 806 3021 872; x_wconf 85' lang='grc' dir='ltr'><strong>Θεὸς</strong></span> <span class='ocrx_word' id='word_1_155' title='bbox 3046 806 3153 859; x_wconf 82' lang='grc' dir='ltr'><strong>τὸν</strong></span> <span class='ocrx_word' id='word_1_156' title='bbox 3180 805 3439 873; x_wconf 60' lang='grc' dir='ltr'>οὐρανὸν</span> <span class='ocrx_word' id='word_1_157' title='bbox 3466 807 3561 860; x_wconf 74' lang='grc' dir='ltr'>καὶ</span> <span class='ocrx_word' id='word_1_158' title='bbox 3592 807 3714 873; x_wconf 78' lang='grc' dir='ltr'>τὴν</span> <span class='ocrx_word' id='word_1_159' title='bbox 3746 802 3914 874; x_wconf 75' lang='grc' dir='ltr'><strong>τῆν.</strong></span> 
     </span>
    </p>
   </div>
   <div class='ocr_carea' id='block_1_23' title="bbox 2322 896 3921 969">
    <p class='ocr_par' dir='ltr' id='par_1_23' title="bbox 2322 896 3921 969">
     <span class='ocr_line' id='line_1_23' title="bbox 2322 896 3921 969; baseline -0.006 -13"><span class='ocrx_word' id='word_1_160' title='bbox 2322 902 2417 956; x_wconf 88' lang='grc' dir='ltr'>Ἐκ</span> <span class='ocrx_word' id='word_1_161' title='bbox 2458 901 2550 954; x_wconf 89' lang='grc' dir='ltr'><strong>δύο</strong></span> <span class='ocrx_word' id='word_1_162' title='bbox 2592 899 2699 952; x_wconf 83' lang='grc' dir='ltr'><strong>τῶν</strong></span> <span class='ocrx_word' id='word_1_163' title='bbox 2748 899 2929 969; x_wconf 76' lang='grc' dir='ltr'>ἄκρων</span> <span class='ocrx_word' id='word_1_164' title='bbox 2979 897 3088 967; x_wconf 78' lang='grc'>(55)</span> <span class='ocrx_word' id='word_1_165' title='bbox 3134 896 3228 950; x_wconf 88' lang='grc' dir='ltr'><strong>τοῦ</strong></span> <span class='ocrx_word' id='word_1_166' title='bbox 3276 897 3473 959; x_wconf 76' lang='grc' dir='ltr'>παντὸς</span> <span class='ocrx_word' id='word_1_167' title='bbox 3513 899 3607 967; x_wconf 72' lang='grc' dir='ltr'><strong>τὴν</strong></span> <span class='ocrx_word' id='word_1_168' title='bbox 3642 896 3921 967; x_wconf 77' lang='grc' dir='ltr'>ὕπαρξιν</span> 
     </span>
    </p>
   </div>
   <div class='ocr_carea' id='block_1_24' title="bbox 2312 988 3924 1065">
    <p class='ocr_par' dir='ltr' id='par_1_24' title="bbox 2312 988 3924 1065">
     <span class='ocr_line' id='line_1_24' title="bbox 2312 988 3924 1065; baseline -0.004 -18"><span class='ocrx_word' id='word_1_169' title='bbox 2312 992 2661 1065; x_wconf 79' lang='grc' dir='ltr'>παρῃνίξατο,</span> <span class='ocrx_word' id='word_1_170' title='bbox 2708 990 2784 1060; x_wconf 81' lang='grc' dir='ltr'><strong>τῷ</strong></span> <span class='ocrx_word' id='word_1_171' title='bbox 2822 990 2918 1058; x_wconf 82' lang='grc' dir='ltr'><strong>μὲν</strong></span> <span class='ocrx_word' id='word_1_172' title='bbox 2950 989 3160 1061; x_wconf 86' lang='grc' dir='ltr'>οὐρανῷ</span> <span class='ocrx_word' id='word_1_173' title='bbox 3204 990 3269 1043; x_wconf 83' lang='grc' dir='ltr'>τὰ</span> <span class='ocrx_word' id='word_1_174' title='bbox 3306 990 3565 1061; x_wconf 74' lang='grc' dir='ltr'>πρεσϐεῖα</span> <span class='ocrx_word' id='word_1_175' title='bbox 3602 991 3701 1061; x_wconf 74' lang='grc' dir='ltr'><strong>τῆς</strong></span> <span class='ocrx_word' id='word_1_176' title='bbox 3738 988 3924 1058; x_wconf 79' lang='grc' dir='ltr'><strong>γενέ-</strong></span> 
     </span>
    </p>
   </div>
   <div class='ocr_carea' id='block_1_25' title="bbox 2313 1081 3914 1153">
    <p class='ocr_par' dir='ltr' id='par_1_25' title="bbox 2313 1081 3914 1153">
     <span class='ocr_line' id='line_1_25' title="bbox 2313 1081 3914 1153; baseline 0.016 -32"><span class='ocrx_word' id='word_1_177' title='bbox 2313 1103 2448 1148; x_wconf 78' lang='grc' dir='ltr'>σεως</span> <span class='ocrx_word' id='word_1_178' title='bbox 2487 1083 2736 1145; x_wconf 80' lang='grc' dir='ltr'>ἀποδοὺς,</span> <span class='ocrx_word' id='word_1_179' title='bbox 2774 1081 2871 1152; x_wconf 84' lang='grc' dir='ltr'><strong>τὴν</strong></span> <span class='ocrx_word' id='word_1_180' title='bbox 2904 1082 2959 1135; x_wconf 78' lang='grc' dir='ltr'>δὲ</span> <span class='ocrx_word' id='word_1_181' title='bbox 3008 1082 3113 1152; x_wconf 76' lang='grc' dir='ltr'><strong>γῆν</strong></span> <span class='ocrx_word' id='word_1_182' title='bbox 3166 1081 3496 1153; x_wconf 77' lang='grc' dir='ltr'><strong>δευτερεύειν</strong></span> <span class='ocrx_word' id='word_1_183' title='bbox 3528 1084 3776 1151; x_wconf 70' lang='grc' dir='ltr'>φάμενος</span> <span class='ocrx_word' id='word_1_184' title='bbox 3831 1084 3914 1151; x_wconf 71' lang='grc' dir='ltr'><strong>τῇ</strong></span> 
     </span>
    </p>
   </div>
   <div class='ocr_carea' id='block_1_26' title="bbox 2314 1172 3915 1250">
    <p class='ocr_par' dir='ltr' id='par_1_26' title="bbox 2314 1172 3915 1250">
     <span class='ocr_line' id='line_1_26' title="bbox 2314 1172 3915 1250; baseline -0.005 -18"><span class='ocrx_word' id='word_1_185' title='bbox 2314 1178 2563 1250; x_wconf 76' lang='grc' dir='ltr'>ὑπάρξει.</span> <span class='ocrx_word' id='word_1_186' title='bbox 2613 1176 2834 1237; x_wconf 79' lang='grc' dir='ltr'><strong>Πάντως</strong></span> <span class='ocrx_word' id='word_1_187' title='bbox 2883 1173 2938 1226; x_wconf 83' lang='grc' dir='ltr'>δὲ</span> <span class='ocrx_word' id='word_1_188' title='bbox 2983 1173 3093 1242; x_wconf 68' lang='grc'>(54)</span> <span class='ocrx_word' id='word_1_189' title='bbox 3134 1175 3227 1227; x_wconf 77' lang='grc' dir='ltr'><strong>καὶ</strong></span> <span class='ocrx_word' id='word_1_190' title='bbox 3262 1173 3399 1227; x_wconf 78' lang='grc' dir='ltr'>εἴτι</span> <span class='ocrx_word' id='word_1_191' title='bbox 3448 1172 3645 1227; x_wconf 73' lang='grc' dir='ltr'>τούτων</span> <span class='ocrx_word' id='word_1_192' title='bbox 3691 1174 3915 1242; x_wconf 80' lang='grc' dir='ltr'>μέσον.</span> 
     </span>
    </p>
   </div>
   <div class='ocr_carea' id='block_1_27' title="bbox 2314 1264 3915 1339">
    <p class='ocr_par' dir='ltr' id='par_1_27' title="bbox 2314 1264 3915 1339">
     <span class='ocr_line' id='line_1_27' title="bbox 2314 1264 3915 1339; baseline -0.006 -15"><span class='ocrx_word' id='word_1_193' title='bbox 2314 1268 2715 1339; x_wconf 81' lang='grc' dir='ltr'>συναπεγενήθη</span> <span class='ocrx_word' id='word_1_194' title='bbox 2758 1270 2871 1329; x_wconf 84' lang='grc' dir='ltr'>τοῖς</span> <span class='ocrx_word' id='word_1_195' title='bbox 2913 1265 3156 1336; x_wconf 77' lang='grc' dir='ltr'>πέρασιν.</span> <span class='ocrx_word' id='word_1_196' title='bbox 3198 1267 3355 1319; x_wconf 84' lang='grc' dir='ltr'><strong>Ὥστε</strong></span> <span class='ocrx_word' id='word_1_197' title='bbox 3398 1264 3497 1319; x_wconf 77' lang='grc' dir='ltr'>κᾶν</span> <span class='ocrx_word' id='word_1_198' title='bbox 3547 1266 3710 1336; x_wconf 80' lang='grc' dir='ltr'>μηδὲν</span> <span class='ocrx_word' id='word_1_199' title='bbox 3762 1266 3915 1336; x_wconf 75' lang='grc' dir='ltr'>εἴπῃ</span> 
     </span>
    </p>
   </div>
   <div class='ocr_carea' id='block_1_28' title="bbox 2314 1356 3914 1429">
    <p class='ocr_par' dir='ltr' id='par_1_28' title="bbox 2314 1356 3914 1429">
     <span class='ocr_line' id='line_1_28' title="bbox 2314 1356 3914 1429; baseline -0.003 -16"><span class='ocrx_word' id='word_1_200' title='bbox 2314 1361 2441 1427; x_wconf 69' lang='grc' dir='ltr'>περὶ</span> <span class='ocrx_word' id='word_1_201' title='bbox 2475 1360 2582 1412; x_wconf 83' lang='grc' dir='ltr'><strong>τῶν</strong></span> <span class='ocrx_word' id='word_1_202' title='bbox 2611 1359 2918 1429; x_wconf 84' lang='grc' dir='ltr'><strong>στοιχείων,</strong></span> <span class='ocrx_word' id='word_1_203' title='bbox 2956 1356 3153 1426; x_wconf 81' lang='grc' dir='ltr'>πυρὸς,</span> <span class='ocrx_word' id='word_1_204' title='bbox 3193 1358 3284 1410; x_wconf 75' lang='grc' dir='ltr'><strong>καὶ</strong></span> <span class='ocrx_word' id='word_1_205' title='bbox 3322 1356 3537 1423; x_wconf 79' lang='grc' dir='ltr'>ὓδατος,</span> <span class='ocrx_word' id='word_1_206' title='bbox 3569 1359 3657 1410; x_wconf 74' lang='grc' dir='ltr'><strong>καὶ</strong></span> <span class='ocrx_word' id='word_1_207' title='bbox 3692 1357 3914 1428; x_wconf 77' lang='grc' dir='ltr'>ἀέρος,</span> 
     </span>
    </p>
   </div>
   <div class='ocr_carea' id='block_1_29' title="bbox 2315 1445 3915 1518">
    <p class='ocr_par' dir='ltr' id='par_1_29' title="bbox 2315 1445 3915 1518">
     <span class='ocr_line' id='line_1_29' title="bbox 2315 1445 3915 1518; baseline -0.003 -16"><span class='ocrx_word' id='word_1_208' title='bbox 2315 1450 2449 1503; x_wconf 79' lang='grc' dir='ltr'>ἀλλὰ</span> <span class='ocrx_word' id='word_1_209' title='bbox 2474 1451 2536 1502; x_wconf 82' lang='grc' dir='ltr'><strong>σύ</strong></span> <span class='ocrx_word' id='word_1_210' title='bbox 2579 1451 2642 1518; x_wconf 81' lang='grc' dir='ltr'>τῇ</span> <span class='ocrx_word' id='word_1_211' title='bbox 2677 1449 2827 1518; x_wconf 73' lang='grc' dir='ltr'>παρὰ</span> <span class='ocrx_word' id='word_1_212' title='bbox 2873 1445 3069 1500; x_wconf 87' lang='grc' dir='ltr'>σαυτοῦ</span> <span class='ocrx_word' id='word_1_213' title='bbox 3110 1446 3316 1499; x_wconf 81' lang='grc' dir='ltr'>συνέσει</span> <span class='ocrx_word' id='word_1_214' title='bbox 3350 1448 3496 1511; x_wconf 86' lang='grc' dir='ltr'>νόει,</span> <span class='ocrx_word' id='word_1_215' title='bbox 3534 1448 3750 1516; x_wconf 81' lang='grc' dir='ltr'>πρῶτον</span> <span class='ocrx_word' id='word_1_216' title='bbox 3798 1447 3915 1517; x_wconf 72' lang='grc' dir='ltr'>μὲν</span> 
     </span>
    </p>
   </div>
   <div class='ocr_carea' id='block_1_30' title="bbox 2315 1538 3917 1610">
    <p class='ocr_par' dir='ltr' id='par_1_30' title="bbox 2315 1538 3917 1610">
     <span class='ocr_line' id='line_1_30' title="bbox 2315 1538 3917 1610; baseline -0.003 -16"><span class='ocrx_word' id='word_1_217' title='bbox 2315 1543 2396 1594; x_wconf 85' lang='grc' dir='ltr'>ὅτι</span> <span class='ocrx_word' id='word_1_218' title='bbox 2432 1541 2606 1595; x_wconf 86' lang='grc' dir='ltr'>πάντα</span> <span class='ocrx_word' id='word_1_219' title='bbox 2633 1541 2689 1591; x_wconf 92' lang='grc' dir='ltr'>ἐν</span> <span class='ocrx_word' id='word_1_220' title='bbox 2716 1540 2845 1591; x_wconf 80' lang='grc' dir='ltr'>πᾶσι</span> <span class='ocrx_word' id='word_1_221' title='bbox 2881 1538 3161 1608; x_wconf 82' lang='grc' dir='ltr'>μέμικται,</span> <span class='ocrx_word' id='word_1_222' title='bbox 3202 1539 3293 1591; x_wconf 73' lang='grc' dir='ltr'><strong>καὶ</strong></span> <span class='ocrx_word' id='word_1_223' title='bbox 3321 1539 3377 1591; x_wconf 85' lang='grc' dir='ltr'>ἐν</span> <span class='ocrx_word' id='word_1_224' title='bbox 3412 1542 3480 1610; x_wconf 79' lang='grc' dir='ltr'><strong>γῇ</strong></span> <span class='ocrx_word' id='word_1_225' title='bbox 3511 1540 3767 1609; x_wconf 78' lang='grc' dir='ltr'>εὑρήσεις</span> <span class='ocrx_word' id='word_1_226' title='bbox 3801 1539 3917 1590; x_wconf 71' lang='grc' dir='ltr'><strong>καὶ</strong></span> 
     </span>
    </p>
   </div>
   <div class='ocr_carea' id='block_1_31' title="bbox 2317 1628 3918 1703">
    <p class='ocr_par' dir='ltr' id='par_1_31' title="bbox 2317 1628 3918 1703">
     <span class='ocr_line' id='line_1_31' title="bbox 2317 1628 3918 1703; baseline -0.002 -17"><span class='ocrx_word' id='word_1_227' title='bbox 2317 1632 2480 1703; x_wconf 74' lang='grc' dir='ltr'>ὕδωρ,</span> <span class='ocrx_word' id='word_1_228' title='bbox 2507 1633 2598 1685; x_wconf 82' lang='grc' dir='ltr'><strong>καὶ</strong></span> <span class='ocrx_word' id='word_1_229' title='bbox 2629 1630 2784 1702; x_wconf 82' lang='grc' dir='ltr'><strong>ἀέρα,</strong></span> <span class='ocrx_word' id='word_1_230' title='bbox 2810 1629 3053 1701; x_wconf 75' lang='grc' dir='ltr'>καὶπῦρ,</span> <span class='ocrx_word' id='word_1_231' title='bbox 3074 1628 3186 1697; x_wconf 79' lang='grc' dir='ltr'>εἴγε</span> <span class='ocrx_word' id='word_1_232' title='bbox 3213 1631 3275 1681; x_wconf 86' lang='grc' dir='ltr'><strong>ἐκ</strong></span> <span class='ocrx_word' id='word_1_233' title='bbox 3298 1629 3457 1682; x_wconf 85' lang='grc' dir='ltr'>λίθων</span> <span class='ocrx_word' id='word_1_234' title='bbox 3486 1631 3579 1701; x_wconf 86' lang='grc' dir='ltr'><strong>μέν</strong></span> <span class='ocrx_word' id='word_1_235' title='bbox 3603 1630 3711 1700; x_wconf 79' lang='grc' dir='ltr'><strong>πῦρ</strong></span> <span class='ocrx_word' id='word_1_236' title='bbox 3740 1628 3918 1696; x_wconf 76' lang='grc' dir='ltr'>ἐξάλ-</span> 
     </span>
    </p>
   </div>
   <div class='ocr_carea' id='block_1_32' title="bbox 2316 1721 3915 1793">
    <p class='ocr_par' dir='ltr' id='par_1_32' title="bbox 2316 1721 3915 1793">
     <span class='ocr_line' id='line_1_32' title="bbox 2316 1721 3915 1793; baseline -0.004 -15"><span class='ocrx_word' id='word_1_237' title='bbox 2316 1724 2485 1787; x_wconf 87' lang='grc' dir='ltr'>λεται,</span> <span class='ocrx_word' id='word_1_238' title='bbox 2522 1726 2584 1776; x_wconf 87' lang='grc' dir='ltr'><strong>ἐκ</strong></span> <span class='ocrx_word' id='word_1_239' title='bbox 2613 1722 2827 1793; x_wconf 82' lang='grc' dir='ltr'>σιδήρου</span> <span class='ocrx_word' id='word_1_240' title='bbox 2853 1722 2927 1786; x_wconf 81' lang='grc' dir='ltr'><strong>δὲ,</strong></span> <span class='ocrx_word' id='word_1_241' title='bbox 2957 1722 3016 1785; x_wconf 84' lang='grc' dir='ltr'><strong>ὃς</strong></span> <span class='ocrx_word' id='word_1_242' title='bbox 3045 1723 3137 1775; x_wconf 73' lang='grc' dir='ltr'>καὶ</span> <span class='ocrx_word' id='word_1_243' title='bbox 3164 1721 3325 1784; x_wconf 81' lang='grc' dir='ltr'>αὐτὸς</span> <span class='ocrx_word' id='word_1_244' title='bbox 3357 1722 3464 1774; x_wconf 80' lang='grc' dir='ltr'>ἀπὸ</span> <span class='ocrx_word' id='word_1_245' title='bbox 3499 1724 3599 1793; x_wconf 79' lang='grc' dir='ltr'><strong>γῆς</strong></span> <span class='ocrx_word' id='word_1_246' title='bbox 3635 1722 3749 1793; x_wconf 81' lang='grc' dir='ltr'>ἔχει</span> <span class='ocrx_word' id='word_1_247' title='bbox 3795 1721 3915 1792; x_wconf 77' lang='grc' dir='ltr'>τὴν</span> 
     </span>
    </p>
   </div>
   <div class='ocr_carea' id='block_1_33' title="bbox 649 1809 2218 1885">
    <p class='ocr_par' dir='ltr' id='par_1_33' title="bbox 649 1809 2215 1880">
     <span class='ocr_line' id='line_1_33' title="bbox 649 1809 2215 1880; baseline 0.003 -18"><span class='ocrx_word' id='word_1_248' title='bbox 649 1818 811 1878; x_wconf 91' lang='lat' dir='ltr'><strong>atque</strong></span> <span class='ocrx_word' id='word_1_249' title='bbox 841 1809 975 1863; x_wconf 86' lang='lat' dir='ltr'><strong>adeo</strong></span> <span class='ocrx_word' id='word_1_250' title='bbox 1001 1823 1221 1875; x_wconf 87' lang='lat' dir='ltr'><strong>aquam,</strong></span> <span class='ocrx_word' id='word_1_251' title='bbox 1250 1823 1539 1879; x_wconf 84' lang='lat' dir='ltr'><strong>acremque</strong></span> <span class='ocrx_word' id='word_1_252' title='bbox 1572 1820 1626 1864; x_wconf 89' lang='lat' dir='ltr'><strong>et</strong></span> <span class='ocrx_word' id='word_1_253' title='bbox 1658 1810 1833 1880; x_wconf 88' lang='lat' dir='ltr'><strong>ignem</strong></span> <span class='ocrx_word' id='word_1_254' title='bbox 1865 1813 1915 1864; x_wconf 90' lang='lat' dir='ltr'><strong>in</strong></span> <span class='ocrx_word' id='word_1_255' title='bbox 1958 1820 2100 1866; x_wconf 87' lang='lat' dir='ltr'><strong>terra</strong></span> <span class='ocrx_word' id='word_1_256' title='bbox 2131 1827 2215 1867; x_wconf 87' lang='lat' dir='ltr'><strong>re-</strong></span> 
     </span>
    </p>
   </div>
   <div class='ocr_carea' id='block_1_34' title="bbox 2320 1809 3915 1885">
    <p class='ocr_par' dir='ltr' id='par_1_34' title="bbox 2320 1813 3915 1885">
     <span class='ocr_line' id='line_1_34' title="bbox 2320 1813 3915 1885; baseline -0.003 -16"><span class='ocrx_word' id='word_1_257' title='bbox 2320 1816 2551 1885; x_wconf 85' lang='grc' dir='ltr'>γένεσιν,</span> <span class='ocrx_word' id='word_1_258' title='bbox 2586 1813 2697 1885; x_wconf 88' lang='grc' dir='ltr'><strong>πῦρ</strong></span> <span class='ocrx_word' id='word_1_259' title='bbox 2724 1813 2951 1883; x_wconf 70' lang='grc' dir='ltr'>ἄφθονον</span> <span class='ocrx_word' id='word_1_260' title='bbox 2983 1816 3039 1867; x_wconf 92' lang='grc' dir='ltr'>ἐν</span> <span class='ocrx_word' id='word_1_261' title='bbox 3084 1817 3201 1878; x_wconf 84' lang='grc' dir='ltr'>ταῖς</span> <span class='ocrx_word' id='word_1_262' title='bbox 3244 1814 3604 1884; x_wconf 77' lang='grc' dir='ltr'>παρατρίψεσι</span> <span class='ocrx_word' id='word_1_263' title='bbox 3641 1815 3915 1883; x_wconf 66' lang='grc' dir='ltr'>πέφυκεν</span> 
     </span>
    </p>
   </div>
   <div class='ocr_carea' id='block_1_35' title="bbox 647 1899 2209 1974">
    <p class='ocr_par' dir='ltr' id='par_1_35' title="bbox 647 1899 2209 1974">
     <span class='ocr_line' id='line_1_35' title="bbox 647 1899 2209 1974; baseline 0.002 -20"><span class='ocrx_word' id='word_1_264' title='bbox 647 1913 897 1969; x_wconf 89' lang='lat' dir='ltr'><strong>perturus</strong></span> <span class='ocrx_word' id='word_1_265' title='bbox 916 1916 994 1955; x_wconf 87' lang='lat' dir='ltr'><strong>es.</strong></span> <span class='ocrx_word' id='word_1_266' title='bbox 1020 1899 1154 1955; x_wconf 85' lang='lat' dir='ltr'><strong>Nam</strong></span> <span class='ocrx_word' id='word_1_267' title='bbox 1181 1915 1248 1956; x_wconf 81' lang='lat' dir='ltr'><strong>ex</strong></span> <span class='ocrx_word' id='word_1_268' title='bbox 1275 1900 1541 1970; x_wconf 85' lang='lat' dir='ltr'><strong>lapidibus</strong></span> <span class='ocrx_word' id='word_1_269' title='bbox 1575 1903 1793 1970; x_wconf 82' lang='lat' dir='ltr'><strong>quidem</strong></span> <span class='ocrx_word' id='word_1_270' title='bbox 1821 1903 1957 1974; x_wconf 81' lang='lat' dir='ltr'><strong>ignis</strong></span> <span class='ocrx_word' id='word_1_271' title='bbox 1986 1905 2167 1959; x_wconf 74' lang='lat' dir='ltr'><strong>exsilit</strong></span> <span class='ocrx_word' id='word_1_272' title='bbox 2194 1921 2209 1957; x_wconf 91' lang='lat'><strong>:</strong></span> 
     </span>
    </p>
   </div>
   <div class='ocr_carea' id='block_1_36' title="bbox 647 1990 2213 2064">
    <p class='ocr_par' dir='ltr' id='par_1_36' title="bbox 647 1990 2213 2064">
     <span class='ocr_line' id='line_1_36' title="bbox 647 1990 2213 2064; baseline 0.002 -19"><span class='ocrx_word' id='word_1_273' title='bbox 647 2006 717 2045; x_wconf 80' lang='lat' dir='ltr'><strong>ex</strong></span> <span class='ocrx_word' id='word_1_274' title='bbox 745 1990 888 2044; x_wconf 78' lang='lat' dir='ltr'><strong>ferro</strong></span> <span class='ocrx_word' id='word_1_275' title='bbox 928 2004 1082 2054; x_wconf 90' lang='lat' dir='ltr'><strong>vero,</strong></span> <span class='ocrx_word' id='word_1_276' title='bbox 1110 1991 1251 2059; x_wconf 90' lang='lat' dir='ltr'><strong>quod</strong></span> <span class='ocrx_word' id='word_1_277' title='bbox 1289 1991 1463 2059; x_wconf 87' lang='lat' dir='ltr'><strong>ipsum</strong></span> <span class='ocrx_word' id='word_1_278' title='bbox 1505 1992 1668 2045; x_wconf 89' lang='lat' dir='ltr'><strong>etiam</strong></span> <span class='ocrx_word' id='word_1_279' title='bbox 1696 2003 1902 2047; x_wconf 89' lang='lat' dir='ltr'><strong>eterra</strong></span> <span class='ocrx_word' id='word_1_280' title='bbox 1949 1994 2213 2064; x_wconf 81' lang='lat' dir='ltr'><strong>originem</strong></span> 
     </span>
    </p>
   </div>
   <div class='ocr_carea' id='block_1_37' title="bbox 647 2081 2215 2151">
    <p class='ocr_par' dir='ltr' id='par_1_37' title="bbox 647 2081 2215 2151">
     <span class='ocr_line' id='line_1_37' title="bbox 647 2081 2215 2151; baseline 0.003 -15"><span class='ocrx_word' id='word_1_281' title='bbox 647 2081 840 2148; x_wconf 84' lang='lat' dir='ltr'><strong>trabit,</strong></span> <span class='ocrx_word' id='word_1_282' title='bbox 880 2082 1017 2151; x_wconf 86' lang='lat' dir='ltr'><strong>ignis</strong></span> <span class='ocrx_word' id='word_1_283' title='bbox 1064 2081 1344 2135; x_wconf 87' lang='lat' dir='ltr'><strong>abundans</strong></span> <span class='ocrx_word' id='word_1_284' title='bbox 1378 2083 1430 2134; x_wconf 92' lang='lat' dir='ltr'><strong>in</strong></span> <span class='ocrx_word' id='word_1_285' title='bbox 1460 2081 1671 2137; x_wconf 75' lang='lat' dir='ltr'><strong>aﬂrictu</strong></span> <span class='ocrx_word' id='word_1_286' title='bbox 1701 2085 1938 2140; x_wconf 87' lang='lat' dir='ltr'><strong>emicare</strong></span> <span class='ocrx_word' id='word_1_287' title='bbox 1968 2086 2127 2140; x_wconf 86' lang='lat' dir='ltr'><strong>solet.</strong></span> <span class='ocrx_word' id='word_1_288' title='bbox 2159 2085 2215 2141; x_wconf 92' lang='lat' dir='ltr'><strong>Id</strong></span> 
     </span>
    </p>
   </div>
   <div class='ocr_carea' id='block_1_38' title="bbox 647 2171 2215 2248">
    <p class='ocr_par' dir='ltr' id='par_1_38' title="bbox 647 2171 2215 2248">
     <span class='ocr_line' id='line_1_38' title="bbox 647 2171 2215 2248; baseline 0.004 -22"><span class='ocrx_word' id='word_1_289' title='bbox 647 2188 863 2244; x_wconf 91' lang='lat' dir='ltr'><strong>quoque</strong></span> <span class='ocrx_word' id='word_1_290' title='bbox 906 2187 1004 2241; x_wconf 89' lang='lat' dir='ltr'><strong>par</strong></span> <span class='ocrx_word' id='word_1_291' title='bbox 1028 2171 1192 2227; x_wconf 77' lang='lat' dir='ltr'><strong>fuerit</strong></span> <span class='ocrx_word' id='word_1_292' title='bbox 1221 2175 1496 2238; x_wconf 90' lang='lat' dir='ltr'><strong>admirari,</strong></span> <span class='ocrx_word' id='word_1_293' title='bbox 1533 2176 1802 2244; x_wconf 90' lang='lat' dir='ltr'><strong>quomodo</strong></span> <span class='ocrx_word' id='word_1_294' title='bbox 1852 2177 1989 2247; x_wconf 85' lang='lat' dir='ltr'><strong>ignis</strong></span> <span class='ocrx_word' id='word_1_295' title='bbox 2016 2179 2105 2248; x_wconf 92' lang='lat' dir='ltr'><strong>qui</strong></span> <span class='ocrx_word' id='word_1_296' title='bbox 2130 2178 2215 2232; x_wconf 89' lang='lat' dir='ltr'><strong>in-</strong></span> 
     </span>
    </p>
   </div>
   <div class='ocr_carea' id='block_1_39' title="bbox 648 2266 2215 2336">
    <p class='ocr_par' dir='ltr' id='par_1_39' title="bbox 648 2266 2215 2336">
     <span class='ocr_line' id='line_1_39' title="bbox 648 2266 2215 2336; baseline 0.003 -15"><span class='ocrx_word' id='word_1_297' title='bbox 648 2276 736 2322; x_wconf 85' lang='lat' dir='ltr'><strong>est</strong></span> <span class='ocrx_word' id='word_1_298' title='bbox 778 2266 1118 2336; x_wconf 88' lang='lat' dir='ltr'><strong>corporibus,</strong></span> <span class='ocrx_word' id='word_1_299' title='bbox 1149 2267 1199 2319; x_wconf 95' lang='lat' dir='ltr'><strong>in</strong></span> <span class='ocrx_word' id='word_1_300' title='bbox 1235 2267 1365 2336; x_wconf 90' lang='lat' dir='ltr'><strong>ipsis</strong></span> <span class='ocrx_word' id='word_1_301' title='bbox 1402 2267 1543 2323; x_wconf 90' lang='lat' dir='ltr'><strong>citra</strong></span> <span class='ocrx_word' id='word_1_302' title='bbox 1589 2268 1973 2323; x_wconf 88' lang='lat' dir='ltr'><strong>detrimentum</strong></span> <span class='ocrx_word' id='word_1_303' title='bbox 2027 2271 2215 2325; x_wconf 85' lang='lat' dir='ltr'><strong>delite-</strong></span> 
     </span>
    </p>
   </div>
   <div class='ocr_carea' id='block_1_40' title="bbox 647 2360 2218 2428">
    <p class='ocr_par' dir='ltr' id='par_1_40' title="bbox 647 2360 2218 2428">
     <span class='ocr_line' id='line_1_40' title="bbox 647 2360 2218 2428; baseline -0.001 -12"><span class='ocrx_word' id='word_1_304' title='bbox 647 2367 764 2416; x_wconf 83' lang='lat' dir='ltr'><strong>scat</strong></span> <span class='ocrx_word' id='word_1_305' title='bbox 797 2378 812 2415; x_wconf 89' lang='lat'><strong>:</strong></span> <span class='ocrx_word' id='word_1_306' title='bbox 849 2368 1039 2414; x_wconf 92' lang='lat' dir='ltr'><strong>contra</strong></span> <span class='ocrx_word' id='word_1_307' title='bbox 1067 2374 1152 2424; x_wconf 87' lang='lat' dir='ltr'><strong>ea,</strong></span> <span class='ocrx_word' id='word_1_308' title='bbox 1190 2374 1217 2412; x_wconf 90' lang='lat' dir='ltr'><strong>a</strong></span> <span class='ocrx_word' id='word_1_309' title='bbox 1247 2360 1441 2428; x_wconf 84' lang='lat' dir='ltr'><strong>quibus</strong></span> <span class='ocrx_word' id='word_1_310' title='bbox 1497 2370 1653 2416; x_wconf 86' lang='lat' dir='ltr'><strong>antea</strong></span> <span class='ocrx_word' id='word_1_311' title='bbox 1691 2363 2029 2425; x_wconf 88' lang='lat' dir='ltr'><strong>servabatur,</strong></span> <span class='ocrx_word' id='word_1_312' title='bbox 2054 2364 2218 2418; x_wconf 85' lang='lat' dir='ltr'><strong>simul</strong></span> 
     </span>
    </p>
   </div>
   <div class='ocr_carea' id='block_1_41' title="bbox 648 2450 2215 2512">
    <p class='ocr_par' dir='ltr' id='par_1_41' title="bbox 648 2450 2215 2512">
     <span class='ocr_line' id='line_1_41' title="bbox 648 2450 2215 2512; baseline 0.003 -8"><span class='ocrx_word' id='word_1_313' title='bbox 648 2462 709 2504; x_wconf 91' lang='lat' dir='ltr'><strong>ut</strong></span> <span class='ocrx_word' id='word_1_314' title='bbox 737 2450 882 2506; x_wconf 80' lang='lat' dir='ltr'><strong>foras</strong></span> <span class='ocrx_word' id='word_1_315' title='bbox 910 2452 1140 2507; x_wconf 81' lang='lat' dir='ltr'><strong>eductus</strong></span> <span class='ocrx_word' id='word_1_316' title='bbox 1172 2461 1274 2512; x_wconf 85' lang='lat' dir='ltr'><strong>est.</strong></span> <span class='ocrx_word' id='word_1_317' title='bbox 1308 2453 1575 2508; x_wconf 84' lang='lat' dir='ltr'><strong>absumat.</strong></span> <span class='ocrx_word' id='word_1_318' title='bbox 1620 2454 1999 2508; x_wconf 85' lang='lat' dir='ltr'><strong>Demonstrant</strong></span> <span class='ocrx_word' id='word_1_319' title='bbox 2034 2463 2215 2509; x_wconf 85' lang='lat' dir='ltr'><strong>autem</strong></span> 
     </span>
    </p>
   </div>
   <div class='ocr_carea' id='block_1_42' title="bbox 648 2545 2211 2614">
    <p class='ocr_par' dir='ltr' id='par_1_42' title="bbox 648 2545 2211 2614">
     <span class='ocr_line' id='line_1_42' title="bbox 648 2545 2211 2614; baseline 0.004 -19"><span class='ocrx_word' id='word_1_320' title='bbox 648 2553 936 2611; x_wconf 89' lang='lat' dir='ltr'><strong>puteorum</strong></span> <span class='ocrx_word' id='word_1_321' title='bbox 997 2545 1233 2599; x_wconf 90' lang='lat' dir='ltr'><strong>l&#39;ossores</strong></span> <span class='ocrx_word' id='word_1_322' title='bbox 1283 2560 1436 2614; x_wconf 81' lang='lat' dir='ltr'><strong>aquae</strong></span> <span class='ocrx_word' id='word_1_323' title='bbox 1485 2558 1732 2598; x_wconf 87' lang='lat' dir='ltr'><strong>naturam</strong></span> <span class='ocrx_word' id='word_1_324' title='bbox 1784 2555 1943 2601; x_wconf 85' lang='lat' dir='ltr'><strong>terrae</strong></span> <span class='ocrx_word' id='word_1_325' title='bbox 1995 2546 2211 2601; x_wconf 88' lang='lat' dir='ltr'><strong>insitam</strong></span> 
     </span>
    </p>
   </div>
   <div class='ocr_carea' id='block_1_43' title="bbox 647 2637 2218 2709">
    <p class='ocr_par' dir='ltr' id='par_1_43' title="bbox 647 2637 2218 2709">
     <span class='ocr_line' id='line_1_43' title="bbox 647 2637 2218 2709; baseline 0.004 -21"><span class='ocrx_word' id='word_1_326' title='bbox 647 2649 769 2689; x_wconf 91' lang='lat' dir='ltr'><strong>esse</strong></span> <span class='ocrx_word' id='word_1_327' title='bbox 802 2652 815 2688; x_wconf 92' lang='lat'><strong>:</strong></span> <span class='ocrx_word' id='word_1_328' title='bbox 850 2637 978 2704; x_wconf 91' lang='lat' dir='ltr'><strong>quin</strong></span> <span class='ocrx_word' id='word_1_329' title='bbox 1010 2646 1064 2691; x_wconf 90' lang='lat' dir='ltr'><strong>et</strong></span> <span class='ocrx_word' id='word_1_330' title='bbox 1097 2638 1243 2693; x_wconf 86' lang='lat' dir='ltr'><strong>aeris</strong></span> <span class='ocrx_word' id='word_1_331' title='bbox 1284 2648 1532 2692; x_wconf 90' lang='lat' dir='ltr'><strong>naturam</strong></span> <span class='ocrx_word' id='word_1_332' title='bbox 1571 2648 1728 2693; x_wconf 80' lang='lat' dir='ltr'><strong>terrae</strong></span> <span class='ocrx_word' id='word_1_333' title='bbox 1755 2637 1928 2693; x_wconf 89' lang='lat' dir='ltr'><strong>inesse</strong></span> <span class='ocrx_word' id='word_1_334' title='bbox 1966 2653 2218 2709; x_wconf 90' lang='lat' dir='ltr'><strong>compro—</strong></span> 
     </span>
    </p>
   </div>
   <div class='ocr_carea' id='block_1_44' title="bbox 646 2726 2205 2787">
    <p class='ocr_par' dir='ltr' id='par_1_44' title="bbox 646 2726 2205 2787">
     <span class='ocr_line' id='line_1_44' title="bbox 646 2726 2205 2787; baseline 0.003 -5"><span class='ocrx_word' id='word_1_335' title='bbox 646 2726 778 2782; x_wconf 86' lang='lat' dir='ltr'><strong>bant</strong></span> <span class='ocrx_word' id='word_1_336' title='bbox 831 2731 1044 2785; x_wconf 73' lang='lat' dir='ltr'><strong>emissa:</strong></span> <span class='ocrx_word' id='word_1_337' title='bbox 1096 2730 1199 2785; x_wconf 74' lang='lat' dir='ltr'><strong>illae</strong></span> <span class='ocrx_word' id='word_1_338' title='bbox 1237 2746 1452 2785; x_wconf 89' lang='lat' dir='ltr'><strong>sursum</strong></span> <span class='ocrx_word' id='word_1_339' title='bbox 1480 2746 1510 2785; x_wconf 94' lang='lat' dir='ltr'><strong>e</strong></span> <span class='ocrx_word' id='word_1_340' title='bbox 1543 2741 1687 2785; x_wconf 88' lang='lat' dir='ltr'><strong>terra</strong></span> <span class='ocrx_word' id='word_1_341' title='bbox 1742 2731 2050 2786; x_wconf 86' lang='lat' dir='ltr'><strong>bumectata</strong></span> <span class='ocrx_word' id='word_1_342' title='bbox 2089 2742 2142 2786; x_wconf 87' lang='lat' dir='ltr'><strong>et</strong></span> <span class='ocrx_word' id='word_1_343' title='bbox 2176 2747 2205 2787; x_wconf 90' lang='lat' dir='ltr'><strong>a</strong></span> 
     </span>
    </p>
   </div>
   <div class='ocr_carea' id='block_1_45' title="bbox 650 2818 2219 2879">
    <p class='ocr_par' dir='ltr' id='par_1_45' title="bbox 650 2818 2219 2879">
     <span class='ocr_line' id='line_1_45' title="bbox 650 2818 2219 2879; baseline 0.003 -6"><span class='ocrx_word' id='word_1_344' title='bbox 650 2818 764 2874; x_wconf 89' lang='lat' dir='ltr'><strong>sole</strong></span> <span class='ocrx_word' id='word_1_345' title='bbox 788 2821 1042 2875; x_wconf 80' lang='lat' dir='ltr'><strong>calefacta</strong></span> <span class='ocrx_word' id='word_1_346' title='bbox 1097 2824 1484 2878; x_wconf 80' lang='lat' dir='ltr'><strong>exbalationes.</strong></span> <span class='ocrx_word' id='word_1_347' title='bbox 1517 2824 1717 2879; x_wconf 86' lang='lat' dir='ltr'><strong>Deinde</strong></span> <span class='ocrx_word' id='word_1_348' title='bbox 1746 2825 2092 2879; x_wconf 66' lang='lat' dir='ltr'><strong>cum-caelum</strong></span> <span class='ocrx_word' id='word_1_349' title='bbox 2125 2840 2219 2877; x_wconf 89' lang='lat' dir='ltr'><strong>na-</strong></span> 
     </span>
    </p>
   </div>
   <div class='ocr_carea' id='block_1_46' title="bbox 651 2910 2220 2983">
    <p class='ocr_par' dir='ltr' id='par_1_46' title="bbox 651 2910 2220 2983">
     <span class='ocr_line' id='line_1_46' title="bbox 651 2910 2220 2983; baseline 0.002 -19"><span class='ocrx_word' id='word_1_350' title='bbox 651 2919 771 2965; x_wconf 85' lang='lat' dir='ltr'><strong>tura</strong></span> <span class='ocrx_word' id='word_1_351' title='bbox 823 2910 1000 2967; x_wconf 91' lang='lat' dir='ltr'><strong>locum</strong></span> <span class='ocrx_word' id='word_1_352' title='bbox 1040 2928 1332 2983; x_wconf 91' lang='lat' dir='ltr'><strong>supernum</strong></span> <span class='ocrx_word' id='word_1_353' title='bbox 1376 2924 1625 2983; x_wconf 87' lang='lat' dir='ltr'><strong>occupet,</strong></span> <span class='ocrx_word' id='word_1_354' title='bbox 1678 2926 1820 2969; x_wconf 89' lang='lat' dir='ltr'><strong>terra</strong></span> <span class='ocrx_word' id='word_1_355' title='bbox 1858 2929 1987 2968; x_wconf 91' lang='lat' dir='ltr'><strong>vero</strong></span> <span class='ocrx_word' id='word_1_356' title='bbox 2038 2914 2220 2968; x_wconf 77' lang='lat' dir='ltr'><strong>intima</strong></span> 
     </span>
    </p>
   </div>
   <div class='ocr_carea' id='block_1_47' title="bbox 652 3004 2216 3075">
    <p class='ocr_par' dir='ltr' id='par_1_47' title="bbox 652 3004 2216 3075">
     <span class='ocr_line' id='line_1_47' title="bbox 652 3004 2216 3075; baseline 0.001 -17"><span class='ocrx_word' id='word_1_357' title='bbox 652 3004 726 3058; x_wconf 76' lang='lat' dir='ltr'><strong>sit</strong></span> <span class='ocrx_word' id='word_1_358' title='bbox 754 3021 767 3057; x_wconf 90' lang='lat'>:</span> <span class='ocrx_word' id='word_1_359' title='bbox 796 3007 994 3075; x_wconf 83' lang='lat' dir='ltr'><strong>quippe</strong></span> <span class='ocrx_word' id='word_1_360' title='bbox 1026 3005 1275 3060; x_wconf 82' lang='lat' dir='ltr'><strong>feruntur</strong></span> <span class='ocrx_word' id='word_1_361' title='bbox 1318 3009 1370 3059; x_wconf 90' lang='lat' dir='ltr'><strong>in</strong></span> <span class='ocrx_word' id='word_1_362' title='bbox 1414 3006 1612 3060; x_wconf 65' lang='lat' dir='ltr'><strong>caelum</strong></span> <span class='ocrx_word' id='word_1_363' title='bbox 1659 3005 1826 3070; x_wconf 86' lang='lat' dir='ltr'><strong>levia;</strong></span> <span class='ocrx_word' id='word_1_364' title='bbox 1860 3005 2040 3075; x_wconf 82' lang='lat' dir='ltr'><strong>gravia</strong></span> <span class='ocrx_word' id='word_1_365' title='bbox 2090 3020 2216 3060; x_wconf 87' lang='lat' dir='ltr'><strong>vero</strong></span> 
     </span>
    </p>
   </div>
   <div class='ocr_carea' id='block_1_48' title="bbox 656 3098 2215 3167">
    <p class='ocr_par' dir='ltr' id='par_1_48' title="bbox 656 3098 2215 3167">
     <span class='ocr_line' id='line_1_48' title="bbox 656 3098 2215 3167; baseline 0.002 -19"><span class='ocrx_word' id='word_1_366' title='bbox 656 3110 725 3149; x_wconf 83' lang='lat' dir='ltr'><strong>ex</strong></span> <span class='ocrx_word' id='word_1_367' title='bbox 759 3112 818 3149; x_wconf 87' lang='lat' dir='ltr'><strong>se</strong></span> <span class='ocrx_word' id='word_1_368' title='bbox 850 3108 1077 3167; x_wconf 87' lang='lat' dir='ltr'><strong>vergunt</strong></span> <span class='ocrx_word' id='word_1_369' title='bbox 1108 3098 1160 3150; x_wconf 92' lang='lat' dir='ltr'><strong>in</strong></span> <span class='ocrx_word' id='word_1_370' title='bbox 1196 3106 1422 3160; x_wconf 88' lang='lat' dir='ltr'><strong>terram,</strong></span> <span class='ocrx_word' id='word_1_371' title='bbox 1457 3112 1692 3165; x_wconf 90' lang='lat' dir='ltr'><strong>cumque</strong></span> <span class='ocrx_word' id='word_1_372' title='bbox 1734 3098 1966 3152; x_wconf 83' lang='lat' dir='ltr'><strong>maxime</strong></span> <span class='ocrx_word' id='word_1_373' title='bbox 1994 3110 2215 3152; x_wconf 86' lang='lat' dir='ltr'><strong>contra-</strong></span> 
     </span>
    </p>
   </div>
   <div class='ocr_carea' id='block_1_49' title="bbox 2315 1901 3913 1975">
    <p class='ocr_par' dir='ltr' id='par_1_49' title="bbox 2315 1901 3913 1975">
     <span class='ocr_line' id='line_1_49' title="bbox 2315 1901 3913 1975; baseline -0.003 -16"><span class='ocrx_word' id='word_1_374' title='bbox 2315 1905 2683 1975; x_wconf 85' lang='grc' dir='ltr'>ἀπολάμπειν.</span> <span class='ocrx_word' id='word_1_375' title='bbox 2715 1905 2779 1955; x_wconf 88' lang='grc' dir='ltr'><em>Ὃ</em></span> <span class='ocrx_word' id='word_1_376' title='bbox 2811 1904 2904 1956; x_wconf 77' lang='grc' dir='ltr'>καὶ</span> <span class='ocrx_word' id='word_1_377' title='bbox 2927 1902 3203 1972; x_wconf 85' lang='grc' dir='ltr'>θαυμάσαι</span> <span class='ocrx_word' id='word_1_378' title='bbox 3227 1901 3396 1968; x_wconf 84' lang='grc' dir='ltr'>ἄξιον,</span> <span class='ocrx_word' id='word_1_379' title='bbox 3425 1902 3541 1964; x_wconf 82' lang='grc' dir='ltr'>πῶς</span> <span class='ocrx_word' id='word_1_380' title='bbox 3571 1904 3625 1954; x_wconf 89' lang='grc' dir='ltr'><strong>ἐν</strong></span> <span class='ocrx_word' id='word_1_381' title='bbox 3654 1903 3758 1971; x_wconf 85' lang='grc' dir='ltr'><strong>μὲν</strong></span> <span class='ocrx_word' id='word_1_382' title='bbox 3780 1906 3913 1966; x_wconf 77' lang='grc' dir='ltr'>τοῖς</span> 
     </span>
    </p>
   </div>
   <div class='ocr_carea' id='block_1_50' title="bbox 2317 1991 3907 2063">
    <p class='ocr_par' dir='ltr' id='par_1_50' title="bbox 2317 1991 3907 2063">
     <span class='ocr_line' id='line_1_50' title="bbox 2317 1991 3907 2063; baseline 0 -18"><span class='ocrx_word' id='word_1_383' title='bbox 2317 1991 2561 2062; x_wconf 82' lang='grc' dir='ltr'>σώμασιν</span> <span class='ocrx_word' id='word_1_384' title='bbox 2582 1991 2821 2062; x_wconf 78' lang='grc' dir='ltr'>ὑπάρχον</span> <span class='ocrx_word' id='word_1_385' title='bbox 2867 1992 2978 2062; x_wconf 80' lang='grc'>(55)</span> <span class='ocrx_word' id='word_1_386' title='bbox 3004 1992 3065 2045; x_wconf 81' lang='grc' dir='ltr'><strong>τὸ</strong></span> <span class='ocrx_word' id='word_1_387' title='bbox 3092 1992 3200 2063; x_wconf 89' lang='grc' dir='ltr'><strong>πῦρ</strong></span> <span class='ocrx_word' id='word_1_388' title='bbox 3221 2033 3235 2054; x_wconf 92' lang='grc'><strong>,</strong></span> <span class='ocrx_word' id='word_1_389' title='bbox 3273 1992 3520 2055; x_wconf 72' lang='grc' dir='ltr'>ἀϐλαϐῶς</span> <span class='ocrx_word' id='word_1_390' title='bbox 3550 1993 3869 2062; x_wconf 67' lang='grc' dir='ltr'>ἐμφωλεύει</span> <span class='ocrx_word' id='word_1_391' title='bbox 3888 2009 3907 2022; x_wconf 71' lang='grc' dir='ltr'><strong>ο</strong></span> 
     </span>
    </p>
   </div>
   <div class='ocr_carea' id='block_1_51' title="bbox 2316 2080 3913 2155">
    <p class='ocr_par' dir='ltr' id='par_1_51' title="bbox 2316 2080 3913 2155">
     <span class='ocr_line' id='line_1_51' title="bbox 2316 2080 3913 2155; baseline 0 -20"><span class='ocrx_word' id='word_1_392' title='bbox 2316 2082 2619 2155; x_wconf 87' lang='grc' dir='ltr'>προκληθέν</span> <span class='ocrx_word' id='word_1_393' title='bbox 2648 2081 2703 2135; x_wconf 80' lang='grc' dir='ltr'><strong>δέ</strong></span> <span class='ocrx_word' id='word_1_394' title='bbox 2729 2083 2821 2135; x_wconf 71' lang='grc' dir='ltr'>ἐπὶ</span> <span class='ocrx_word' id='word_1_395' title='bbox 2850 2081 2911 2134; x_wconf 82' lang='grc' dir='ltr'><strong>τὸ</strong></span> <span class='ocrx_word' id='word_1_396' title='bbox 2944 2080 3067 2147; x_wconf 78' lang='grc' dir='ltr'>ἔξω,</span> <span class='ocrx_word' id='word_1_397' title='bbox 3101 2083 3466 2154; x_wconf 84' lang='grc' dir='ltr'>δαπανητικόν</span> <span class='ocrx_word' id='word_1_398' title='bbox 3493 2085 3605 2136; x_wconf 88' lang='grc' dir='ltr'>ἐστι</span> <span class='ocrx_word' id='word_1_399' title='bbox 3646 2083 3755 2136; x_wconf 80' lang='grc' dir='ltr'><strong>τῶν</strong></span> <span class='ocrx_word' id='word_1_400' title='bbox 3796 2101 3913 2151; x_wconf 75' lang='grc' dir='ltr'><strong>φυ-</strong></span> 
     </span>
    </p>
   </div>
   <div class='ocr_carea' id='block_1_52' title="bbox 2314 2175 3908 2246">
    <p class='ocr_par' dir='ltr' id='par_1_52' title="bbox 2314 2175 3908 2246">
     <span class='ocr_line' id='line_1_52' title="bbox 2314 2175 3908 2246; baseline -0.001 -17"><span class='ocrx_word' id='word_1_401' title='bbox 2314 2177 2615 2233; x_wconf 84' lang='grc' dir='ltr'>λασσόντων</span> <span class='ocrx_word' id='word_1_402' title='bbox 2645 2175 2799 2238; x_wconf 81' lang='grc' dir='ltr'>τέως.</span> <span class='ocrx_word' id='word_1_403' title='bbox 2826 2176 2934 2245; x_wconf 86' lang='grc' dir='ltr'><strong>Τὴν</strong></span> <span class='ocrx_word' id='word_1_404' title='bbox 2954 2176 3009 2228; x_wconf 79' lang='grc' dir='ltr'><strong>δὲ</strong></span> <span class='ocrx_word' id='word_1_405' title='bbox 3034 2175 3125 2228; x_wconf 88' lang='grc' dir='ltr'><strong>τοῦ</strong></span> <span class='ocrx_word' id='word_1_406' title='bbox 3154 2175 3343 2239; x_wconf 79' lang='grc' dir='ltr'>ὓδατος</span> <span class='ocrx_word' id='word_1_407' title='bbox 3365 2175 3523 2245; x_wconf 73' lang='grc' dir='ltr'>φύσιν</span> <span class='ocrx_word' id='word_1_408' title='bbox 3551 2175 3908 2246; x_wconf 74' lang='grc' dir='ltr'>ἐνυπάρχω-</span> 
     </span>
    </p>
   </div>
   <div class='ocr_carea' id='block_1_53' title="bbox 2318 2264 3909 2337">
    <p class='ocr_par' dir='ltr' id='par_1_53' title="bbox 2318 2264 3909 2337">
     <span class='ocr_line' id='line_1_53' title="bbox 2318 2264 3909 2337; baseline -0.003 -16"><span class='ocrx_word' id='word_1_409' title='bbox 2318 2284 2414 2321; x_wconf 86' lang='grc' dir='ltr'><strong>σαν</strong></span> <span class='ocrx_word' id='word_1_410' title='bbox 2437 2269 2502 2337; x_wconf 80' lang='grc' dir='ltr'>τῇ</span> <span class='ocrx_word' id='word_1_411' title='bbox 2532 2268 2600 2336; x_wconf 81' lang='grc' dir='ltr'><strong>γῇ</strong></span> <span class='ocrx_word' id='word_1_412' title='bbox 2621 2268 2669 2318; x_wconf 87' lang='grc' dir='ltr'>οἱ</span> <span class='ocrx_word' id='word_1_413' title='bbox 2695 2264 2996 2335; x_wconf 84' lang='grc' dir='ltr'>φρεωρύχοι</span> <span class='ocrx_word' id='word_1_414' title='bbox 3020 2264 3315 2319; x_wconf 80' lang='grc' dir='ltr'>δεικνύουσι</span> <span class='ocrx_word' id='word_1_415' title='bbox 3336 2282 3350 2297; x_wconf 88' lang='grc'><strong>·</strong></span> <span class='ocrx_word' id='word_1_416' title='bbox 3380 2267 3471 2319; x_wconf 77' lang='grc' dir='ltr'>καὶ</span> <span class='ocrx_word' id='word_1_417' title='bbox 3494 2265 3589 2337; x_wconf 75' lang='grc' dir='ltr'><strong>τὴν</strong></span> <span class='ocrx_word' id='word_1_418' title='bbox 3614 2265 3704 2319; x_wconf 81' lang='grc' dir='ltr'><strong>τοῦ</strong></span> <span class='ocrx_word' id='word_1_419' title='bbox 3724 2266 3909 2335; x_wconf 82' lang='grc' dir='ltr'>ἀέρος</span> 
     </span>
    </p>
   </div>
   <div class='ocr_carea' id='block_1_54' title="bbox 2316 2355 3909 2427">
    <p class='ocr_par' dir='ltr' id='par_1_54' title="bbox 2316 2355 3909 2427">
     <span class='ocr_line' id='line_1_54' title="bbox 2316 2355 3909 2427; baseline -0.001 -17"><span class='ocrx_word' id='word_1_420' title='bbox 2316 2358 2365 2410; x_wconf 77' lang='grc' dir='ltr'>οἱ</span> <span class='ocrx_word' id='word_1_421' title='bbox 2396 2357 2504 2408; x_wconf 81' lang='grc' dir='ltr'>ἀπὸ</span> <span class='ocrx_word' id='word_1_422' title='bbox 2534 2355 2910 2425; x_wconf 83' lang='grc' dir='ltr'>νενοτισμένης</span> <span class='ocrx_word' id='word_1_423' title='bbox 2933 2355 3098 2426; x_wconf 79' lang='grc' dir='ltr'>αὐτῆς</span> <span class='ocrx_word' id='word_1_424' title='bbox 3124 2357 3289 2427; x_wconf 77' lang='grc' dir='ltr'>ἀτμοὶ</span> <span class='ocrx_word' id='word_1_425' title='bbox 3321 2358 3423 2410; x_wconf 82' lang='grc' dir='ltr'><strong>ὐπὸ</strong></span> <span class='ocrx_word' id='word_1_426' title='bbox 3452 2356 3597 2427; x_wconf 80' lang='grc' dir='ltr'>ἡλίου</span> <span class='ocrx_word' id='word_1_427' title='bbox 3633 2357 3909 2423; x_wconf 62' lang='grc' dir='ltr'>θαλφθεί-</span> 
     </span>
    </p>
   </div>
   <div class='ocr_carea' id='block_1_55' title="bbox 2319 2446 3907 2516">
    <p class='ocr_par' dir='ltr' id='par_1_55' title="bbox 2319 2446 3907 2516">
     <span class='ocr_line' id='line_1_55' title="bbox 2319 2446 3907 2516; baseline -0.002 -17"><span class='ocrx_word' id='word_1_428' title='bbox 2319 2463 2417 2516; x_wconf 83' lang='grc' dir='ltr'>σης</span> <span class='ocrx_word' id='word_1_429' title='bbox 2446 2446 2912 2516; x_wconf 82' lang='grc' dir='ltr'>ἀναπεμπόμενοι.</span> <span class='ocrx_word' id='word_1_430' title='bbox 2944 2447 3169 2500; x_wconf 86' lang='grc' dir='ltr'>Ἔπειτα</span> <span class='ocrx_word' id='word_1_431' title='bbox 3205 2448 3383 2516; x_wconf 80' lang='grc' dir='ltr'>μέντοι</span> <span class='ocrx_word' id='word_1_432' title='bbox 3412 2449 3505 2501; x_wconf 73' lang='grc' dir='ltr'><strong>καὶ</strong></span> <span class='ocrx_word' id='word_1_433' title='bbox 3530 2450 3577 2500; x_wconf 89' lang='grc' dir='ltr'>εἰ</span> <span class='ocrx_word' id='word_1_434' title='bbox 3612 2448 3773 2515; x_wconf 80' lang='grc' dir='ltr'>φύσει</span> <span class='ocrx_word' id='word_1_435' title='bbox 3803 2447 3907 2499; x_wconf 65' lang='grc' dir='ltr'><strong>τὸν</strong></span> 
     </span>
    </p>
   </div>
   <div class='ocr_carea' id='block_1_56' title="bbox 2317 2538 3907 2610">
    <p class='ocr_par' dir='ltr' id='par_1_56' title="bbox 2317 2538 3907 2610">
     <span class='ocr_line' id='line_1_56' title="bbox 2317 2538 3907 2610; baseline -0.001 -16"><span class='ocrx_word' id='word_1_436' title='bbox 2317 2539 2429 2594; x_wconf 81' lang='grc' dir='ltr'>ἄνω</span> <span class='ocrx_word' id='word_1_437' title='bbox 2457 2538 2620 2592; x_wconf 88' lang='grc' dir='ltr'>τόπον</span> <span class='ocrx_word' id='word_1_438' title='bbox 2652 2541 2680 2591; x_wconf 89' lang='grc' dir='ltr'><strong>ό</strong></span> <span class='ocrx_word' id='word_1_439' title='bbox 2711 2539 2932 2610; x_wconf 81' lang='grc' dir='ltr'>οὐρανὸς</span> <span class='ocrx_word' id='word_1_440' title='bbox 2965 2540 3180 2610; x_wconf 80' lang='grc' dir='ltr'>ἐπέχει,</span> <span class='ocrx_word' id='word_1_441' title='bbox 3224 2542 3255 2608; x_wconf 86' lang='grc' dir='ltr'>ἡ</span> <span class='ocrx_word' id='word_1_442' title='bbox 3299 2540 3353 2591; x_wconf 83' lang='grc' dir='ltr'><strong>δέ</strong></span> <span class='ocrx_word' id='word_1_443' title='bbox 3386 2541 3455 2610; x_wconf 84' lang='grc' dir='ltr'><strong>γῆ</strong></span> <span class='ocrx_word' id='word_1_444' title='bbox 3489 2540 3547 2592; x_wconf 72' lang='grc' dir='ltr'><strong>τὸ</strong></span> <span class='ocrx_word' id='word_1_445' title='bbox 3578 2540 3907 2593; x_wconf 75' lang='grc' dir='ltr'>κατώτατόν</span> 
     </span>
    </p>
   </div>
   <div class='ocr_carea' id='block_1_57' title="bbox 2317 2629 3902 2701">
    <p class='ocr_par' dir='ltr' id='par_1_57' title="bbox 2317 2629 3902 2701">
     <span class='ocr_line' id='line_1_57' title="bbox 2317 2629 3902 2701; baseline 0.001 -18"><span class='ocrx_word' id='word_1_446' title='bbox 2317 2631 2465 2683; x_wconf 81' lang='grc' dir='ltr'>ἐστι·</span> <span class='ocrx_word' id='word_1_447' title='bbox 2494 2630 2626 2684; x_wconf 83' lang='grc' dir='ltr'>διότι</span> <span class='ocrx_word' id='word_1_448' title='bbox 2667 2630 2758 2682; x_wconf 80' lang='grc' dir='ltr'>ἐπὶ</span> <span class='ocrx_word' id='word_1_449' title='bbox 2798 2630 2897 2698; x_wconf 84' lang='grc' dir='ltr'><strong>μὲν</strong></span> <span class='ocrx_word' id='word_1_450' title='bbox 2932 2631 3021 2684; x_wconf 78' lang='grc' dir='ltr'>τὸν</span> <span class='ocrx_word' id='word_1_451' title='bbox 3069 2631 3291 2701; x_wconf 81' lang='grc' dir='ltr'>οὐρανὸν</span> <span class='ocrx_word' id='word_1_452' title='bbox 3342 2631 3409 2684; x_wconf 82' lang='grc' dir='ltr'>τὰ</span> <span class='ocrx_word' id='word_1_453' title='bbox 3444 2629 3613 2699; x_wconf 77' lang='grc' dir='ltr'>κοῦφα</span> <span class='ocrx_word' id='word_1_454' title='bbox 3642 2631 3902 2701; x_wconf 76' lang='grc' dir='ltr'>φέρεται,</span> 
     </span>
    </p>
   </div>
   <div class='ocr_carea' id='block_1_58' title="bbox 2318 2722 3906 2795">
    <p class='ocr_par' dir='ltr' id='par_1_58' title="bbox 2318 2722 3906 2795">
     <span class='ocr_line' id='line_1_58' title="bbox 2318 2722 3906 2795; baseline -0.001 -18"><span class='ocrx_word' id='word_1_455' title='bbox 2318 2725 2409 2777; x_wconf 76' lang='grc' dir='ltr'><strong>ἐπὶ</strong></span> <span class='ocrx_word' id='word_1_456' title='bbox 2443 2723 2499 2777; x_wconf 85' lang='grc' dir='ltr'>δὲ</span> <span class='ocrx_word' id='word_1_457' title='bbox 2535 2723 2630 2795; x_wconf 88' lang='grc' dir='ltr'>τὴν</span> <span class='ocrx_word' id='word_1_458' title='bbox 2659 2722 2763 2792; x_wconf 78' lang='grc' dir='ltr'><strong>γῆν</strong></span> <span class='ocrx_word' id='word_1_459' title='bbox 2783 2722 2852 2776; x_wconf 83' lang='grc' dir='ltr'>τὰ</span> <span class='ocrx_word' id='word_1_460' title='bbox 2876 2722 3045 2794; x_wconf 80' lang='grc' dir='ltr'>βαρέα</span> <span class='ocrx_word' id='word_1_461' title='bbox 3075 2723 3283 2792; x_wconf 74' lang='grc' dir='ltr'>πέφυκε</span> <span class='ocrx_word' id='word_1_462' title='bbox 3317 2724 3703 2795; x_wconf 75' lang='grc' dir='ltr'>καταρῤέπειν,</span> <span class='ocrx_word' id='word_1_463' title='bbox 3730 2725 3906 2777; x_wconf 84' lang='grc' dir='ltr'>ἐναν-</span> 
     </span>
    </p>
   </div>
   <div class='ocr_carea' id='block_1_59' title="bbox 2316 2815 3904 2887">
    <p class='ocr_par' dir='ltr' id='par_1_59' title="bbox 2316 2815 3904 2887">
     <span class='ocr_line' id='line_1_59' title="bbox 2316 2815 3904 2887; baseline 0 -18"><span class='ocrx_word' id='word_1_464' title='bbox 2316 2816 2554 2870; x_wconf 81' lang='grc' dir='ltr'>τιώτατα</span> <span class='ocrx_word' id='word_1_465' title='bbox 2579 2816 2635 2869; x_wconf 88' lang='grc' dir='ltr'><strong>δέ</strong></span> <span class='ocrx_word' id='word_1_466' title='bbox 2661 2815 2909 2887; x_wconf 84' lang='grc' dir='ltr'>ἀλλήλοις</span> <span class='ocrx_word' id='word_1_467' title='bbox 2935 2818 2995 2869; x_wconf 86' lang='grc' dir='ltr'><strong>τὸ</strong></span> <span class='ocrx_word' id='word_1_468' title='bbox 3018 2815 3128 2870; x_wconf 75' lang='grc' dir='ltr'>ἄνω</span> <span class='ocrx_word' id='word_1_469' title='bbox 3153 2815 3323 2870; x_wconf 76' lang='grc' dir='ltr'>καὶτὸ</span> <span class='ocrx_word' id='word_1_470' title='bbox 3349 2816 3497 2871; x_wconf 77' lang='grc' dir='ltr'>κάτω</span> <span class='ocrx_word' id='word_1_471' title='bbox 3520 2834 3532 2848; x_wconf 86' lang='grc'><strong>·</strong></span> <span class='ocrx_word' id='word_1_472' title='bbox 3555 2818 3583 2869; x_wconf 86' lang='grc' dir='ltr'><strong>ό</strong></span> <span class='ocrx_word' id='word_1_473' title='bbox 3605 2816 3709 2870; x_wconf 84' lang='grc' dir='ltr'><strong>τῶν</strong></span> <span class='ocrx_word' id='word_1_474' title='bbox 3731 2816 3904 2869; x_wconf 71' lang='grc' dir='ltr'>πλεῖ-</span> 
     </span>
    </p>
   </div>
   <div class='ocr_carea' id='block_1_60' title="bbox 2321 2906 3907 2980">
    <p class='ocr_par' dir='ltr' id='par_1_60' title="bbox 2321 2906 3907 2980">
     <span class='ocr_line' id='line_1_60' title="bbox 2321 2906 3907 2980; baseline 0.001 -21"><span class='ocrx_word' id='word_1_475' title='bbox 2321 2923 2444 2960; x_wconf 90' lang='grc' dir='ltr'>στον</span> <span class='ocrx_word' id='word_1_476' title='bbox 2475 2906 2775 2961; x_wconf 84' lang='grc' dir='ltr'>διεστώτων</span> <span class='ocrx_word' id='word_1_477' title='bbox 2811 2907 2951 2961; x_wconf 83' lang='grc' dir='ltr'>κατὰ</span> <span class='ocrx_word' id='word_1_478' title='bbox 2979 2908 3076 2977; x_wconf 76' lang='grc' dir='ltr'><strong>τὴν</strong></span> <span class='ocrx_word' id='word_1_479' title='bbox 3114 2908 3275 2976; x_wconf 83' lang='grc' dir='ltr'>φύσιν</span> <span class='ocrx_word' id='word_1_480' title='bbox 3298 2908 3667 2980; x_wconf 74' lang='grc' dir='ltr'>ἐπιμνησθεὶς,</span> <span class='ocrx_word' id='word_1_481' title='bbox 3700 2908 3799 2961; x_wconf 74' lang='grc' dir='ltr'><strong>καὶ</strong></span> <span class='ocrx_word' id='word_1_482' title='bbox 3828 2908 3907 2961; x_wconf 75' lang='grc' dir='ltr'>τὰ</span> 
     </span>
    </p>
   </div>
   <div class='ocr_carea' id='block_1_61' title="bbox 2317 2997 3907 3069">
    <p class='ocr_par' dir='ltr' id='par_1_61' title="bbox 2317 2997 3907 3069">
     <span class='ocr_line' id='line_1_61' title="bbox 2317 2997 3907 3069; baseline 0.001 -19"><span class='ocrx_word' id='word_1_483' title='bbox 2317 2997 2415 3069; x_wconf 80' lang='grc' dir='ltr'><strong>τὴν</strong></span> <span class='ocrx_word' id='word_1_484' title='bbox 2443 2998 2611 3067; x_wconf 80' lang='grc' dir='ltr'>μέσην</span> <span class='ocrx_word' id='word_1_485' title='bbox 2650 2998 2855 3059; x_wconf 78' lang='grc' dir='ltr'>τούτοις</span> <span class='ocrx_word' id='word_1_486' title='bbox 2890 2999 3263 3068; x_wconf 84' lang='grc' dir='ltr'>ἐκπληροῦντα</span> <span class='ocrx_word' id='word_1_487' title='bbox 3292 2998 3472 3068; x_wconf 83' lang='grc' dir='ltr'>χώραν</span> <span class='ocrx_word' id='word_1_488' title='bbox 3500 2999 3907 3068; x_wconf 74' lang='grc' dir='ltr'>συνεκδοχικῶς</span> 
     </span>
    </p>
   </div>
   <div class='ocr_carea' id='block_1_62' title="bbox 2324 3087 3907 3163">
    <p class='ocr_par' dir='ltr' id='par_1_62' title="bbox 2324 3087 3907 3163">
     <span class='ocr_line' id='line_1_62' title="bbox 2324 3087 3907 3163; baseline 0 -19"><span class='ocrx_word' id='word_1_489' title='bbox 2324 3092 2724 3163; x_wconf 81' lang='grc' dir='ltr'>παρεσήμανεν.</span> <span class='ocrx_word' id='word_1_490' title='bbox 2758 3089 2918 3141; x_wconf 83' lang='grc' dir='ltr'>Ὥστε</span> <span class='ocrx_word' id='word_1_491' title='bbox 2938 3089 3012 3158; x_wconf 82' lang='grc' dir='ltr'>μὴ</span> <span class='ocrx_word' id='word_1_492' title='bbox 3040 3087 3191 3159; x_wconf 79' lang='grc' dir='ltr'>ζήτει</span> <span class='ocrx_word' id='word_1_493' title='bbox 3220 3088 3327 3158; x_wconf 71' lang='grc'>(36)</span> <span class='ocrx_word' id='word_1_494' title='bbox 3358 3091 3454 3158; x_wconf 82' lang='grc' dir='ltr'>τὴν</span> <span class='ocrx_word' id='word_1_495' title='bbox 3482 3091 3588 3144; x_wconf 82' lang='grc' dir='ltr'><strong>τῶν</strong></span> <span class='ocrx_word' id='word_1_496' title='bbox 3615 3091 3733 3143; x_wconf 81' lang='grc' dir='ltr'>καθ’</span> <span class='ocrx_word' id='word_1_497' title='bbox 3762 3091 3907 3144; x_wconf 72' lang='lat' dir='ltr'><strong>Exa-</strong></span> 
     </span>
    </p>
   </div>
   <div class='ocr_carea' id='block_1_63' title="bbox 655 3161 2218 3258">
    <p class='ocr_par' dir='ltr' id='par_1_63' title="bbox 655 3185 2216 3258">
     <span class='ocr_line' id='line_1_63' title="bbox 655 3185 2216 3258; baseline 0.001 -17"><span class='ocrx_word' id='word_1_498' title='bbox 655 3185 733 3241; x_wconf 89' lang='lat' dir='ltr'><strong>ria</strong></span> <span class='ocrx_word' id='word_1_499' title='bbox 762 3186 870 3241; x_wconf 90' lang='lat' dir='ltr'><strong>sint</strong></span> <span class='ocrx_word' id='word_1_500' title='bbox 911 3190 1051 3241; x_wconf 86' lang='lat' dir='ltr'><strong>inter</strong></span> <span class='ocrx_word' id='word_1_501' title='bbox 1086 3203 1142 3242; x_wconf 89' lang='lat' dir='ltr'><strong>se</strong></span> <span class='ocrx_word' id='word_1_502' title='bbox 1170 3203 1459 3258; x_wconf 88' lang='lat' dir='ltr'><strong>supernum</strong></span> <span class='ocrx_word' id='word_1_503' title='bbox 1498 3199 1554 3245; x_wconf 90' lang='lat' dir='ltr'><strong>et</strong></span> <span class='ocrx_word' id='word_1_504' title='bbox 1590 3189 1889 3253; x_wconf 81' lang='lat' dir='ltr'><strong>infernum;</strong></span> <span class='ocrx_word' id='word_1_505' title='bbox 1924 3188 2013 3257; x_wconf 91' lang='lat' dir='ltr'><strong>qui</strong></span> <span class='ocrx_word' id='word_1_506' title='bbox 2040 3204 2216 3244; x_wconf 90' lang='lat' dir='ltr'><strong>rerum</strong></span> 
     </span>
    </p>
   </div>
   <div class='ocr_carea' id='block_1_64' title="bbox 2320 3161 3909 3258">
    <p class='ocr_par' dir='ltr' id='par_1_64' title="bbox 2326 3161 3909 3257">
     <span class='ocr_line' id='line_1_64' title="bbox 2326 3161 3909 3257; baseline 0.001 -16"><span class='ocrx_word' id='word_1_507' title='bbox 2326 3161 2448 3241; x_wconf 86' lang='grc' dir='ltr'>στον</span> <span class='ocrx_word' id='word_1_508' title='bbox 2476 3186 2806 3257; x_wconf 82' lang='grc' dir='ltr'>ἐπεξήγησιν</span> <span class='ocrx_word' id='word_1_509' title='bbox 2825 3226 2839 3249; x_wconf 92' lang='grc'><strong>,</strong></span> <span class='ocrx_word' id='word_1_510' title='bbox 2884 3183 3018 3240; x_wconf 80' lang='grc' dir='ltr'>ἀλλὰ</span> <span class='ocrx_word' id='word_1_511' title='bbox 3057 3184 3122 3239; x_wconf 84' lang='grc' dir='ltr'>τὰ</span> <span class='ocrx_word' id='word_1_512' title='bbox 3154 3186 3493 3256; x_wconf 79' lang='grc' dir='ltr'>σιωπηθέντα</span> <span class='ocrx_word' id='word_1_513' title='bbox 3526 3188 3630 3241; x_wconf 86' lang='grc' dir='ltr'>νόει</span> <span class='ocrx_word' id='word_1_514' title='bbox 3664 3186 3747 3241; x_wconf 79' lang='grc' dir='ltr'>διὰ</span> <span class='ocrx_word' id='word_1_515' title='bbox 3779 3187 3909 3243; x_wconf 73' lang='grc' dir='ltr'><strong>τῶν</strong></span> 
     </span>
    </p>
   </div>
   <div class='ocr_carea' id='block_1_65' title="bbox 654 3273 2216 3345">
    <p class='ocr_par' dir='ltr' id='par_1_65' title="bbox 654 3273 2216 3345">
     <span class='ocr_line' id='line_1_65' title="bbox 654 3273 2216 3345; baseline 0.002 -15"><span class='ocrx_word' id='word_1_516' title='bbox 654 3273 964 3345; x_wconf 84' lang='lat' dir='ltr'><strong>longissime</strong></span> <span class='ocrx_word' id='word_1_517' title='bbox 1001 3278 1141 3333; x_wconf 87' lang='lat' dir='ltr'><strong>inter</strong></span> <span class='ocrx_word' id='word_1_518' title='bbox 1172 3293 1231 3333; x_wconf 90' lang='lat' dir='ltr'><strong>se</strong></span> <span class='ocrx_word' id='word_1_519' title='bbox 1287 3290 1481 3333; x_wconf 86' lang='lat' dir='ltr'><strong>natura</strong></span> <span class='ocrx_word' id='word_1_520' title='bbox 1516 3280 1851 3334; x_wconf 86' lang='lat' dir='ltr'><strong>diversarum</strong></span> <span class='ocrx_word' id='word_1_521' title='bbox 1893 3279 2216 3333; x_wconf 86' lang='lat' dir='ltr'><strong>mentionem</strong></span> 
     </span>
    </p>
   </div>
   <div class='ocr_carea' id='block_1_66' title="bbox 2321 3279 2686 3350">
    <p class='ocr_par' dir='ltr' id='par_1_66' title="bbox 2321 3279 2686 3350">
     <span class='ocr_line' id='line_1_66' title="bbox 2321 3279 2686 3350; baseline -0.008 -16"><span class='ocrx_word' id='word_1_522' title='bbox 2321 3279 2686 3350; x_wconf 76' lang='grc' dir='ltr'>δηλωθέντων.</span> 
     </span>
    </p>
   </div>
   <div class='ocr_carea' id='block_1_67' title="bbox 664 3365 3907 3439">
    <p class='ocr_par' dir='ltr' id='par_1_67' title="bbox 664 3365 3907 3439">
     <span class='ocr_line' id='line_1_67' title="bbox 664 3365 3907 3439; baseline 0.001 -20"><span class='ocrx_word' id='word_1_523' title='bbox 664 3365 816 3432; x_wconf 80' lang='lat' dir='ltr'><strong>fecit,</strong></span> <span class='ocrx_word' id='word_1_524' title='bbox 851 3370 1012 3421; x_wconf 85' lang='lat' dir='ltr'><strong>etiam</strong></span> <span class='ocrx_word' id='word_1_525' title='bbox 1082 3384 1144 3422; x_wconf 85' lang='lat' dir='ltr'><strong>ea</strong></span> <span class='ocrx_word' id='word_1_526' title='bbox 1184 3384 1303 3438; x_wconf 77' lang='lat' dir='ltr'><strong>qua:</strong></span> <span class='ocrx_word' id='word_1_527' title='bbox 1348 3370 1619 3438; x_wconf 86' lang='lat' dir='ltr'><strong>regionem</strong></span> <span class='ocrx_word' id='word_1_528' title='bbox 1680 3370 1906 3421; x_wconf 85' lang='lat' dir='ltr'><strong>mediam</strong></span> <span class='ocrx_word' id='word_1_529' title='bbox 1952 3368 2004 3420; x_wconf 91' lang='lat' dir='ltr'><strong>in</strong></span> <span class='ocrx_word' id='word_1_530' title='bbox 2076 3369 2160 3422; x_wconf 86' lang='lat' dir='ltr'><strong>bis</strong></span> <span class='ocrx_word' id='word_1_531' title='bbox 2229 3371 2461 3439; x_wconf 75' lang='lat' dir='ltr'><strong>explent,</strong></span> <span class='ocrx_word' id='word_1_532' title='bbox 2504 3371 2794 3425; x_wconf 83' lang='lat' dir='ltr'><strong>acervatim</strong></span> <span class='ocrx_word' id='word_1_533' title='bbox 2834 3369 3174 3439; x_wconf 80' lang='lat' dir='ltr'><strong>signiﬁcavit.</strong></span> <span class='ocrx_word' id='word_1_534' title='bbox 3234 3369 3411 3437; x_wconf 86' lang='lat' dir='ltr'><strong>Quare</strong></span> <span class='ocrx_word' id='word_1_535' title='bbox 3450 3386 3515 3423; x_wconf 93' lang='lat' dir='ltr'><strong>ne</strong></span> <span class='ocrx_word' id='word_1_536' title='bbox 3560 3369 3907 3438; x_wconf 83' lang='lat' dir='ltr'><strong>singulorum</strong></span> 
     </span>
    </p>
   </div>
   <div class='ocr_carea' id='block_1_68' title="bbox 659 3460 3631 3531">
    <p class='ocr_par' dir='ltr' id='par_1_68' title="bbox 659 3460 3631 3531">
     <span class='ocr_line' id='line_1_68' title="bbox 659 3460 3631 3531; baseline -0.001 -17"><span class='ocrx_word' id='word_1_537' title='bbox 659 3460 915 3528; x_wconf 81' lang='lat' dir='ltr'><strong>exquiras</strong></span> <span class='ocrx_word' id='word_1_538' title='bbox 956 3463 1341 3527; x_wconf 81' lang='lat' dir='ltr'><strong>narrationem,</strong></span> <span class='ocrx_word' id='word_1_539' title='bbox 1396 3463 1490 3517; x_wconf 91' lang='lat' dir='ltr'><strong>sed</strong></span> <span class='ocrx_word' id='word_1_540' title='bbox 1541 3478 1602 3517; x_wconf 89' lang='lat' dir='ltr'><strong>ea</strong></span> <span class='ocrx_word' id='word_1_541' title='bbox 1659 3477 1777 3531; x_wconf 80' lang='lat' dir='ltr'><strong>quae</strong></span> <span class='ocrx_word' id='word_1_542' title='bbox 1831 3471 1955 3516; x_wconf 89' lang='lat' dir='ltr'><strong>sunt</strong></span> <span class='ocrx_word' id='word_1_543' title='bbox 2011 3462 2224 3515; x_wconf 90' lang='lat' dir='ltr'><strong>silentio</strong></span> <span class='ocrx_word' id='word_1_544' title='bbox 2262 3468 2549 3531; x_wconf 67' lang='lat' dir='ltr'><strong>praeterita,</strong></span> <span class='ocrx_word' id='word_1_545' title='bbox 2587 3479 2682 3531; x_wconf 88' lang='lat' dir='ltr'><strong>per</strong></span> <span class='ocrx_word' id='word_1_546' title='bbox 2715 3479 2775 3517; x_wconf 90' lang='lat' dir='ltr'><strong>ea</strong></span> <span class='ocrx_word' id='word_1_547' title='bbox 2815 3478 2932 3530; x_wconf 69' lang='lat' dir='ltr'><strong>qure</strong></span> <span class='ocrx_word' id='word_1_548' title='bbox 2965 3463 3193 3515; x_wconf 87' lang='lat' dir='ltr'><strong>indicata</strong></span> <span class='ocrx_word' id='word_1_549' title='bbox 3220 3472 3343 3514; x_wconf 89' lang='lat' dir='ltr'><strong>sunt</strong></span> <span class='ocrx_word' id='word_1_550' title='bbox 3377 3461 3631 3528; x_wconf 87' lang='lat' dir='ltr'><strong>inlelligc.</strong></span> 
     </span>
    </p>
   </div>
   <div class='ocr_carea' id='block_1_69' title="bbox 730 3549 2229 3620">
    <p class='ocr_par' dir='ltr' id='par_1_69' title="bbox 730 3549 2229 3620">
     <span class='ocr_line' id='line_1_69' title="bbox 730 3549 2229 3620; baseline -0.001 -15"><span class='ocrx_word' id='word_1_551' title='bbox 730 3551 784 3605; x_wconf 89' lang='lat'><strong>8.</strong></span> <span class='ocrx_word' id='word_1_552' title='bbox 827 3549 893 3603; x_wconf 85' lang='lat' dir='ltr'><strong>In</strong></span> <span class='ocrx_word' id='word_1_553' title='bbox 928 3552 1182 3620; x_wconf 79' lang='lat' dir='ltr'><strong>principio</strong></span> <span class='ocrx_word' id='word_1_554' title='bbox 1226 3552 1350 3619; x_wconf 76' lang='lat' dir='ltr'><strong>fecit</strong></span> <span class='ocrx_word' id='word_1_555' title='bbox 1389 3552 1530 3605; x_wconf 77' lang='lat' dir='ltr'><strong>Deus</strong></span> <span class='ocrx_word' id='word_1_556' title='bbox 1580 3552 1763 3607; x_wconf 72' lang='lat' dir='ltr'><strong>caelum</strong></span> <span class='ocrx_word' id='word_1_557' title='bbox 1801 3563 1846 3605; x_wconf 79' lang='lat' dir='ltr'><strong>et</strong></span> <span class='ocrx_word' id='word_1_558' title='bbox 1894 3563 2108 3605; x_wconf 84' lang='lat' dir='ltr'><strong>terram.</strong></span> <span class='ocrx_word' id='word_1_559' title='bbox 2144 3549 2229 3604; x_wconf 91' lang='lat' dir='ltr'><strong>ln-</strong></span> 
     </span>
    </p>
   </div>
   <div class='ocr_carea' id='block_1_70' title="bbox 658 3643 2227 3713">
    <p class='ocr_par' dir='ltr' id='par_1_70' title="bbox 658 3643 2227 3713">
     <span class='ocr_line' id='line_1_70' title="bbox 658 3643 2227 3713; baseline 0.002 -19"><span class='ocrx_word' id='word_1_560' title='bbox 658 3643 882 3713; x_wconf 88' lang='lat' dir='ltr'><strong>quisitio</strong></span> <span class='ocrx_word' id='word_1_561' title='bbox 919 3658 1037 3712; x_wconf 73' lang='lat' dir='ltr'><strong>qua:</strong></span> <span class='ocrx_word' id='word_1_562' title='bbox 1071 3644 1137 3697; x_wconf 88' lang='lat' dir='ltr'><strong>de</strong></span> <span class='ocrx_word' id='word_1_563' title='bbox 1166 3643 1497 3711; x_wconf 83' lang='lat' dir='ltr'><strong>singularum</strong></span> <span class='ocrx_word' id='word_1_564' title='bbox 1547 3659 1724 3696; x_wconf 91' lang='lat' dir='ltr'><strong>rerum</strong></span> <span class='ocrx_word' id='word_1_565' title='bbox 1780 3646 2013 3699; x_wconf 87' lang='lat' dir='ltr'><strong>essentia</strong></span> <span class='ocrx_word' id='word_1_566' title='bbox 2054 3644 2227 3709; x_wconf 72' lang='lat' dir='ltr'><strong>fieret,</strong></span> 
     </span>
    </p>
   </div>
   <div class='ocr_carea' id='block_1_71' title="bbox 661 3734 2229 3806">
    <p class='ocr_par' dir='ltr' id='par_1_71' title="bbox 661 3734 2229 3806">
     <span class='ocr_line' id='line_1_71' title="bbox 661 3734 2229 3806; baseline 0.002 -20"><span class='ocrx_word' id='word_1_567' title='bbox 661 3734 776 3786; x_wconf 85' lang='lat' dir='ltr'><strong>sive</strong></span> <span class='ocrx_word' id='word_1_568' title='bbox 818 3749 1002 3786; x_wconf 87' lang='lat' dir='ltr'><strong>carum</strong></span> <span class='ocrx_word' id='word_1_569' title='bbox 1045 3748 1164 3801; x_wconf 85' lang='lat' dir='ltr'><strong>quae</strong></span> <span class='ocrx_word' id='word_1_570' title='bbox 1191 3735 1291 3788; x_wconf 91' lang='lat' dir='ltr'><strong>sub</strong></span> <span class='ocrx_word' id='word_1_571' title='bbox 1321 3745 1564 3787; x_wconf 85' lang='lat' dir='ltr'><strong>nostram</strong></span> <span class='ocrx_word' id='word_1_572' title='bbox 1594 3736 2106 3806; x_wconf 89' lang='lat' dir='ltr'><strong>contemplationem</strong></span> <span class='ocrx_word' id='word_1_573' title='bbox 2136 3753 2229 3790; x_wconf 89' lang='lat' dir='ltr'><strong>ca—</strong></span> 
     </span>
    </p>
   </div>
   <div class='ocr_carea' id='block_1_72' title="bbox 663 3823 2227 3897">
    <p class='ocr_par' dir='ltr' id='par_1_72' title="bbox 663 3823 2227 3897">
     <span class='ocr_line' id='line_1_72' title="bbox 663 3823 2227 3897; baseline 0.004 -21"><span class='ocrx_word' id='word_1_574' title='bbox 663 3823 819 3888; x_wconf 86' lang='lat' dir='ltr'><strong>dunt,</strong></span> <span class='ocrx_word' id='word_1_575' title='bbox 848 3824 961 3876; x_wconf 88' lang='lat' dir='ltr'><strong>sive</strong></span> <span class='ocrx_word' id='word_1_576' title='bbox 1002 3838 1190 3875; x_wconf 80' lang='lat' dir='ltr'><strong>earum</strong></span> <span class='ocrx_word' id='word_1_577' title='bbox 1234 3840 1351 3892; x_wconf 65' lang='lat' dir='ltr'><strong>quae</strong></span> <span class='ocrx_word' id='word_1_578' title='bbox 1377 3826 1577 3879; x_wconf 87' lang='lat' dir='ltr'><strong>nostris</strong></span> <span class='ocrx_word' id='word_1_579' title='bbox 1604 3828 1852 3881; x_wconf 86' lang='lat' dir='ltr'><strong>sensibus</strong></span> <span class='ocrx_word' id='word_1_580' title='bbox 1883 3828 2227 3897; x_wconf 85' lang='lat' dir='ltr'><strong>objiciuntur,</strong></span> 
     </span>
    </p>
   </div>
   <div class='ocr_carea' id='block_1_73' title="bbox 661 3916 2222 3987">
    <p class='ocr_par' dir='ltr' id='par_1_73' title="bbox 661 3916 2222 3987">
     <span class='ocr_line' id='line_1_73' title="bbox 661 3916 2222 3987; baseline 0.003 -18"><span class='ocrx_word' id='word_1_581' title='bbox 661 3929 966 3970; x_wconf 88' lang='lat' dir='ltr'><strong>sermonem</strong></span> <span class='ocrx_word' id='word_1_582' title='bbox 1019 3916 1235 3987; x_wconf 85' lang='lat' dir='ltr'><strong>longum</strong></span> <span class='ocrx_word' id='word_1_583' title='bbox 1279 3924 1333 3971; x_wconf 88' lang='lat' dir='ltr'><strong>et</strong></span> <span class='ocrx_word' id='word_1_584' title='bbox 1373 3928 1748 3970; x_wconf 83' lang='lat' dir='ltr'><strong>excurrentem</strong></span> <span class='ocrx_word' id='word_1_585' title='bbox 1777 3918 1827 3971; x_wconf 91' lang='lat' dir='ltr'><strong>in</strong></span> <span class='ocrx_word' id='word_1_586' title='bbox 1864 3930 2101 3973; x_wconf 84' lang='lat' dir='ltr'><strong>nostram</strong></span> <span class='ocrx_word' id='word_1_587' title='bbox 2139 3921 2222 3973; x_wconf 89' lang='lat' dir='ltr'><strong>iu-</strong></span> 
     </span>
    </p>
   </div>
   <div class='ocr_carea' id='block_1_74' title="bbox 661 4011 2227 4079">
    <p class='ocr_par' dir='ltr' id='par_1_74' title="bbox 661 4011 2227 4079">
     <span class='ocr_line' id='line_1_74' title="bbox 661 4011 2227 4079; baseline 0.002 -16"><span class='ocrx_word' id='word_1_588' title='bbox 661 4011 1106 4077; x_wconf 79' lang='lat' dir='ltr'><strong>terpretationcm</strong></span> <span class='ocrx_word' id='word_1_589' title='bbox 1162 4011 1475 4076; x_wconf 90' lang='lat' dir='ltr'><strong>induceret,</strong></span> <span class='ocrx_word' id='word_1_590' title='bbox 1530 4012 1966 4079; x_wconf 85' lang='lat' dir='ltr'><strong>quandoquidem</strong></span> <span class='ocrx_word' id='word_1_591' title='bbox 2022 4012 2075 4065; x_wconf 90' lang='lat' dir='ltr'><strong>in</strong></span> <span class='ocrx_word' id='word_1_592' title='bbox 2125 4012 2227 4066; x_wconf 87' lang='lat' dir='ltr'><strong>hoc</strong></span> 
     </span>
    </p>
   </div>
   <div class='ocr_carea' id='block_1_75' title="bbox 661 4100 2229 4173">
    <p class='ocr_par' dir='ltr' id='par_1_75' title="bbox 661 4100 2229 4173">
     <span class='ocr_line' id='line_1_75' title="bbox 661 4100 2229 4173; baseline 0.001 -18"><span class='ocrx_word' id='word_1_593' title='bbox 661 4100 995 4171; x_wconf 81' lang='lat' dir='ltr'><strong>problemate</strong></span> <span class='ocrx_word' id='word_1_594' title='bbox 1028 4104 1378 4170; x_wconf 80' lang='lat' dir='ltr'><strong>expendenda</strong></span> <span class='ocrx_word' id='word_1_595' title='bbox 1407 4105 1567 4158; x_wconf 83' lang='lat' dir='ltr'><strong>verba</strong></span> <span class='ocrx_word' id='word_1_596' title='bbox 1603 4104 1757 4173; x_wconf 90' lang='lat' dir='ltr'><strong>plura</strong></span> <span class='ocrx_word' id='word_1_597' title='bbox 1796 4104 2113 4157; x_wconf 84' lang='lat' dir='ltr'><strong>insuinenda</strong></span> <span class='ocrx_word' id='word_1_598' title='bbox 2143 4119 2229 4157; x_wconf 90' lang='lat' dir='ltr'><strong>es-</strong></span> 
     </span>
    </p>
   </div>
   <div class='ocr_carea' id='block_1_76' title="bbox 665 4195 2230 4267">
    <p class='ocr_par' dir='ltr' id='par_1_76' title="bbox 665 4195 2230 4267">
     <span class='ocr_line' id='line_1_76' title="bbox 665 4195 2230 4267; baseline 0.004 -23"><span class='ocrx_word' id='word_1_599' title='bbox 665 4203 787 4247; x_wconf 84' lang='lat' dir='ltr'><strong>sent</strong></span> <span class='ocrx_word' id='word_1_600' title='bbox 835 4209 995 4262; x_wconf 87' lang='lat' dir='ltr'><strong>quam</strong></span> <span class='ocrx_word' id='word_1_601' title='bbox 1023 4196 1082 4248; x_wconf 90' lang='lat' dir='ltr'><strong>in</strong></span> <span class='ocrx_word' id='word_1_602' title='bbox 1130 4196 1375 4265; x_wconf 87' lang='lat' dir='ltr'><strong>reliquis,</strong></span> <span class='ocrx_word' id='word_1_603' title='bbox 1420 4213 1538 4266; x_wconf 67' lang='lat' dir='ltr'><strong>qua:</strong></span> <span class='ocrx_word' id='word_1_604' title='bbox 1590 4199 1656 4252; x_wconf 91' lang='lat' dir='ltr'><strong>de</strong></span> <span class='ocrx_word' id='word_1_605' title='bbox 1712 4195 1945 4267; x_wconf 76' lang='lat' dir='ltr'><strong>singulis</strong></span> <span class='ocrx_word' id='word_1_606' title='bbox 1989 4196 2230 4265; x_wconf 86' lang='lat' dir='ltr'><strong>quaesitis</strong></span> 
     </span>
    </p>
   </div>
   <div class='ocr_carea' id='block_1_77' title="bbox 665 4283 2231 4358">
    <p class='ocr_par' dir='ltr' id='par_1_77' title="bbox 665 4283 2231 4358">
     <span class='ocr_line' id='line_1_77' title="bbox 665 4283 2231 4358; baseline 0.003 -22"><span class='ocrx_word' id='word_1_607' title='bbox 665 4283 769 4337; x_wconf 91' lang='lat' dir='ltr'><strong>dici</strong></span> <span class='ocrx_word' id='word_1_608' title='bbox 801 4296 1042 4351; x_wconf 83' lang='lat' dir='ltr'><strong>possunt.</strong></span> <span class='ocrx_word' id='word_1_609' title='bbox 1074 4285 1340 4342; x_wconf 73' lang='lat' dir='ltr'><strong>Przeterea</strong></span> <span class='ocrx_word' id='word_1_610' title='bbox 1377 4288 1516 4342; x_wconf 89' lang='lat' dir='ltr'><strong>baud</strong></span> <span class='ocrx_word' id='word_1_611' title='bbox 1568 4304 1746 4356; x_wconf 68' lang='lat' dir='ltr'><strong>operm</strong></span> <span class='ocrx_word' id='word_1_612' title='bbox 1799 4288 2031 4358; x_wconf 87' lang='lat' dir='ltr'><strong>prctimn</strong></span> <span class='ocrx_word' id='word_1_613' title='bbox 2066 4286 2231 4341; x_wconf 81' lang='lat' dir='ltr'><strong>fuerit</strong></span> 
     </span>
    </p>
   </div>
   <div class='ocr_carea' id='block_1_78' title="bbox 664 4376 2225 4450">
    <p class='ocr_par' dir='ltr' id='par_1_78' title="bbox 664 4376 2225 4450">
     <span class='ocr_line' id='line_1_78' title="bbox 664 4376 2225 4450; baseline 0.003 -22"><span class='ocrx_word' id='word_1_614' title='bbox 664 4376 730 4429; x_wconf 80' lang='lat' dir='ltr'><strong>ad</strong></span> <span class='ocrx_word' id='word_1_615' title='bbox 769 4377 1024 4432; x_wconf 73' lang='lat' dir='ltr'><strong>Ecclesia:</strong></span> <span class='ocrx_word' id='word_1_616' title='bbox 1071 4381 1479 4436; x_wconf 62' lang='lat' dir='ltr'><strong>aediﬁcationem</strong></span> <span class='ocrx_word' id='word_1_617' title='bbox 1526 4383 1576 4435; x_wconf 92' lang='lat' dir='ltr'><strong>in</strong></span> <span class='ocrx_word' id='word_1_618' title='bbox 1630 4383 1714 4435; x_wconf 86' lang='lat' dir='ltr'><strong>bis</strong></span> <span class='ocrx_word' id='word_1_619' title='bbox 1772 4391 1984 4450; x_wconf 89' lang='lat' dir='ltr'><strong>tempus</strong></span> <span class='ocrx_word' id='word_1_620' title='bbox 2032 4390 2225 4434; x_wconf 88' lang='lat' dir='ltr'><strong>terere.</strong></span> 
     </span>
    </p>
   </div>
   <div class='ocr_carea' id='block_1_79' title="bbox 663 4466 2224 4527">
    <p class='ocr_par' dir='ltr' id='par_1_79' title="bbox 663 4466 2224 4527">
     <span class='ocr_line' id='line_1_79' title="bbox 663 4466 2224 4527; baseline -0.001 -5"><span class='ocrx_word' id='word_1_621' title='bbox 663 4466 864 4524; x_wconf 81' lang='lat' dir='ltr'><strong>Verum</strong></span> <span class='ocrx_word' id='word_1_622' title='bbox 923 4471 1068 4525; x_wconf 89' lang='lat' dir='ltr'><strong>circa</strong></span> <span class='ocrx_word' id='word_1_623' title='bbox 1129 4473 1252 4526; x_wconf 69' lang='lat' dir='ltr'><strong>coeli</strong></span> <span class='ocrx_word' id='word_1_624' title='bbox 1286 4473 1576 4527; x_wconf 86' lang='lat' dir='ltr'><strong>essentiam</strong></span> <span class='ocrx_word' id='word_1_625' title='bbox 1626 4473 1756 4527; x_wconf 89' lang='lat' dir='ltr'><strong>satis</strong></span> <span class='ocrx_word' id='word_1_626' title='bbox 1794 4473 1946 4525; x_wconf 91' lang='lat' dir='ltr'><strong>nobis</strong></span> <span class='ocrx_word' id='word_1_627' title='bbox 1999 4479 2125 4525; x_wconf 92' lang='lat' dir='ltr'><strong>sunt</strong></span> <span class='ocrx_word' id='word_1_628' title='bbox 2164 4485 2224 4523; x_wconf 91' lang='lat' dir='ltr'><strong>ea</strong></span> 
     </span>
    </p>
   </div>
   <div class='ocr_carea' id='block_1_80' title="bbox 665 4562 2228 4634">
    <p class='ocr_par' dir='ltr' id='par_1_80' title="bbox 665 4562 2228 4634">
     <span class='ocr_line' id='line_1_80' title="bbox 665 4562 2228 4634; baseline 0.003 -23"><span class='ocrx_word' id='word_1_629' title='bbox 665 4576 785 4627; x_wconf 70' lang='lat' dir='ltr'><strong>qua:</strong></span> <span class='ocrx_word' id='word_1_630' title='bbox 829 4562 973 4615; x_wconf 87' lang='lat' dir='ltr'><strong>dicta</strong></span> <span class='ocrx_word' id='word_1_631' title='bbox 1007 4572 1132 4616; x_wconf 89' lang='lat' dir='ltr'><strong>sunt</strong></span> <span class='ocrx_word' id='word_1_632' title='bbox 1162 4566 1228 4617; x_wconf 90' lang='lat' dir='ltr'><strong>ab</strong></span> <span class='ocrx_word' id='word_1_633' title='bbox 1255 4564 1413 4626; x_wconf 87' lang='lat' dir='ltr'><strong>Isaia,</strong></span> <span class='ocrx_word' id='word_1_634' title='bbox 1457 4566 1546 4634; x_wconf 91' lang='lat' dir='ltr'><strong>qui</strong></span> <span class='ocrx_word' id='word_1_635' title='bbox 1586 4564 1896 4634; x_wconf 73' lang='lat' dir='ltr'><strong>vulgaribus</strong></span> <span class='ocrx_word' id='word_1_636' title='bbox 1922 4565 2100 4618; x_wconf 85' lang='lat' dir='ltr'><strong>verbis</strong></span> <span class='ocrx_word' id='word_1_637' title='bbox 2133 4579 2228 4616; x_wconf 90' lang='lat' dir='ltr'><strong>na-</strong></span> 
     </span>
    </p>
   </div>
   <div class='ocr_carea' id='block_1_81' title="bbox 678 4654 2225 4725">
    <p class='ocr_par' dir='ltr' id='par_1_81' title="bbox 678 4654 2225 4725">
     <span class='ocr_line' id='line_1_81' title="bbox 678 4654 2225 4725; baseline 0.003 -23"><span class='ocrx_word' id='word_1_638' title='bbox 678 4659 809 4705; x_wconf 75' lang='lat' dir='ltr'><strong>tura:</strong></span> <span class='ocrx_word' id='word_1_639' title='bbox 849 4654 1015 4722; x_wconf 89' lang='lat' dir='ltr'><strong>ipsius</strong></span> <span class='ocrx_word' id='word_1_640' title='bbox 1046 4656 1405 4725; x_wconf 81' lang='lat' dir='ltr'><strong>cognitionem</strong></span> <span class='ocrx_word' id='word_1_641' title='bbox 1435 4655 1787 4711; x_wconf 73' lang='lat' dir='ltr'><strong>sufﬁcientem</strong></span> <span class='ocrx_word' id='word_1_642' title='bbox 1829 4656 1982 4710; x_wconf 82' lang='lat' dir='ltr'><strong>nobis</strong></span> <span class='ocrx_word' id='word_1_643' title='bbox 2015 4655 2225 4721; x_wconf 87' lang='lat' dir='ltr'><strong>indidit,</strong></span> 
     </span>
    </p>
   </div>
   <div class='ocr_carea' id='block_1_82' title="bbox 675 4741 2225 4818">
    <p class='ocr_par' dir='ltr' id='par_1_82' title="bbox 675 4741 2225 4818">
     <span class='ocr_line' id='line_1_82' title="bbox 675 4741 2225 4818; baseline 0.003 -22"><span class='ocrx_word' id='word_1_644' title='bbox 675 4741 801 4796; x_wconf 88' lang='lat' dir='ltr'><strong>dum</strong></span> <span class='ocrx_word' id='word_1_645' title='bbox 830 4743 999 4799; x_wconf 78' lang='lat' dir='ltr'><strong>dixit:</strong></span> <span class='ocrx_word' id='word_1_646' title='bbox 1029 4745 1129 4812; x_wconf 85' lang='lat' dir='ltr'><strong>Qui</strong></span> <span class='ocrx_word' id='word_1_647' title='bbox 1156 4747 1387 4815; x_wconf 81' lang='lat' dir='ltr'><strong>ﬁrmavit</strong></span> <span class='ocrx_word' id='word_1_648' title='bbox 1413 4747 1595 4801; x_wconf 75' lang='lat' dir='ltr'><strong>caelum</strong></span> <span class='ocrx_word' id='word_1_649' title='bbox 1616 4748 1772 4818; x_wconf 76' lang='lat' dir='ltr'><strong>quasi</strong></span> <span class='ocrx_word' id='word_1_650' title='bbox 1806 4746 2005 4815; x_wconf 74' lang='lat' dir='ltr'><strong>fumum</strong></span> <span class='ocrx_word' id='word_1_651' title='bbox 2027 4748 2090 4812; x_wconf 86' lang='grc'>¹²,</span> <span class='ocrx_word' id='word_1_652' title='bbox 2124 4747 2225 4801; x_wconf 90' lang='lat' dir='ltr'><strong>boc</strong></span> 
     </span>
    </p>
   </div>
   <div class='ocr_carea' id='block_1_83' title="bbox 736 4861 1096 4927">
    <p class='ocr_par' dir='ltr' id='par_1_83' title="bbox 736 4861 1096 4927">
     <span class='ocr_line' id='line_1_83' title="bbox 736 4861 1096 4927; baseline 0.006 -11"><span class='ocrx_word' id='word_1_653' title='bbox 736 4861 779 4892; x_wconf 83' lang='lat'>&quot;</span> <span class='ocrx_word' id='word_1_654' title='bbox 805 4861 1002 4927; x_wconf 81' lang='lat' dir='ltr'><strong>lsa.t.i,</strong></span> <span class='ocrx_word' id='word_1_655' title='bbox 1042 4862 1096 4918; x_wconf 86' lang='lat'><strong>6.</strong></span> 
     </span>
    </p>
   </div>
   <div class='ocr_carea' id='block_1_84' title="bbox 662 4977 2237 5052">
    <p class='ocr_par' dir='ltr' id='par_1_84' title="bbox 662 4977 2237 5052">
     <span class='ocr_line' id='line_1_84' title="bbox 662 4977 2237 5052; baseline -0.004 -13"><span class='ocrx_word' id='word_1_656' title='bbox 662 4983 810 5040; x_wconf 85' lang='grc' dir='ltr'>αὐτὸ</span> <span class='ocrx_word' id='word_1_657' title='bbox 841 4982 1017 5038; x_wconf 82' lang='grc' dir='ltr'>τοῦτο</span> <span class='ocrx_word' id='word_1_658' title='bbox 1044 4984 1156 5052; x_wconf 79' lang='grc' dir='ltr'>τὴν</span> <span class='ocrx_word' id='word_1_659' title='bbox 1169 4983 1366 5039; x_wconf 82' lang='grc' dir='ltr'>αἰτίαν</span> <span class='ocrx_word' id='word_1_660' title='bbox 1381 4982 1487 5036; x_wconf 85' lang='grc' dir='ltr'><strong>τοῦ</strong></span> <span class='ocrx_word' id='word_1_661' title='bbox 1519 4977 1666 5035; x_wconf 79' lang='grc' dir='ltr'>εἶναι</span> <span class='ocrx_word' id='word_1_662' title='bbox 1694 4980 2015 5050; x_wconf 81' lang='grc' dir='ltr'>παρέσχεν.</span> <span class='ocrx_word' id='word_1_663' title='bbox 2042 4979 2237 5035; x_wconf 78' lang='lat' dir='ltr'><strong>V&#39;ertc:</strong></span> 
     </span>
    </p>
   </div>
   <div class='ocr_carea' id='block_1_85' title="bbox 668 5052 2232 5121">
    <p class='ocr_par' dir='ltr' id='par_1_85' title="bbox 668 5052 2232 5121">
     <span class='ocr_line' id='line_1_85' title="bbox 668 5052 2232 5121; baseline -0.003 -12"><span class='ocrx_word' id='word_1_664' title='bbox 668 5053 792 5109; x_wconf 85' lang='lat' dir='ltr'><strong>Non</strong></span> <span class='ocrx_word' id='word_1_665' title='bbox 820 5055 913 5107; x_wconf 86' lang='lat' dir='ltr'><strong>hoc</strong></span> <span class='ocrx_word' id='word_1_666' title='bbox 944 5055 1110 5107; x_wconf 78' lang='lat' dir='ltr'><strong>solum</strong></span> <span class='ocrx_word' id='word_1_667' title='bbox 1157 5054 1418 5121; x_wconf 72' lang='lat' dir='ltr'><strong>prwstitil,</strong></span> <span class='ocrx_word' id='word_1_668' title='bbox 1450 5068 1663 5106; x_wconf 82' lang='lat' dir='ltr'><strong>causam</strong></span> <span class='ocrx_word' id='word_1_669' title='bbox 1706 5066 1758 5104; x_wconf 89' lang='lat' dir='ltr'><strong>ut</strong></span> <span class='ocrx_word' id='word_1_670' title='bbox 1805 5062 1934 5104; x_wconf 82' lang='lat' dir='ltr'><strong>esset</strong></span> <span class='ocrx_word' id='word_1_671' title='bbox 1983 5052 2232 5117; x_wconf 79' lang='lat' dir='ltr'><strong>mundus,</strong></span> 
     </span>
    </p>
   </div>
   <div class='ocr_carea' id='block_1_86' title="bbox 668 5124 2230 5193">
    <p class='ocr_par' dir='ltr' id='par_1_86' title="bbox 668 5124 2230 5193">
     <span class='ocr_line' id='line_1_86' title="bbox 668 5124 2230 5193; baseline -0.003 -14"><span class='ocrx_word' id='word_1_672' title='bbox 668 5127 719 5179; x_wconf 88' lang='lat' dir='ltr'><strong>id</strong></span> <span class='ocrx_word' id='word_1_673' title='bbox 750 5138 853 5189; x_wconf 70' lang='lat' dir='ltr'><strong>esu,</strong></span> <span class='ocrx_word' id='word_1_674' title='bbox 897 5141 1000 5179; x_wconf 92' lang='lat' dir='ltr'><strong>non</strong></span> <span class='ocrx_word' id='word_1_675' title='bbox 1029 5127 1223 5178; x_wconf 86' lang='lat' dir='ltr'><strong>nudam</strong></span> <span class='ocrx_word' id='word_1_676' title='bbox 1259 5135 1322 5177; x_wconf 89' lang='lat' dir='ltr'><strong>et-</strong></span> <span class='ocrx_word' id='word_1_677' title='bbox 1340 5124 1645 5193; x_wconf 84' lang='lat' dir='ltr'><strong>simplicem</strong></span> <span class='ocrx_word' id='word_1_678' title='bbox 1674 5124 1871 5175; x_wconf 81' lang='lat' dir='ltr'><strong>mundo</strong></span> <span class='ocrx_word' id='word_1_679' title='bbox 1903 5124 2230 5175; x_wconf 85' lang='lat' dir='ltr'><strong>creationem</strong></span> 
     </span>
    </p>
   </div>
   <div class='ocr_carea' id='block_1_87' title="bbox 667 5192 2232 5263">
    <p class='ocr_par' dir='ltr' id='par_1_87' title="bbox 667 5192 2232 5263">
     <span class='ocr_line' id='line_1_87' title="bbox 667 5192 2232 5263; baseline 0 -18"><span class='ocrx_word' id='word_1_680' title='bbox 667 5197 937 5263; x_wconf 60' lang='lat' dir='ltr'><strong>praestitit.</strong></span> <span class='ocrx_word' id='word_1_681' title='bbox 966 5197 1055 5248; x_wconf 80' lang='lat' dir='ltr'><strong>sed</strong></span> <span class='ocrx_word' id='word_1_682' title='bbox 1078 5203 1135 5247; x_wconf 80' lang='lat' dir='ltr'><strong>ut</strong></span> <span class='ocrx_word' id='word_1_683' title='bbox 1163 5196 1323 5246; x_wconf 80' lang='lat' dir='ltr'><strong>bonus</strong></span> <span class='ocrx_word' id='word_1_684' title='bbox 1352 5192 1473 5263; x_wconf 76' lang='lat' dir='ltr'><strong>fecit</strong></span> <span class='ocrx_word' id='word_1_685' title='bbox 1502 5192 1645 5263; x_wconf 68' lang='lat' dir='ltr'><strong>quod</strong></span> <span class='ocrx_word' id='word_1_686' title='bbox 1676 5193 1802 5244; x_wconf 83' lang='lat' dir='ltr'><strong>utile</strong></span> <span class='ocrx_word' id='word_1_687' title='bbox 1824 5203 1919 5258; x_wconf 75' lang='lat' dir='ltr'><strong>est,</strong></span> <span class='ocrx_word' id='word_1_688' title='bbox 1940 5200 1995 5243; x_wconf 84' lang='lat' dir='ltr'><strong>ut</strong></span> <span class='ocrx_word' id='word_1_689' title='bbox 2026 5193 2232 5259; x_wconf 74' lang='lat' dir='ltr'><strong>sapiens</strong></span> 
     </span>
    </p>
   </div>
   <div class='ocr_carea' id='block_1_88' title="bbox 667 5260 1782 5325">
    <p class='ocr_par' dir='ltr' id='par_1_88' title="bbox 667 5260 1782 5325">
     <span class='ocr_line' id='line_1_88' title="bbox 667 5260 1782 5325; baseline -0.003 -9"><span class='ocrx_word' id='word_1_690' title='bbox 667 5260 805 5318; x_wconf 75' lang='lat' dir='ltr'><strong>auod</strong></span> <span class='ocrx_word' id='word_1_691' title='bbox 826 5264 1252 5325; x_wconf 80' lang='lat' dir='ltr'><strong>pulcherrimum.</strong></span> <span class='ocrx_word' id='word_1_692' title='bbox 1282 5260 1359 5316; x_wconf 25' lang='lat' dir='ltr'><strong>D.’</strong></span> <span class='ocrx_word' id='word_1_693' title='bbox 1385 5262 1477 5315; x_wconf 86' lang='lat' dir='ltr'><strong>Fr.</strong></span> <span class='ocrx_word' id='word_1_694' title='bbox 1500 5260 1782 5317; x_wconf 71' lang='lat' dir='ltr'><strong>MARANUS.</strong></span> 
     </span>
    </p>
   </div>
   <div class='ocr_carea' id='block_1_89' title="bbox 741 5330 2229 5405">
    <p class='ocr_par' dir='ltr' id='par_1_89' title="bbox 741 5330 2229 5405">
     <span class='ocr_line' id='line_1_89' title="bbox 741 5330 2229 5405; baseline -0.001 -20"><span class='ocrx_word' id='word_1_695' title='bbox 741 5332 853 5403; x_wconf 74' lang='lat'><strong>(52)</strong></span> <span class='ocrx_word' id='word_1_696' title='bbox 888 5334 1024 5387; x_wconf 86' lang='lat' dir='ltr'><strong>Editi</strong></span> <span class='ocrx_word' id='word_1_697' title='bbox 1051 5334 1330 5405; x_wconf 66' lang='grc' dir='ltr'><strong>μονονουχ)⁷</strong></span> <span class='ocrx_word' id='word_1_698' title='bbox 1353 5332 1481 5402; x_wconf 85' lang='grc' dir='ltr'>γάρ.</span> <span class='ocrx_word' id='word_1_699' title='bbox 1518 5333 1589 5383; x_wconf 83' lang='lat' dir='ltr'><strong>At</strong></span> <span class='ocrx_word' id='word_1_700' title='bbox 1611 5347 1758 5405; x_wconf 66' lang='lat' dir='ltr'><strong>_iu._ss._</strong></span> <span class='ocrx_word' id='word_1_701' title='bbox 1776 5345 1881 5405; x_wconf 77' lang='lat' dir='ltr'><strong>non</strong></span> <span class='ocrx_word' id='word_1_702' title='bbox 1908 5330 2151 5405; x_wconf 75' lang='lat' dir='ltr'><strong>pau_ci_t_it</strong></span> <span class='ocrx_word' id='word_1_703' title='bbox 2178 5330 2229 5405; x_wconf 76' lang='lat' dir='ltr'><strong>in</strong></span> 
     </span>
    </p>
   </div>
   <div class='ocr_carea' id='block_1_90' title="bbox 670 5400 2231 5473">
    <p class='ocr_par' dir='ltr' id='par_1_90' title="bbox 670 5400 2231 5473">
     <span class='ocr_line' id='line_1_90' title="bbox 670 5400 2231 5473; baseline -0.003 -16"><span class='ocrx_word' id='word_1_704' title='bbox 670 5400 943 5457; x_wconf 71' lang='lat' dir='ltr'><strong>conteittn.</strong></span> <span class='ocrx_word' id='word_1_705' title='bbox 977 5400 1173 5458; x_wconf 82' lang='lat' dir='ltr'><strong>Ibidem</strong></span> <span class='ocrx_word' id='word_1_706' title='bbox 1216 5400 1546 5456; x_wconf 69' lang='lat' dir='ltr'><strong>unuse-ode:</strong></span> <span class='ocrx_word' id='word_1_707' title='bbox 1577 5401 1954 5473; x_wconf 74' lang='grc' dir='ltr'>εἰσϐεὸηκότα.</span> <span class='ocrx_word' id='word_1_708' title='bbox 1994 5400 2231 5453; x_wconf 89' lang='lat' dir='ltr'><strong>Subinde</strong></span> 
     </span>
    </p>
   </div>
   <div class='ocr_carea' id='block_1_91' title="bbox 669 5474 1506 5542">
    <p class='ocr_par' dir='ltr' id='par_1_91' title="bbox 669 5474 1506 5542">
     <span class='ocr_line' id='line_1_91' title="bbox 669 5474 1506 5542; baseline -0.004 -14"><span class='ocrx_word' id='word_1_709' title='bbox 669 5474 822 5529; x_wconf 84' lang='lat' dir='ltr'><strong>Celb.</strong></span> <span class='ocrx_word' id='word_1_710' title='bbox 857 5477 1060 5542; x_wconf 84' lang='lat' dir='ltr'><strong>primus</strong></span> <span class='ocrx_word' id='word_1_711' title='bbox 1084 5475 1151 5526; x_wconf 81' lang='grc' dir='ltr'>τὰ</span> <span class='ocrx_word' id='word_1_712' title='bbox 1175 5474 1506 5527; x_wconf 84' lang='grc' dir='ltr'>καθέκαστα.</span> 
     </span>
    </p>
   </div>
   <div class='ocr_carea' id='block_1_92' title="bbox 743 5540 2232 5613">
    <p class='ocr_par' dir='ltr' id='par_1_92' title="bbox 743 5540 2232 5613">
     <span class='ocr_line' id='line_1_92' title="bbox 743 5540 2232 5613; baseline -0.003 -17"><span class='ocrx_word' id='word_1_713' title='bbox 743 5540 1058 5613; x_wconf 74' lang='grc' dir='ltr'><strong>(55)Εώιὶο</strong></span> <span class='ocrx_word' id='word_1_714' title='bbox 1106 5545 1268 5598; x_wconf 80' lang='lat' dir='ltr'><strong>Basil.</strong></span> <span class='ocrx_word' id='word_1_715' title='bbox 1302 5545 1412 5597; x_wconf 81' lang='grc' dir='ltr'><strong>τῶν</strong></span> <span class='ocrx_word' id='word_1_716' title='bbox 1465 5541 1667 5613; x_wconf 83' lang='grc' dir='ltr'>ἀρχῶν,</span> <span class='ocrx_word' id='word_1_717' title='bbox 1713 5558 1777 5595; x_wconf 76' lang='lat' dir='ltr'><strong>ea:</strong></span> <span class='ocrx_word' id='word_1_718' title='bbox 1815 5542 2017 5593; x_wconf 81' lang='lat' dir='ltr'><strong>duobus</strong></span> <span class='ocrx_word' id='word_1_719' title='bbox 2045 5540 2232 5605; x_wconf 80' lang='lat' dir='ltr'><strong>princi-</strong></span> 
     </span>
    </p>
   </div>
   <div class='ocr_carea' id='block_1_93' title="bbox 672 5612 2225 5684">
    <p class='ocr_par' dir='ltr' id='par_1_93' title="bbox 672 5612 2225 5684">
     <span class='ocr_line' id='line_1_93' title="bbox 672 5612 2225 5684; baseline -0.001 -18"><span class='ocrx_word' id='word_1_720' title='bbox 672 5612 791 5684; x_wconf 65' lang='lat' dir='ltr'><strong>piis.</strong></span> <span class='ocrx_word' id='word_1_721' title='bbox 825 5616 1021 5668; x_wconf 84' lang='lat' dir='ltr'><strong>Ibidem</strong></span> <span class='ocrx_word' id='word_1_722' title='bbox 1070 5630 1195 5669; x_wconf 89' lang='lat' dir='ltr'><strong>mss.</strong></span> <span class='ocrx_word' id='word_1_723' title='bbox 1253 5614 1346 5668; x_wconf 90' lang='grc' dir='ltr'><strong>τοῦ</strong></span> <span class='ocrx_word' id='word_1_724' title='bbox 1383 5612 1603 5675; x_wconf 84' lang='grc' dir='ltr'>παντός.</span> <span class='ocrx_word' id='word_1_725' title='bbox 1658 5613 1813 5667; x_wconf 86' lang='lat' dir='ltr'><strong>Deest</strong></span> <span class='ocrx_word' id='word_1_726' title='bbox 1866 5612 2127 5665; x_wconf 84' lang='lat' dir='ltr'><strong>articulus</strong></span> <span class='ocrx_word' id='word_1_727' title='bbox 2173 5613 2225 5665; x_wconf 86' lang='lat' dir='ltr'><strong>in</strong></span> 
     </span>
    </p>
   </div>
   <div class='ocr_carea' id='block_1_94' title="bbox 673 5684 922 5738">
    <p class='ocr_par' dir='ltr' id='par_1_94' title="bbox 673 5684 922 5738">
     <span class='ocr_line' id='line_1_94' title="bbox 673 5684 922 5738; baseline -0.004 -2"><span class='ocrx_word' id='word_1_728' title='bbox 673 5684 922 5738; x_wconf 62' lang='lat' dir='ltr'><strong>vulgatis.</strong></span> 
     </span>
    </p>
   </div>
   <div class='ocr_carea' id='block_1_95' title="bbox 745 5699 2225 5825">
    <p class='ocr_par' dir='ltr' id='par_1_95' title="bbox 745 5699 2225 5825">
     <span class='ocr_line' id='line_1_95' title="bbox 745 5699 2225 5825; baseline -0.001 -19"><span class='ocrx_word' id='word_1_729' title='bbox 745 5699 1095 5825; x_wconf 48' lang='grc' dir='ltr'><strong>(ἓῗῖἒηιὶςιιί</strong></span> <span class='ocrx_word' id='word_1_730' title='bbox 1115 5755 1232 5811; x_wconf 81' lang='lat' dir='ltr'><strong>libri</strong></span> <span class='ocrx_word' id='word_1_731' title='bbox 1250 5738 1462 5819; x_wconf 73' lang='grc' dir='ltr'>παντως</span> <span class='ocrx_word' id='word_1_732' title='bbox 1481 5756 1557 5809; x_wconf 76' lang='grc' dir='ltr'><strong>δέ.</strong></span> <span class='ocrx_word' id='word_1_733' title='bbox 1580 5754 1718 5810; x_wconf 85' lang='lat' dir='ltr'><strong>Edit.</strong></span> <span class='ocrx_word' id='word_1_734' title='bbox 1746 5751 1914 5808; x_wconf 84' lang='lat' dir='ltr'><strong>Paris.</strong></span> <span class='ocrx_word' id='word_1_735' title='bbox 1938 5755 2134 5815; x_wconf 82' lang='grc' dir='ltr'>παντὸς</span> <span class='ocrx_word' id='word_1_736' title='bbox 2151 5749 2225 5804; x_wconf 79' lang='grc' dir='ltr'><strong>δέ.</strong></span> 
     </span>
    </p>
   </div>
   <div class='ocr_carea' id='block_1_96' title="bbox 2395 3550 3911 3621">
    <p class='ocr_par' dir='ltr' id='par_1_96' title="bbox 2395 3550 3911 3621">
     <span class='ocr_line' id='line_1_96' title="bbox 2395 3550 3911 3621; baseline 0.001 -17"><span class='ocrx_word' id='word_1_737' title='bbox 2395 3553 2445 3605; x_wconf 87' lang='grc'><strong>8.</strong></span> <span class='ocrx_word' id='word_1_738' title='bbox 2500 3553 2601 3606; x_wconf 75' lang='grc' dir='ltr'><strong>Ἐν</strong></span> <span class='ocrx_word' id='word_1_739' title='bbox 2636 3552 2794 3621; x_wconf 78' lang='grc' dir='ltr'>ἀρχῇ</span> <span class='ocrx_word' id='word_1_740' title='bbox 2827 3551 3114 3616; x_wconf 76' lang='grc' dir='ltr'>ἐποίησεν</span> <span class='ocrx_word' id='word_1_741' title='bbox 3141 3554 3173 3603; x_wconf 83' lang='grc' dir='ltr'><strong>ό</strong></span> <span class='ocrx_word' id='word_1_742' title='bbox 3211 3550 3355 3615; x_wconf 81' lang='grc' dir='ltr'><strong>Θεὸς</strong></span> <span class='ocrx_word' id='word_1_743' title='bbox 3384 3550 3491 3602; x_wconf 78' lang='grc' dir='ltr'><strong>τὸν</strong></span> <span class='ocrx_word' id='word_1_744' title='bbox 3519 3550 3774 3618; x_wconf 70' lang='grc' dir='ltr'><strong>οἰφανὸν</strong></span> <span class='ocrx_word' id='word_1_745' title='bbox 3793 3551 3911 3605; x_wconf 78' lang='grc' dir='ltr'>και</span> 
     </span>
    </p>
   </div>
   <div class='ocr_carea' id='block_1_97' title="bbox 2324 3638 3911 3713">
    <p class='ocr_par' dir='ltr' id='par_1_97' title="bbox 2324 3638 3911 3713">
     <span class='ocr_line' id='line_1_97' title="bbox 2324 3638 3911 3713; baseline -0.001 -17"><span class='ocrx_word' id='word_1_746' title='bbox 2324 3642 2438 3712; x_wconf 80' lang='grc' dir='ltr'><strong>τὴν</strong></span> <span class='ocrx_word' id='word_1_747' title='bbox 2483 3641 2616 3713; x_wconf 74' lang='grc' dir='ltr'><strong>γῆν.</strong></span> <span class='ocrx_word' id='word_1_748' title='bbox 2657 3643 2721 3694; x_wconf 87' lang='grc' dir='ltr'><strong><em>Ἠ</em></strong></span> <span class='ocrx_word' id='word_1_749' title='bbox 2760 3640 2885 3710; x_wconf 80' lang='grc' dir='ltr'>περὶ</span> <span class='ocrx_word' id='word_1_750' title='bbox 2925 3640 3023 3710; x_wconf 81' lang='grc' dir='ltr'><strong>τῆς</strong></span> <span class='ocrx_word' id='word_1_751' title='bbox 3055 3639 3240 3702; x_wconf 78' lang='grc' dir='ltr'>οὐσίας</span> <span class='ocrx_word' id='word_1_752' title='bbox 3281 3638 3476 3710; x_wconf 75' lang='grc' dir='ltr'>ἔρευνα</span> <span class='ocrx_word' id='word_1_753' title='bbox 3524 3640 3751 3693; x_wconf 79' lang='grc' dir='ltr'>ἑκάστου</span> <span class='ocrx_word' id='word_1_754' title='bbox 3784 3642 3911 3694; x_wconf 80' lang='grc' dir='ltr'>τῶν</span> 
     </span>
    </p>
   </div>
   <div class='ocr_carea' id='block_1_98' title="bbox 2322 3730 3905 3808">
    <p class='ocr_par' dir='ltr' id='par_1_98' title="bbox 2322 3730 3905 3808">
     <span class='ocr_line' id='line_1_98' title="bbox 2322 3730 3905 3808; baseline -0.003 -18"><span class='ocrx_word' id='word_1_755' title='bbox 2322 3736 2564 3808; x_wconf 79' lang='grc' dir='ltr'>δντων,ἢ</span> <span class='ocrx_word' id='word_1_756' title='bbox 2604 3734 2709 3788; x_wconf 83' lang='grc' dir='ltr'>τῶν</span> <span class='ocrx_word' id='word_1_757' title='bbox 2756 3732 2898 3787; x_wconf 85' lang='grc' dir='ltr'><strong>κατά</strong></span> <span class='ocrx_word' id='word_1_758' title='bbox 2940 3732 3170 3804; x_wconf 88' lang='grc' dir='ltr'>θεωρίαν</span> <span class='ocrx_word' id='word_1_759' title='bbox 3212 3730 3620 3785; x_wconf 79' lang='grc' dir='ltr'>ὑποπιπτόντων</span> <span class='ocrx_word' id='word_1_760' title='bbox 3657 3736 3827 3802; x_wconf 78' lang='grc' dir='ltr'>ἡμῖν,</span> <span class='ocrx_word' id='word_1_761' title='bbox 3870 3736 3905 3804; x_wconf 84' lang='grc' dir='ltr'><strong>ῆ</strong></span> 
     </span>
    </p>
   </div>
   <div class='ocr_carea' id='block_1_99' title="bbox 2323 3820 3908 3897">
    <p class='ocr_par' dir='ltr' id='par_1_99' title="bbox 2323 3820 3908 3897">
     <span class='ocr_line' id='line_1_99' title="bbox 2323 3820 3908 3897; baseline -0.001 -19"><span class='ocrx_word' id='word_1_762' title='bbox 2323 3825 2429 3879; x_wconf 84' lang='grc' dir='ltr'><strong>τῶν</strong></span> <span class='ocrx_word' id='word_1_763' title='bbox 2475 3823 2846 3897; x_wconf 80' lang='grc' dir='ltr'>προκειμένων</span> <span class='ocrx_word' id='word_1_764' title='bbox 2890 3822 3041 3893; x_wconf 83' lang='grc' dir='ltr'>ἡμῶν</span> <span class='ocrx_word' id='word_1_765' title='bbox 3088 3824 3152 3892; x_wconf 87' lang='grc' dir='ltr'>τῇ</span> <span class='ocrx_word' id='word_1_766' title='bbox 3194 3820 3471 3891; x_wconf 72' lang='grc' dir='ltr'>αἰσθήσει,</span> <span class='ocrx_word' id='word_1_767' title='bbox 3538 3824 3745 3893; x_wconf 75' lang='grc' dir='ltr'>μακρὸν</span> <span class='ocrx_word' id='word_1_768' title='bbox 3804 3825 3908 3877; x_wconf 78' lang='grc' dir='ltr'>καὶ</span> 
     </span>
    </p>
   </div>
   <div class='ocr_carea' id='block_1_100' title="bbox 2328 3914 3908 3987">
    <p class='ocr_par' dir='ltr' id='par_1_100' title="bbox 2328 3914 3908 3987">
     <span class='ocr_line' id='line_1_100' title="bbox 2328 3914 3908 3987; baseline -0.001 -17"><span class='ocrx_word' id='word_1_769' title='bbox 2328 3917 2708 3987; x_wconf 78' lang='grc' dir='ltr'>ἀπηρτημένον</span> <span class='ocrx_word' id='word_1_770' title='bbox 2734 3915 2888 3982; x_wconf 82' lang='grc' dir='ltr'>λόγον</span> <span class='ocrx_word' id='word_1_771' title='bbox 2909 3916 3184 3981; x_wconf 77' lang='grc' dir='ltr'>ἐπεισάγει</span> <span class='ocrx_word' id='word_1_772' title='bbox 3210 3917 3273 3984; x_wconf 80' lang='grc' dir='ltr'>τῇ</span> <span class='ocrx_word' id='word_1_773' title='bbox 3302 3914 3556 3985; x_wconf 71' lang='grc' dir='ltr'>ἐξηγήσει</span> <span class='ocrx_word' id='word_1_774' title='bbox 3577 3956 3590 3979; x_wconf 94' lang='grc'><strong>,</strong></span> <span class='ocrx_word' id='word_1_775' title='bbox 3615 3915 3689 3977; x_wconf 85' lang='grc' dir='ltr'>ὡς</span> <span class='ocrx_word' id='word_1_776' title='bbox 3718 3915 3908 3968; x_wconf 78' lang='grc' dir='ltr'>πλείο-</span> 
     </span>
    </p>
   </div>
   <div class='ocr_carea' id='block_1_101' title="bbox 2329 4005 3906 4077">
    <p class='ocr_par' dir='ltr' id='par_1_101' title="bbox 2329 4005 3906 4077">
     <span class='ocr_line' id='line_1_101' title="bbox 2329 4005 3906 4077; baseline -0.003 -14"><span class='ocrx_word' id='word_1_777' title='bbox 2329 4027 2425 4071; x_wconf 89' lang='grc' dir='ltr'>νας</span> <span class='ocrx_word' id='word_1_778' title='bbox 2452 4011 2507 4061; x_wconf 83' lang='grc' dir='ltr'>ἐν</span> <span class='ocrx_word' id='word_1_779' title='bbox 2534 4011 2597 4077; x_wconf 80' lang='grc' dir='ltr'>τῇ</span> <span class='ocrx_word' id='word_1_780' title='bbox 2630 4010 2754 4077; x_wconf 77' lang='grc' dir='ltr'>περὶ</span> <span class='ocrx_word' id='word_1_781' title='bbox 2778 4006 2871 4059; x_wconf 87' lang='grc' dir='ltr'><strong>τοῦ</strong></span> <span class='ocrx_word' id='word_1_782' title='bbox 2907 4005 3285 4075; x_wconf 81' lang='grc' dir='ltr'>προϐλήματος</span> <span class='ocrx_word' id='word_1_783' title='bbox 3314 4006 3498 4060; x_wconf 83' lang='grc' dir='ltr'>τούτου</span> <span class='ocrx_word' id='word_1_784' title='bbox 3524 4008 3724 4075; x_wconf 59' lang='grc' dir='ltr'>’σκέψει</span> <span class='ocrx_word' id='word_1_785' title='bbox 3767 4025 3906 4059; x_wconf 82' lang='grc' dir='ltr'>κατ-</span> 
     </span>
    </p>
   </div>
   <div class='ocr_carea' id='block_1_102' title="bbox 2330 4096 3902 4167">
    <p class='ocr_par' dir='ltr' id='par_1_102' title="bbox 2330 4096 3902 4167">
     <span class='ocr_line' id='line_1_102' title="bbox 2330 4096 3902 4167; baseline -0.007 -10"><span class='ocrx_word' id='word_1_786' title='bbox 2330 4100 2711 4157; x_wconf 79' lang='grc' dir='ltr'>αναλίσκεσθαι</span> <span class='ocrx_word' id='word_1_787' title='bbox 2740 4099 2926 4166; x_wconf 75' lang='grc' dir='ltr'>λόγους</span> <span class='ocrx_word' id='word_1_788' title='bbox 2947 4097 3052 4149; x_wconf 82' lang='grc' dir='ltr'>τῶν</span> <span class='ocrx_word' id='word_1_789' title='bbox 3086 4096 3308 4161; x_wconf 82' lang='grc' dir='ltr'>λοιπῶν,</span> <span class='ocrx_word' id='word_1_790' title='bbox 3350 4100 3447 4150; x_wconf 84' lang='grc' dir='ltr'>ὅσα</span> <span class='ocrx_word' id='word_1_791' title='bbox 3489 4099 3761 4165; x_wconf 79' lang='grc' dir='ltr'>ἐνδέχεται</span> <span class='ocrx_word' id='word_1_792' title='bbox 3795 4100 3902 4167; x_wconf 77' lang='grc' dir='ltr'>ρη-</span> 
     </span>
    </p>
   </div>
   <div class='ocr_carea' id='block_1_103' title="bbox 2330 4188 3899 4265">
    <p class='ocr_par' dir='ltr' id='par_1_103' title="bbox 2330 4188 3899 4265">
     <span class='ocr_line' id='line_1_103' title="bbox 2330 4188 3899 4265; baseline -0.006 -16"><span class='ocrx_word' id='word_1_793' title='bbox 2330 4196 2487 4265; x_wconf 81' lang='grc' dir='ltr'>θῆναι</span> <span class='ocrx_word' id='word_1_794' title='bbox 2530 4192 2656 4263; x_wconf 71' lang='grc' dir='ltr'>περὶ</span> <span class='ocrx_word' id='word_1_795' title='bbox 2692 4190 2919 4244; x_wconf 80' lang='grc' dir='ltr'>ἑκάστου</span> <span class='ocrx_word' id='word_1_796' title='bbox 2957 4188 3064 4243; x_wconf 86' lang='grc' dir='ltr'>τῶν</span> <span class='ocrx_word' id='word_1_797' title='bbox 3100 4189 3476 4261; x_wconf 74' lang='grc' dir='ltr'>ζητουμένων·</span> <span class='ocrx_word' id='word_1_798' title='bbox 3510 4190 3647 4259; x_wconf 81' lang='grc' dir='ltr'>πρὸς</span> <span class='ocrx_word' id='word_1_799' title='bbox 3674 4188 3735 4240; x_wconf 85' lang='grc' dir='ltr'><strong>τὸ</strong></span> <span class='ocrx_word' id='word_1_800' title='bbox 3762 4188 3899 4258; x_wconf 78' lang='grc'>(57),</span> 
     </span>
    </p>
   </div>
   <div class='ocr_carea' id='block_1_104' title="bbox 2336 4275 3904 4357">
    <p class='ocr_par' dir='ltr' id='par_1_104' title="bbox 2336 4275 3904 4357">
     <span class='ocr_line' id='line_1_104' title="bbox 2336 4275 3904 4357; baseline -0.003 -20"><span class='ocrx_word' id='word_1_801' title='bbox 2336 4285 2470 4357; x_wconf 80' lang='grc' dir='ltr'>μηδὲ</span> <span class='ocrx_word' id='word_1_802' title='bbox 2498 4282 2768 4355; x_wconf 66' lang='grc' dir='ltr'>προύργου</span> <span class='ocrx_word' id='word_1_803' title='bbox 2794 4301 2845 4334; x_wconf 89' lang='grc' dir='ltr'><strong>τι</strong></span> <span class='ocrx_word' id='word_1_804' title='bbox 2878 4275 3013 4333; x_wconf 79' lang='grc' dir='ltr'>εἶναι</span> <span class='ocrx_word' id='word_1_805' title='bbox 3046 4282 3123 4344; x_wconf 81' lang='grc' dir='ltr'>είς</span> <span class='ocrx_word' id='word_1_806' title='bbox 3152 4278 3248 4351; x_wconf 81' lang='grc' dir='ltr'>τὴν</span> <span class='ocrx_word' id='word_1_807' title='bbox 3268 4279 3367 4349; x_wconf 83' lang='grc' dir='ltr'><strong>τῆς</strong></span> <span class='ocrx_word' id='word_1_808' title='bbox 3402 4278 3723 4351; x_wconf 83' lang='grc' dir='ltr'>Ἑκκλησῐας</span> <span class='ocrx_word' id='word_1_809' title='bbox 3756 4282 3904 4333; x_wconf 83' lang='grc' dir='ltr'>οἰκο-</span> 
     </span>
    </p>
   </div>
   <div class='ocr_carea' id='block_1_105' title="bbox 2332 4372 3901 4448">
    <p class='ocr_par' dir='ltr' id='par_1_105' title="bbox 2332 4372 3901 4448">
     <span class='ocr_line' id='line_1_105' title="bbox 2332 4372 3901 4448; baseline -0.005 -18"><span class='ocrx_word' id='word_1_810' title='bbox 2332 4378 2499 4448; x_wconf 79' lang='grc' dir='ltr'>δομὴν</span> <span class='ocrx_word' id='word_1_811' title='bbox 2522 4377 2580 4429; x_wconf 75' lang='grc' dir='ltr'>τὸ</span> <span class='ocrx_word' id='word_1_812' title='bbox 2607 4375 2733 4447; x_wconf 72' lang='grc' dir='ltr'>περὶ</span> <span class='ocrx_word' id='word_1_813' title='bbox 2750 4374 2919 4427; x_wconf 89' lang='grc' dir='ltr'>ταῦτα</span> <span class='ocrx_word' id='word_1_814' title='bbox 2942 4372 3402 4443; x_wconf 87' lang='grc' dir='ltr'>κατασχολείσθαι.</span> <span class='ocrx_word' id='word_1_815' title='bbox 3444 4373 3598 4427; x_wconf 82' lang='grc' dir='ltr'>Ἀλλὰ</span> <span class='ocrx_word' id='word_1_816' title='bbox 3639 4390 3705 4425; x_wconf 86' lang='grc' dir='ltr'><strong>πε</strong></span> <span class='ocrx_word' id='word_1_817' title='bbox 3717 4374 3770 4445; x_wconf 55' lang='lat' dir='ltr'><strong>pi.</strong></span> <span class='ocrx_word' id='word_1_818' title='bbox 3800 4372 3901 4443; x_wconf 84' lang='grc' dir='ltr'>μὲν</span> 
     </span>
    </p>
   </div>
   <div class='ocr_carea' id='block_1_106' title="bbox 2332 4463 3900 4538">
    <p class='ocr_par' dir='ltr' id='par_1_106' title="bbox 2332 4463 3900 4538">
     <span class='ocr_line' id='line_1_106' title="bbox 2332 4463 3900 4538; baseline -0.005 -17"><span class='ocrx_word' id='word_1_819' title='bbox 2332 4468 2430 4538; x_wconf 79' lang='grc' dir='ltr'>τῆς</span> <span class='ocrx_word' id='word_1_820' title='bbox 2472 4469 2657 4531; x_wconf 81' lang='grc' dir='ltr'>οὐσίας</span> <span class='ocrx_word' id='word_1_821' title='bbox 2693 4466 2785 4520; x_wconf 89' lang='grc' dir='ltr'><strong>τοῦ</strong></span> <span class='ocrx_word' id='word_1_822' title='bbox 2832 4465 3058 4537; x_wconf 91' lang='grc' dir='ltr'>οὐρανοῦ</span> <span class='ocrx_word' id='word_1_823' title='bbox 3112 4465 3425 4537; x_wconf 84' lang='grc' dir='ltr'>ἀρκούμεθα</span> <span class='ocrx_word' id='word_1_824' title='bbox 3456 4468 3567 4528; x_wconf 82' lang='grc' dir='ltr'>τοῖς</span> <span class='ocrx_word' id='word_1_825' title='bbox 3614 4465 3766 4536; x_wconf 83' lang='grc' dir='ltr'>παρά</span> <span class='ocrx_word' id='word_1_826' title='bbox 3802 4463 3900 4516; x_wconf 84' lang='grc' dir='ltr'><strong>τοῦ</strong></span> 
     </span>
    </p>
   </div>
   <div class='ocr_carea' id='block_1_107' title="bbox 2345 4555 3901 4633">
    <p class='ocr_par' dir='ltr' id='par_1_107' title="bbox 2345 4555 3901 4633">
     <span class='ocr_line' id='line_1_107' title="bbox 2345 4555 3901 4633; baseline -0.003 -20"><span class='ocrx_word' id='word_1_827' title='bbox 2345 4561 2564 4614; x_wconf 76' lang='grc' dir='ltr'>Ἡσαΐου</span> <span class='ocrx_word' id='word_1_828' title='bbox 2584 4562 2919 4633; x_wconf 69' lang='grc' dir='ltr'>εἰρημένας-</span> <span class='ocrx_word' id='word_1_829' title='bbox 2944 4560 3001 4622; x_wconf 77' lang='grc' dir='ltr'><strong>ὃς</strong></span> <span class='ocrx_word' id='word_1_830' title='bbox 3027 4560 3082 4610; x_wconf 86' lang='grc' dir='ltr'><strong>ἐν</strong></span> <span class='ocrx_word' id='word_1_831' title='bbox 3108 4559 3388 4620; x_wconf 80' lang='grc' dir='ltr'>ἰδιωτικοῖς</span> <span class='ocrx_word' id='word_1_832' title='bbox 3432 4557 3671 4628; x_wconf 78' lang='grc' dir='ltr'>ῥήμασιν</span> <span class='ocrx_word' id='word_1_833' title='bbox 3711 4555 3901 4624; x_wconf 79' lang='grc' dir='ltr'>ἱκανὴν</span> 
     </span>
    </p>
   </div>
   <div class='ocr_carea' id='block_1_108' title="bbox 2330 4648 3899 4724">
    <p class='ocr_par' dir='ltr' id='par_1_108' title="bbox 2330 4648 3899 4724">
     <span class='ocr_line' id='line_1_108' title="bbox 2330 4648 3899 4724; baseline -0.004 -19"><span class='ocrx_word' id='word_1_834' title='bbox 2330 4657 2461 4724; x_wconf 78' lang='grc' dir='ltr'>ἡμῖν</span> <span class='ocrx_word' id='word_1_835' title='bbox 2484 4654 2580 4723; x_wconf 86' lang='grc' dir='ltr'><strong>τῆς</strong></span> <span class='ocrx_word' id='word_1_836' title='bbox 2607 4654 2816 4723; x_wconf 77' lang='grc' dir='ltr'>φύσεως</span> <span class='ocrx_word' id='word_1_837' title='bbox 2846 4651 3007 4707; x_wconf 90' lang='grc' dir='ltr'>αὐτοῦ</span> <span class='ocrx_word' id='word_1_838' title='bbox 3052 4652 3147 4721; x_wconf 79' lang='grc' dir='ltr'><strong>τὴν</strong></span> <span class='ocrx_word' id='word_1_839' title='bbox 3175 4650 3405 4704; x_wconf 80' lang='grc' dir='ltr'>διάνοιαν</span> <span class='ocrx_word' id='word_1_840' title='bbox 3437 4648 3749 4719; x_wconf 76' lang='grc' dir='ltr'>ἐνεποίησεν</span> <span class='ocrx_word' id='word_1_841' title='bbox 3769 4693 3783 4713; x_wconf 85' lang='grc'><strong>,</strong></span> <span class='ocrx_word' id='word_1_842' title='bbox 3818 4649 3899 4699; x_wconf 80' lang='grc' dir='ltr'><strong>εξ-</strong></span> 
     </span>
    </p>
   </div>
   <div class='ocr_carea' id='block_1_109' title="bbox 2329 4741 3894 4814">
    <p class='ocr_par' dir='ltr' id='par_1_109' title="bbox 2329 4741 3894 4814">
     <span class='ocr_line' id='line_1_109' title="bbox 2329 4741 3894 4814; baseline -0.002 -19"><span class='ocrx_word' id='word_1_843' title='bbox 2329 4743 2444 4796; x_wconf 78' lang='grc' dir='ltr'>πών</span> <span class='ocrx_word' id='word_1_844' title='bbox 2461 4761 2473 4773; x_wconf 90' lang='grc'><strong>·</strong></span> <span class='ocrx_word' id='word_1_845' title='bbox 2520 4745 2581 4797; x_wconf 92' lang='lat'><strong>&#39;0</strong></span> <span class='ocrx_word' id='word_1_846' title='bbox 2615 4745 2949 4814; x_wconf 80' lang='grc' dir='ltr'>στερεώσας</span> <span class='ocrx_word' id='word_1_847' title='bbox 2989 4743 3093 4796; x_wconf 79' lang='grc' dir='ltr'><strong>τὸν</strong></span> <span class='ocrx_word' id='word_1_848' title='bbox 3145 4741 3400 4810; x_wconf 77' lang='grc' dir='ltr'>οὐρανὸν</span> <span class='ocrx_word' id='word_1_849' title='bbox 3444 4741 3585 4794; x_wconf 75' lang='grc' dir='ltr'>ὡσεὶ</span> <span class='ocrx_word' id='word_1_850' title='bbox 3638 4741 3894 4794; x_wconf 68' lang='grc' dir='ltr'>καπνόν-⁸</span> 
     </span>
    </p>
   </div>
   <div class='ocr_carea' id='block_1_110' title="bbox 2273 4974 3897 5051">
    <p class='ocr_par' dir='ltr' id='par_1_110' title="bbox 2273 4974 3897 5051">
     <span class='ocr_line' id='line_1_110' title="bbox 2273 4974 3897 5051; baseline -0.004 -15"><span class='ocrx_word' id='word_1_851' title='bbox 2273 4982 2317 5036; x_wconf 91' lang='lat' dir='ltr'><strong>D</strong></span> <span class='ocrx_word' id='word_1_852' title='bbox 2419 4979 2526 5051; x_wconf 78' lang='grc'>(55)</span> <span class='ocrx_word' id='word_1_853' title='bbox 2554 4980 2774 5033; x_wconf 83' lang='lat' dir='ltr'><strong>Veteres</strong></span> <span class='ocrx_word' id='word_1_854' title='bbox 2797 4979 2902 5032; x_wconf 88' lang='lat' dir='ltr'><strong>duo</strong></span> <span class='ocrx_word' id='word_1_855' title='bbox 2937 4979 3056 5051; x_wconf 85' lang='lat' dir='ltr'><strong>libri</strong></span> <span class='ocrx_word' id='word_1_856' title='bbox 3085 4976 3407 5049; x_wconf 80' lang='grc' dir='ltr'>ἐνυπάρχον.</span> <span class='ocrx_word' id='word_1_857' title='bbox 3442 4974 3732 5043; x_wconf 85' lang='lat' dir='ltr'><strong>Aliquanto</strong></span> <span class='ocrx_word' id='word_1_858' title='bbox 3775 4986 3897 5043; x_wconf 82' lang='lat' dir='ltr'><strong>post</strong></span> 
     </span>
    </p>
   </div>
   <div class='ocr_carea' id='block_1_111' title="bbox 2339 5050 3104 5117">
    <p class='ocr_par' dir='ltr' id='par_1_111' title="bbox 2339 5050 3104 5117">
     <span class='ocr_line' id='line_1_111' title="bbox 2339 5050 3104 5117; baseline -0.005 -9"><span class='ocrx_word' id='word_1_859' title='bbox 2339 5069 2467 5109; x_wconf 84' lang='lat' dir='ltr'><strong>mss.</strong></span> <span class='ocrx_word' id='word_1_860' title='bbox 2498 5050 2733 5104; x_wconf 81' lang='lat' dir='ltr'><strong>nonnulli</strong></span> <span class='ocrx_word' id='word_1_861' title='bbox 2767 5052 2945 5105; x_wconf 71' lang='grc' dir='ltr'>ἐπἰτὰ</span> <span class='ocrx_word' id='word_1_862' title='bbox 2980 5050 3104 5117; x_wconf 74' lang='grc' dir='ltr'>ἔξω.</span> 
     </span>
    </p>
   </div>
   <div class='ocr_carea' id='block_1_112' title="bbox 2409 5116 3887 5193">
    <p class='ocr_par' dir='ltr' id='par_1_112' title="bbox 2409 5116 3887 5193">
     <span class='ocr_line' id='line_1_112' title="bbox 2409 5116 3887 5193; baseline -0.005 -16"><span class='ocrx_word' id='word_1_863' title='bbox 2409 5124 2515 5193; x_wconf 81' lang='grc'>(56)</span> <span class='ocrx_word' id='word_1_864' title='bbox 2553 5120 2698 5174; x_wconf 91' lang='lat' dir='ltr'><strong>Libri</strong></span> <span class='ocrx_word' id='word_1_865' title='bbox 2730 5119 2934 5188; x_wconf 66' lang='lat' dir='ltr'><strong>Amglici</strong></span> <span class='ocrx_word' id='word_1_866' title='bbox 2965 5116 3081 5193; x_wconf 82' lang='lat' dir='ltr'><strong>cum</strong></span> <span class='ocrx_word' id='word_1_867' title='bbox 3119 5116 3267 5171; x_wconf 88' lang='lat' dir='ltr'><strong>Colb.</strong></span> <span class='ocrx_word' id='word_1_868' title='bbox 3306 5117 3479 5193; x_wconf 67' lang='lat' dir='ltr'><strong>primo</strong></span> <span class='ocrx_word' id='word_1_869' title='bbox 3513 5126 3567 5171; x_wconf 85' lang='lat' dir='ltr'><strong>et</strong></span> <span class='ocrx_word' id='word_1_870' title='bbox 3594 5116 3887 5193; x_wconf 73' lang='lat' dir='ltr'><strong>cum_l{eg_.</strong></span> 
     </span>
    </p>
   </div>
   <div class='ocr_carea' id='block_1_113' title="bbox 2335 5185 3892 5263">
    <p class='ocr_par' dir='ltr' id='par_1_113' title="bbox 2335 5185 3892 5263">
     <span class='ocr_line' id='line_1_113' title="bbox 2335 5185 3892 5263; baseline -0.006 -15"><span class='ocrx_word' id='word_1_871' title='bbox 2335 5185 2761 5263; x_wconf 56' lang='grc' dir='ltr'>δοίιοζητεῐν...</span> <span class='ocrx_word' id='word_1_872' title='bbox 2792 5185 2951 5244; x_wconf 71' lang='grc' dir='ltr'>νοεῖν.</span> <span class='ocrx_word' id='word_1_873' title='bbox 2998 5191 3064 5243; x_wconf 86' lang='lat' dir='ltr'><strong>At</strong></span> <span class='ocrx_word' id='word_1_874' title='bbox 3100 5185 3322 5263; x_wconf 76' lang='lat' dir='ltr'><strong>uterque</strong></span> <span class='ocrx_word' id='word_1_875' title='bbox 3374 5189 3502 5263; x_wconf 56' lang='lat' dir='ltr'><strong>Duc.</strong></span> <span class='ocrx_word' id='word_1_876' title='bbox 3549 5201 3669 5238; x_wconf 89' lang='lat' dir='ltr'><strong>cum</strong></span> <span class='ocrx_word' id='word_1_877' title='bbox 3726 5185 3892 5241; x_wconf 83' lang='lat' dir='ltr'><strong>Cois].</strong></span> 
     </span>
    </p>
   </div>
   <div class='ocr_carea' id='block_1_114' title="bbox 2336 5258 3896 5334">
    <p class='ocr_par' dir='ltr' id='par_1_114' title="bbox 2336 5258 3896 5334">
     <span class='ocr_line' id='line_1_114' title="bbox 2336 5258 3896 5334; baseline -0.006 -17"><span class='ocrx_word' id='word_1_878' title='bbox 2336 5267 2509 5334; x_wconf 83' lang='lat' dir='ltr'><strong>primo</strong></span> <span class='ocrx_word' id='word_1_879' title='bbox 2540 5258 2594 5317; x_wconf 74' lang='lat' dir='ltr'><strong>et</strong></span> <span class='ocrx_word' id='word_1_880' title='bbox 2624 5277 2744 5313; x_wconf 88' lang='lat' dir='ltr'><strong>cum</strong></span> <span class='ocrx_word' id='word_1_881' title='bbox 2767 5264 2895 5334; x_wconf 74' lang='lat' dir='ltr'><strong>aliis</strong></span> <span class='ocrx_word' id='word_1_882' title='bbox 2922 5260 3397 5334; x_wconf 34' lang='lat' dir='ltr'><strong>quibusdum‘mss.</strong></span> <span class='ocrx_word' id='word_1_883' title='bbox 3418 5258 3687 5334; x_wconf 56' lang='lat' dir='ltr'><strong>vulgatam</strong></span> <span class='ocrx_word' id='word_1_884' title='bbox 3716 5266 3896 5334; x_wconf 64' lang='lat' dir='ltr'><strong>utetur</strong></span> 
     </span>
    </p>
   </div>
   <div class='ocr_carea' id='block_1_115' title="bbox 2336 5326 3891 5393">
    <p class='ocr_par' dir='ltr' id='par_1_115' title="bbox 2336 5326 3891 5393">
     <span class='ocr_line' id='line_1_115' title="bbox 2336 5326 3891 5393; baseline -0.006 -6"><span class='ocrx_word' id='word_1_885' title='bbox 2336 5326 2619 5388; x_wconf 82' lang='lat' dir='ltr'><strong>lectionem</strong></span> <span class='ocrx_word' id='word_1_886' title='bbox 2652 5347 2666 5381; x_wconf 77' lang='grc' dir='ltr'><strong>ι</strong></span> <span class='ocrx_word' id='word_1_887' title='bbox 2695 5332 2778 5384; x_wconf 82' lang='lat' dir='ltr'><strong>etii</strong></span> <span class='ocrx_word' id='word_1_888' title='bbox 2812 5326 3023 5384; x_wconf 81' lang='lat' dir='ltr'><strong>lectioni</strong></span> <span class='ocrx_word' id='word_1_889' title='bbox 3056 5338 3204 5381; x_wconf 85' lang='lat' dir='ltr'><strong>vetus</strong></span> <span class='ocrx_word' id='word_1_890' title='bbox 3253 5328 3519 5393; x_wconf 79' lang='lat' dir='ltr'><strong>interpres</strong></span> <span class='ocrx_word' id='word_1_891' title='bbox 3572 5326 3891 5380; x_wconf 83' lang='lat' dir='ltr'><strong>Eustathius</strong></span> 
     </span>
    </p>
   </div>
   <div class='ocr_carea' id='block_1_116' title="bbox 2338 5398 3897 5469">
    <p class='ocr_par' dir='ltr' id='par_1_116' title="bbox 2338 5398 3897 5469">
     <span class='ocr_line' id='line_1_116' title="bbox 2338 5398 3897 5469; baseline -0.008 -11"><span class='ocrx_word' id='word_1_892' title='bbox 2338 5408 2520 5459; x_wconf 79' lang='lat' dir='ltr'><strong>favet:</strong></span> <span class='ocrx_word' id='word_1_893' title='bbox 2556 5401 2676 5456; x_wconf 87' lang='lat' dir='ltr'><strong>Non</strong></span> <span class='ocrx_word' id='word_1_894' title='bbox 2714 5418 2832 5469; x_wconf 83' lang='lat' dir='ltr'><strong>ergo</strong></span> <span class='ocrx_word' id='word_1_895' title='bbox 2876 5417 3103 5465; x_wconf 71' lang='lat' dir='ltr'><strong>amaras,</strong></span> <span class='ocrx_word' id='word_1_896' title='bbox 3141 5398 3330 5467; x_wconf 85' lang='lat' dir='ltr'><strong>inquit,</strong></span> <span class='ocrx_word' id='word_1_897' title='bbox 3368 5400 3431 5448; x_wconf 85' lang='lat' dir='ltr'><strong>de</strong></span> <span class='ocrx_word' id='word_1_898' title='bbox 3472 5399 3699 5467; x_wconf 76' lang='lat' dir='ltr'><strong>singulis</strong></span> <span class='ocrx_word' id='word_1_899' title='bbox 3739 5399 3897 5469; x_wconf 69' lang='lat' dir='ltr'><strong>ratio-</strong></span> 
     </span>
    </p>
   </div>
   <div class='ocr_carea' id='block_1_117' title="bbox 2339 5467 3893 5541">
    <p class='ocr_par' dir='ltr' id='par_1_117' title="bbox 2339 5467 3893 5541">
     <span class='ocr_line' id='line_1_117' title="bbox 2339 5467 3893 5541; baseline -0.007 -13"><span class='ocrx_word' id='word_1_900' title='bbox 2339 5492 2449 5528; x_wconf 86' lang='lat' dir='ltr'><strong>nem</strong></span> <span class='ocrx_word' id='word_1_901' title='bbox 2480 5491 2498 5528; x_wconf 92' lang='lat'><strong><em>:</em></strong></span> <span class='ocrx_word' id='word_1_902' title='bbox 2532 5475 2618 5526; x_wconf 78' lang='lat' dir='ltr'><strong>sed</strong></span> <span class='ocrx_word' id='word_1_903' title='bbox 2650 5473 2740 5524; x_wconf 85' lang='lat' dir='ltr'><strong>illa</strong></span> <span class='ocrx_word' id='word_1_904' title='bbox 2755 5467 2955 5541; x_wconf 74' lang='lat' dir='ltr'><strong>quoque</strong></span> <span class='ocrx_word' id='word_1_905' title='bbox 2979 5486 3094 5540; x_wconf 69' lang='grc' dir='ltr'>«μαι»</span> <span class='ocrx_word' id='word_1_906' title='bbox 3117 5469 3324 5521; x_wconf 73' lang='lat' dir='ltr'><strong>silentio</strong></span> <span class='ocrx_word' id='word_1_907' title='bbox 3350 5468 3616 5541; x_wconf 56' lang='lat' dir='ltr'><strong>Scriptura</strong></span> <span class='ocrx_word' id='word_1_908' title='bbox 3640 5467 3893 5537; x_wconf 73' lang='lat' dir='ltr'><strong>prmleril,</strong></span> 
     </span>
    </p>
   </div>
   <div class='ocr_carea' id='block_1_118' title="bbox 2344 5539 3593 5607">
    <p class='ocr_par' dir='ltr' id='par_1_118' title="bbox 2344 5539 3593 5607">
     <span class='ocr_line' id='line_1_118' title="bbox 2344 5539 3593 5607; baseline -0.005 -11"><span class='ocrx_word' id='word_1_909' title='bbox 2344 5562 2406 5598; x_wconf 76' lang='lat' dir='ltr'><strong>ea&#39;</strong></span> <span class='ocrx_word' id='word_1_910' title='bbox 2432 5542 2539 5602; x_wconf 80' lang='lat' dir='ltr'><strong>h’is,</strong></span> <span class='ocrx_word' id='word_1_911' title='bbox 2567 5558 2681 5607; x_wconf 72' lang='lat' dir='ltr'><strong>qum</strong></span> <span class='ocrx_word' id='word_1_912' title='bbox 2710 5539 2877 5595; x_wconf 79' lang='lat' dir='ltr'><strong>relata</strong></span> <span class='ocrx_word' id='word_1_913' title='bbox 2909 5539 3045 5600; x_wconf 76' lang='lat' dir='ltr'><strong>sunt,</strong></span> <span class='ocrx_word' id='word_1_914' title='bbox 3080 5541 3281 5591; x_wconf 70' lang='lat' dir='ltr'><strong>debebis</strong></span> <span class='ocrx_word' id='word_1_915' title='bbox 3310 5539 3593 5590; x_wconf 69' lang='lat' dir='ltr'><strong>advertere.</strong></span> 
     </span>
    </p>
   </div>
   <div class='ocr_carea' id='block_1_119' title="bbox 2413 5605 3898 5685">
    <p class='ocr_par' dir='ltr' id='par_1_119' title="bbox 2413 5605 3898 5685">
     <span class='ocr_line' id='line_1_119' title="bbox 2413 5605 3898 5685; baseline -0.001 -20"><span class='ocrx_word' id='word_1_916' title='bbox 2413 5615 2522 5685; x_wconf 74' lang='grc'>(57)</span> <span class='ocrx_word' id='word_1_917' title='bbox 2557 5605 2779 5669; x_wconf 55' lang='lat' dir='ltr'><strong>(lodices</strong></span> <span class='ocrx_word' id='word_1_918' title='bbox 2833 5612 3069 5667; x_wconf 86' lang='lat' dir='ltr'><strong>nonnulli</strong></span> <span class='ocrx_word' id='word_1_919' title='bbox 3104 5610 3239 5680; x_wconf 71' lang='grc' dir='ltr'>πρὸς</span> <span class='ocrx_word' id='word_1_920' title='bbox 3286 5607 3386 5679; x_wconf 84' lang='grc' dir='ltr'><strong>τῷ.</strong></span> <span class='ocrx_word' id='word_1_921' title='bbox 3440 5608 3539 5662; x_wconf 67' lang='lat' dir='ltr'><strong>Arii</strong></span> <span class='ocrx_word' id='word_1_922' title='bbox 3580 5622 3704 5664; x_wconf 89' lang='lat' dir='ltr'><strong>cum</strong></span> <span class='ocrx_word' id='word_1_923' title='bbox 3735 5605 3898 5663; x_wconf 81' lang='lat' dir='ltr'><strong>editis</strong></span> 
     </span>
    </p>
   </div>
   <div class='ocr_carea' id='block_1_120' title="bbox 2338 5685 2567 5758">
    <p class='ocr_par' dir='ltr' id='par_1_120' title="bbox 2338 5685 2567 5758">
     <span class='ocr_line' id='line_1_120' title="bbox 2338 5685 2567 5758; baseline -0.009 -20"><span class='ocrx_word' id='word_1_924' title='bbox 2338 5686 2470 5758; x_wconf 75' lang='grc' dir='ltr'>πρὸς</span> <span class='ocrx_word' id='word_1_925' title='bbox 2490 5685 2567 5737; x_wconf 87' lang='grc' dir='ltr'><strong>τό,</strong></span> 
     </span>
    </p>
   </div>
  </div>
