4098 6326
179 346 251 401 ξι
1316 341 1598 397 HOMILIA
1637 343 1657 396 l
1692 342 1728 398 ll

1830 342 2286 399 IEXAEMERON.

3330 337 3406 395 2!

180 460 453 525 τουτέστι,
489 463 685 533 λεπτὴν
710 462 866 532 φύσιν
894 463 984 515 κα)⁸
1013 462 1073 515 ὠ
1116 462 1334 532 στερεὰν
1363 461 1481 514 οὑδὲ
1520 463 1728 530 παχεῖαπ

1848 473 1948 528 est,
1981 464 2072 533 qui
2119 473 2354 525 tenuem,
2394 476 2496 515 non
2540 460 2764 515 solidam
2816 473 2983 527 neque
3034 471 3271 512 crassam
3305 473 3404 510 na-

180 558 267 619 εἰς
287 553 384 626 τὴν
412 555 502 607 τοῦ
524 553 750 627 οὐρανοῦ
782 554 1037 607 σύστασιν
1069 552 1349 615 οὑσιώσας.
1385 553 1492 605 Καὶ
1513 554 1633 622 περ)
1658 552 1748 606 τοῦ

182 648 463 717 σχήματος
494 645 549 697 δὲ
584 646 740 699 ἱκανὰ
768 646 897 715 ἡμῖν
931 644 997 697 τὰ
1024 642 1149 715 παρ’
1172 642 1333 695 αὑτοῦ
1356 682 1369 705 ,
1410 644 1650 708 εἰπόντος
1692 646 1749 696 ἐν

178 736 456 808 δοξολογίᾳ
486 735 617 788 Θεοῦ
638 752 653 768 ·
690 738 752 789 '0
781 736 1015 801 στήσας
1040 734 1145 787 τὸν
1183 734 1437 802 οὐρανὸν
1475 736 1615 789 ὡσεὶ
1644 752 1747 788 κα-

178 826 395 893 μάραν.
428 826 505 878 Τὰ
535 826 671 879 αὑτὰ
702 826 756 878 δὲ
777 824 947 877 ταῦτα
977 824 1066 875 καὶ
1090 824 1337 893 περὶτῆς
1373 823 1477 892 γῆς
1516 824 1748 894 συμϐου-

179 919 425 988 λεύωμεν
472 918 579 987 (58)
623 920 862 979 ἑαυτοῖς,
916 916 989 986 μὴ
1052 916 1522 987 πολυπραγμονεῖν
1581 918 1746 987 αὑτῆς

178 1013 277 1080 τὴν
310 1010 495 1063 οὐσίαν
519 1012 638 1079 ἥτις
664 1009 788 1061 ποτέ
831 1011 964 1069 ἐστι,
1006 1008 1136 1078 μηδὲ
1183 1007 1598 1078 κατατρίϐεσθαι
1634 1012 1745 1071 τοῖς

180 1107 457 1171 λογισμοῖς
478 1103 605 1154 αὐτὸ
625 1102 681 1153 τὸ
706 1098 1058 1167 ὑποκείμενον
1088 1098 1462 1169 ὲκζητοῦντας,
1492 1099 1622 1169 μηδὲ
1650 1098 1746 1169 ζη-

178 1197 289 1246 τεῖν
315 1211 434 1247 τινα
471 1196 626 1262 φύσιν
668 1192 868 1261 ἔρημον
902 1192 1231 1259 ποιοτήτων,
1263 1192 1448 1244 ἄποιον
1475 1192 1743 1261 ὑπάρκ⁰υ’

180 1302 277 1338 σαν
314 1285 392 1355 τῷ
424 1284 621 1351 ἑαυτῆς
669 1282 826 1351 λόγῳ,
853 1282 963 1334 ἀλλ’
1016 1277 1072 1333 εὖ
1101 1282 1313 1344 εἰδέναι,
1352 1283 1431 1334 ὅτι
1474 1284 1648 1336 πάντα
1674 1283 1742 1336 τὰ

180 1378 308 1448 περὶ
328 1377 493 1444 αὑτὴν
511 1373 851 1443 θεωρούμενα
875 1376 952 1435 εἰς
974 1372 1061 1424 τὸν
1084 1372 1173 1424 τοῦ
1194 1369 1326 1425 εἶναι
1348 1375 1739 1427 κατατέτακται

176 1468 351 1535 λόγον,
385 1465 807 1535 συμπληρωτικὰ
832 1466 929 1535 τῆς
959 1466 1141 1528 οὐσίας
1173 1466 1501 1535 ὑπάρχοντα.
1540 1468 1629 1531 Εἰς
1651 1468 1740 1519 οὑ-

175 1560 258 1612 δὲν
279 1560 386 1627 γὰρ
408 1556 746 1626 καταλήξεις,
774 1558 938 1609 ὲκάστ
950 1575 1006 1627 ην
1030 1555 1136 1608 τῶν
1163 1557 1578 1627 ἐνυπαρχουσῶν
1603 1560 1733 1629 αὑτῇ

178 1649 470 1716 ποιοτήτων
498 1647 899 1717 ὑπεξαιρεῖσθαι
939 1646 1015 1716 τῷ
1047 1647 1186 1715 λόγῳ
1226 1649 1575 1716 πειρώμενος.
1615 1650 1736 1701 Ἐὰν

170 1740 275 1808 γὰρ
312 1739 626 1811 ἀποστήσῃς
669 1738 728 1791 τὸ
775 1738 973 1807 μέλαν,
1028 1739 1085 1789 τὸ
1117 1738 1338 1810 ψυχρὸν,
1380 1738 1439 1790 τὸ
1482 1738 1637 1809 βαρὺ,
1676 1740 1734 1793 τὸ

1852 565 2046 618 turam,
2080 555 2145 608 ad
2180 554 2600 608 constituendam
2639 552 2760 606 caeli
2808 550 3162 604 substantiam
3209 548 3398 603 condi-

1847 646 1946 698 dit.
2001 645 2075 699 De
2114 645 2278 713 figura
2308 656 2517 713 quoque
2543 640 2811 694 sulliciunt
2837 640 2993 692 nobis
3031 654 3147 706 quae
3204 638 3315 707 ipse
3345 638 3400 692 in

1852 735 1942 788 Dei
1965 732 2351 803 gloriﬁcatioue
2380 733 2550 787 dixit:
2580 730 2679 796 Qui
2710 730 2892 783 statuit
2926 730 3107 783 caelum
3131 730 3266 782 sicut
3304 744 3395 781 ca-

1847 826 2127 878 meram".
2163 826 2425 879 Caeterum
2478 824 2592 878 haec
2630 824 2813 876 eadem
2848 833 2899 873 et
2943 822 3007 874 de
3047 830 3185 875 terra
3241 821 3397 876 nobis

1846 916 1946 986 ipsi
1983 917 2321 975 suadeanms,
2361 926 2420 969 ut
2454 931 2519 969 ne
2556 915 2727 983 qualis
2766 914 2975 968 tandem
3012 913 3082 965 sit
3119 911 3233 979 ejus
3262 910 3393 966 sub-

1843 1010 2062 1073 stantia,
2104 1009 2366 1062 curiosius
2412 1018 2830 1076 perscrutemur,
2870 1005 2924 1075 9
2965 1020 3135 1072 neque
3173 1005 3223 1056 iu
3264 1005 3393 1058 sub-

1843 1098 1990 1167 jecto
2024 1097 2379 1166 perquirendo
2430 1097 2841 1150 ratiocinatione
2876 1094 3224 1161 defatigemur
3254 1112 3267 1148 :
3302 1107 3397 1148 ne-

1842 1207 1946 1262 que
1976 1201 2217 1245 naturam
2254 1192 2558 1259 quampiam
2592 1189 2940 1258 qualitatibus
2982 1188 3308 1249 destitutam,
3339 1195 3395 1241 et

1840 1283 2155 1353 qualitatum
2191 1297 2281 1335 sua
2332 1284 2493 1350 ipsius
2543 1282 2848 1336 conditione
2895 1292 3163 1349 expertem
3204 1279 3394 1348 exqui-

1840 1390 2021 1428 ramus
2052 1388 2065 1425 :
2095 1374 2185 1427 sed
2215 1376 2377 1436 probe
2406 1373 2637 1427 sciamus
2664 1374 2839 1427 omnia
2870 1385 3201 1440 quaecunque
3238 1370 3288 1422 in
3321 1384 3388 1423 ea

1839 1465 2265 1529 considerantur,
2328 1463 2392 1515 ad
2452 1463 2618 1532 ipsius
2650 1463 2939 1518 exsisteudi
2974 1462 3232 1515 rationem
3261 1476 3387 1528 spe-

1837 1566 2018 1623 ctare,
2073 1557 2267 1625 quippe
2327 1571 2446 1625 qua:
2501 1556 2667 1625 ipsius
2715 1554 3008 1622 compleant
3076 1552 3385 1607 essentiam.

1835 1648 2065 1712 Etenim,
2109 1648 2152 1701 si
2186 1646 2469 1716 qualitates
2499 1646 2751 1715 singulas,
2781 1661 2911 1714 quas
2933 1643 3155 1708 obtinet,
3188 1642 3391 1696 ratione

1835 1737 2048 1791 auferre
2079 1736 2312 1803 c0ueris,
2369 1753 2427 1792 es
2472 1739 2522 1791 iu
2578 1739 2800 1792 nihilum
2837 1738 3127 1793 desituros.
3175 1736 3308 1791 Nam
3342 1735 3387 1791 si

170 1831 391 1893 πυκνὸν,
419 1831 515 1894 τὰς
549 1831 688 1883 κατὰ
715 1829 900 1896 γεῦσιν
931 1830 1335 1899 ἐνυπαρχούσας
1360 1831 1492 1899 αὑτῇ
1528 1830 1728 1902 ποιότη·

1837 1828 2104 1882 amoveris
2145 1829 2549 1899 nigriludinem,
2606 1828 2978 1898 frigiditatem,
3045 1829 3388 1897 gravitatem,

166 1938 285 1984 τας,
312 1922 344 1990 ἢ
372 1922 423 1972 εἰ
448 1938 589 1982 τινες
625 1918 777 1972 ἄλλαι
812 1918 937 1989 περ).
978 1918 1144 1987 αὑτὴν
1190 1916 1537 1988 θεωροῦνται,
1583 1918 1732 1971 οὐδὲν

169 2012 318 2065 ἔσται
348 2012 406 2064 τὸ
424 2011 773 2080 ὑποκείμενον
803 2009 930 2077 (59).
961 2008 1144 2061 Ταῦτά
1172 2025 1229 2060 τε
1260 2004 1350 2060 οὖν
1374 2009 1735 2061 καταλιπόντα

170 2123 252 2165 σε.
290 2105 423 2176 μηδὲ
450 2108 619 2157 ἐκεῖνο
663 2103 842 2172 ζητεῖν
874 2102 1121 2171 παραινῶ
1141 2142 1154 2163 ,
1190 2101 1281 2152 ἐπὶ
1315 2101 1458 2162 τίνος
1485 2100 1729 2169 ἔστηκεν.

178 2198 489 2265 ’ἰλιγγιὰσει
512 2196 618 2263 γὰρ
650 2195 741 2246 καὶ
770 2193 939 2255 οὑτως
970 2192 1241 2262 ἡδιάνοια,
1269 2191 1401 2259 πρὸς
1426 2190 1573 2242 οὐδὲν
1605 2193 1730 2259 ὀμο-

166 2289 494 2357 λογούμενον
530 2286 700 2355 πέρας
737 2284 1017 2348 διεξιόντος
1060 2282 1151 2334 τοῦ
1188 2280 1464 2350 λογισμοῦ.
1518 2281 1639 2332 Ἐάν
1672 2298 1731 2332 τε

164 2381 274 2450 γὰρ
325 2380 462 2447 ἀέρα
516 2380 620 2447 φῇς
673 2373 1050 2444 ὑπεστρῶσθαι
1096 2373 1203 2442 (60)
1250 2372 1436 2424 πλάτει
1466 2372 1562 2441 τῆς
1605 2372 1729 2440 γῆς,

163 2471 478 2539 ἀπορήσεις,
505 2468 620 2529 πῶς
654 2468 685 2536 ἡ
719 2465 965 2535 μαλθακὴ
995 2464 1083 2516 καὶ
1108 2463 1396 2526 πολύκενος
1424 2463 1579 2531 φύσις
1605 2464 1731 2516 ἀντ-

163 2560 276 2627 ἔχει
321 2558 425 2611 ὑπὸ
479 2558 728 2610 τοσούτου
767 2557 962 2628 βάρους
1012 2558 1425 2627 συνθλιϐομένη,
1468 2557 1580 2611 ἀλλ’
1614 2559 1732 2627 οὑχ).

162 2648 503 2701 διολισθαίνει
556 2648 813 2700 πάντοθεν
862 2648 956 2716 τὴν
1004 2646 1277 2717 συνίζησιν
1330 2647 1727 2714 ὑποφεύγουσα,

164 2743 257 2795 καὶ
286 2741 371 2794 ἀεὶ
398 2740 530 2811 πρὸς
557 2740 615 2792 τὸ
646 2739 754 2793 ἄνω
784 2738 1152 2807 ὑπερχεομένη
1198 2737 1289 2789 τοῦ
1324 2739 1728 2807 συμπιέζοντος.

161 2835 350 2894 Πάλιν,
382 2833 473 2885 ἐὰν
500 2830 698 2901 ὑποθῇς
741 2829 916 2896 ἑαυτῴ
958 2828 1061 2896 (61)
1105 2828 1246 2897 ὕδωρ
1288 2824 1423 2881 εἶναι
1459 2828 1518 2880 τὸ
1542 2828 1733 2880 ὑποϐε-

160 2926 427 2996 ϐλημένον
456 2928 517 2993 τῇ
541 2926 630 2992 γῇ,
662 2925 752 2974 καὶ
775 2922 941 2984 οὑτως
976 2920 1339 2991 ἐπιζητήσεις,
1367 2919 1483 2983 πῶς
1505 2920 1565 2972 τὸ
1592 2920 1726 2991 βαρὺ

160 3017 257 3069 καὶ
300 3016 499 3067 πυκνὸν
546 3015 605 3065 οὑ
646 3012 877 3065 διαδύνει
919 3012 1010 3065 τοῦ
1059 3013 1277 3076 ὓδατος,
1322 3012 1432 3066 ἀλλ’
1482 3013 1587 3065 ὑπὸ
1628 3012 1729 3082 τῆς

157 3105 550 3175 ἀσθενεστέρας
574 3104 786 3172 φύσεως
812 3105 871 3156 τὸ
901 3105 1147 3157 τοσοῦτον
1187 3105 1486 3176 ὑπερφέρον
1511 3105 1585 3175 τῷ
1630 3104 1725 3175 βά-

160 3214 246 3268 ρει
280 3199 585 3266 κρατείταιο
632 3197 765 3267 πρὸς
796 3198 856 3249 τὸ
897 3198 988 3250 καὶ
1036 3198 1145 3267 (69.)
1194 3196 1356 3249 αὑτοῦ
1393 3197 1483 3250 τοῦ
1538 3199 1723 3262 ὕδατος

156 3288 254 3356 τὴν
282 3287 443 3357 ἕδραν
495 3287 788 3357 ἐπιζητεῖν,
835 3289 927 3340 καὶ
962 3287 1118 3340 πάλιν
1153 3288 1427 3357 διαπορεῖν
1459 3288 1561 3340 τίνι
1607 3307 1725 3340 στε-

156 3378 308 3449 γανῷ
344 3380 438 3433 καὶ
474 3380 825 3451 ἁντερείδοντι
878 3381 905 3430 ὁ
941 3378 1243 3440 τελευταῖος
1297 3376 1457 3429 αὑτοῦ
1512 3379 1725 3447 πυθμὴν

156 3469 448 3523 ὲπιὸαίνει.

228 3651 281 3704 9.
321 3650 444 3702 Ἐὰν
482 3651 537 3703 δὲ
582 3652 763 3721 ἕτερον
818 3649 972 3720 σῶμα
1012 3649 1106 3719 τῆς
1159 3650 1260 3719 γῆς
1313 3648 1725 3719 ἐμϐριθέστερον

154 3742 331 3811 ὑποθῇ
363 3742 588 3793 κωλύειν
610 3742 703 3809 τὴν
736 3742 835 3811 γῆν
870 3743 1003 3812 πρὸς
1038 3742 1097 3794 τὸ
1128 3743 1274 3794 κάτω
1313 3745 1535 3812 χωρεῖν,
1575 3742 1725 3793 ἐνθυ-

157 3835 379 3906 μηθήσῃ
410 3834 628 3885 κάκεῖνο
668 3834 852 3902 ὁμοίου
893 3836 1033 3897 τινὸς
1071 3835 1276 3887 δεῖσθαι
1318 3835 1409 3886 τοῦ
1448 3836 1724 3901 στέγοντος

152 3928 249 3980 καὶ
282 3925 357 3996 μὴ
394 3922 587 3985 ἐῶντος
619 3924 748 3976 αὑτὸ
781 3925 1158 3979 καταπίπτειν.
1193 3926 1306 3978 Κᾶν
1337 3942 1387 3977 τι
1415 3923 1722 3995 δυνηθῶμεν

154 4021 349 4087 ἐκείνῳ
399 4016 809 4085 συμπλάσαντες
856 4016 1167 4078 ὑποθεῖναι,
1212 4016 1269 4067 τὸ
1316 4017 1520 4067 ἐκείνου
1567 4016 1722 4068 πάλιν

153 4112 486 4179 ἀντέρεισμα
527 4109 556 4160 ὁ
602 4107 723 4172 νοῦς
752 4109 904 4178 ἡμῶν
940 4105 1276 4176 ἐπιζητήσει,
1323 4107 1414 4158 καὶ
1444 4106 1613 4168 οὑτως
1646 4109 1722 4170 εἰς

153 4204 382 4272 ἄπειρον
428 4200 803 4269 ἐκπεσούμεθα
838 4200 966 4264 (65),
1033 4202 1143 4261 τοῖς
1201 4199 1287 4252 ἀεὶ
1323 4199 1723 4269 εὑρισκομένοις

155 4293 377 4362 βάθροις
406 4294 568 4364 ’ἑτερα
600 4293 757 4345 πάλιν
790 4292 1143 4353 ἐπινοοῦντες.
1168 4292 1275 4343 Καὶ
1298 4292 1404 4359 ὅσῳ
1429 4291 1519 4341 ἐπὶ
1543 4292 1722 4343 πλεῖον

151 4384 227 4453 τῷ
260 4385 405 4455 λόγῳ
457 4386 745 4458 προῖεμεν,
781 4382 1016 4452 τοσούτῳ
1069 4384 1286 4451 μείζονα
1334 4384 1431 4454 τὴν
1485 4400 1723 4455 συνερει-

154 4474 345 4541 στικὴν
404 4474 812 4544 ἀναγκαζόμεθα
864 4472 970 4542 (Gl)
1022 4471 1246 4541 δύναμιν
1308 4472 1639 4539 ὑπεισάγειν,
1687 4474 1718 4545 ἠ

1833 1920 2172 1987 densitatem,
2220 1931 2273 1976 et
2325 1923 2614 1993 qualitates
2652 1921 2818 1989 ipsius
2869 1919 2933 1973 ad
2972 1928 3180 1986 gustum
3215 1919 3386 1986 perti—

1834 2023 2037 2077 nentes,
2070 2021 2161 2066 aut
2192 2014 2234 2067 si
2271 2029 2389 2083 quae
2416 2014 2534 2067 alize
2569 2014 2619 2066 in
2653 2029 2713 2067 ea
2742 2012 3163 2079 conspiciuntur,
3199 2024 3390 2075 super-

1830 2102 1933 2154 erit
1959 2102 2254 2172 subjectum
2288 2103 2514 2156 nullum.
2555 2102 2648 2156 His
2698 2102 2859 2172 igitur
2883 2100 3118 2163 omissis,
3156 2115 3223 2153 ne
3257 2097 3386 2151 illud

1837 2194 2047 2263 quidem
2096 2195 2471 2263 inquiremlum
2527 2209 2736 2258 moneo,
2772 2192 3020 2247 videlicet
3067 2206 3230 2260 super
3280 2205 3387 2258 quo

1829 2295 1933 2338 stet
1980 2284 2310 2339 fulcimento.
2344 2283 2473 2338 Nam
2518 2294 2572 2338 et
2613 2287 2712 2338 boc
2754 2291 2908 2353 pacto
2940 2283 3202 2350 vertigine
3235 2295 3388 2335 meus

1830 2377 2114 2443 laborabit,
2144 2377 2571 2447 quandoquidem
2605 2377 2670 2429 ad
2701 2386 2906 2429 certum
2960 2374 3160 2427 nullum
3218 2372 3378 2424 linem

1832 2477 2151 2534 perventura
2190 2478 2270 2520 est
2301 2467 2658 2521 ratiocinatio.
2706 2466 2830 2520 Sive
2863 2468 3003 2520 enim
3048 2480 3223 2519 aerem
3258 2462 3385 2516 lati-

1832 2559 2000 2611 tudini
2039 2568 2193 2613 terra:
2240 2560 2569 2613 substratum
2598 2574 2722 2613 esse
2752 2559 2991 2623 dixeris;
3026 2557 3264 2625 ambiges
3295 2553 3390 2624 qui

1833 2650 1945 2705 ﬁeri
1979 2652 2144 2721 possit
2182 2660 2238 2705 ut
2280 2660 2469 2707 natura
2517 2651 2694 2704 mollis
2725 2651 2985 2718 valdeque
3030 2649 3204 2703 inanis
3237 2658 3388 2701 tanto

1831 2743 2063 2809 pondere
2093 2756 2398 2809 compressa
2431 2744 2715 2804 renitatur,
2750 2752 2801 2795 et
2845 2757 2946 2795 non
2979 2741 3154 2808 potius
3183 2738 3388 2792 dilaba-

1831 2841 1919 2884 tur
1945 2833 2236 2894 undelibet,
2266 2834 2403 2886 banc
2446 2833 2638 2886 molem
2675 2834 3041 2887 subsidentem
3075 2832 3380 2903 aufugiens,

1828 2937 1991 2990 seque
2046 2936 2255 2976 sursum
2294 2934 2551 2991 perpetuo
2592 2939 2754 2993 super
2778 2924 2828 2975 id
2867 2924 3006 2992 quod
3040 2924 3206 2992 ipsam
3235 2938 3381 2977 com-

1828 3014 2010 3083 primit
2040 3012 2363 3069 ditl‘undeus.
2403 3014 2656 3079 Rursum,
2705 3016 2747 3068 si
2790 3030 2980 3083 aquam
3012 3027 3169 3067 terra!
3205 3014 3386 3080 subje-

1830 3116 1967 3157 ctam
1997 3119 2114 3157 esse
2143 3114 2315 3158 tecum
2350 3107 2623 3169 statueris,
2660 3106 2818 3157 etiam
2853 3106 2930 3157 sic
2964 3105 3221 3171 inquircs,
3251 3120 3384 3173 quo-

1752 3178 1794 3235 (ἶ
1828 3198 1983 3249 modo
2013 3212 2171 3266 grave
2202 3208 2256 3251 et
2280 3198 2502 3249 densum
2533 3212 2725 3266 corpus
2762 3214 2864 3250 non
2899 3208 3140 3267 penetret
3165 3213 3382 3267 aquam,

1828 3290 1918 3344 sed
1959 3303 2040 3341 res
2065 3293 2217 3356 longe
2241 3290 2452 3357 gravior
2482 3305 2510 3341 a
2544 3291 2802 3343 debiliore
2834 3303 3020 3342 natura
3053 3290 3381 3344 detineatur.

1826 3380 1904 3433 Ad
1943 3378 2055 3433 haec
2102 3381 2266 3446 ipsius
2317 3380 2479 3433 etiam
2522 3396 2671 3447 aqua:
2718 3381 3068 3449 investigaliis
3105 3383 3294 3444 basim,
3322 3396 3386 3435 ac

1836 3485 2049 3522 rursum
2080 3470 2367 3536 dubitabis,
2395 3471 2605 3523 cuinam
2640 3471 2810 3524 solido
2847 3480 2900 3524 et
2928 3473 3175 3528 reuitenti
3215 3471 3385 3526 fulcro

1826 3564 2071 3616 ultimum
2102 3564 2215 3628 ejus
2242 3565 2462 3617 fumium
2497 3567 2796 3622 incumbat.

1894 3654 1946 3710 9.
1990 3655 2138 3722 Quod
2170 3658 2210 3710 si
2244 3672 2413 3725 ponas
2440 3658 2578 3712 aliud
2621 3674 2814 3727 corpus
2844 3672 2964 3712 esse
2997 3666 3136 3711 terra
3166 3658 3381 3725 gravius

1825 3759 1886 3799 ac
1911 3745 2155 3812 solidius,
2188 3762 2292 3813 quo
2336 3758 2476 3799 terra
2516 3762 2581 3798 ne
2612 3748 2676 3799 ad
2714 3748 2815 3799 ima
2861 3748 3072 3800 decidat
3123 3745 3382 3814 impedia-

1826 3846 1937 3903 tur;
1984 3838 2035 3891 iu
2089 3838 2323 3890 animum
2370 3837 2683 3893 inducturus
2731 3854 2790 3892 es
2839 3839 2964 3891 illud
3016 3840 3174 3893 etiam
3204 3838 3382 3905 aliquo

1823 3929 1928 3981 alio
1970 3928 2128 3981 simili
2182 3928 2441 3994 indigere,
2487 3932 2627 3998 quod
2678 3932 2904 3985 alterum
2962 3928 3247 3989 sull‘ulciat,
3282 3942 3383 3983 nec

1823 4033 2077 4073 corruere
2104 4021 2268 4076 sinat.
2292 4022 2353 4074 lit
2380 4022 2423 4075 si
2450 4022 2737 4076 coniictum
2773 4024 2899 4091 quid
2930 4022 3003 4075 illi
3032 4024 3376 4076 substernere

1825 4112 2137 4178 poterimus,
2171 4128 2357 4166 rursus
2383 4113 2497 4181 ejus
2540 4114 2764 4166 fulcrum
2798 4129 2954 4167 meus
2988 4124 3169 4165 nostra
3199 4112 3379 4179 inqui-

1826 4213 1932 4266 ret;
1958 4208 2113 4268 atque
2146 4202 2245 4254 hoc
2280 4205 2433 4253 modo
2484 4202 2535 4252 iu
2586 4202 2849 4253 inﬁnitum
2900 4201 3215 4263 dilabemur,
3240 4217 3381 4254 seu:-

1825 4306 1922 4359 per
1956 4304 2149 4360 praeter
2180 4294 2391 4345 inventa
2425 4293 2790 4357 fundamenta,
2823 4294 2925 4345 alia
2956 4308 3139 4345 ται-δυο
3163 4294 3381 4362 excogi-

1827 4392 2023 4438 tantes.
2050 4384 2115 4436 Et
2137 4394 2338 4452 quanto
2364 4385 2569 4454 longius
2594 4385 2801 4439 ratione
2828 4385 3222 4454 progredimur,
3263 4396 3381 4436 tan-

1829 4482 1879 4525 to
1908 4474 2162 4541 majorem
2218 4476 2491 4529 renitendi
2524 4490 2586 4529 ac
2622 4475 2956 4530 sull'uleieudi
2988 4476 3093 4529 vim
3130 4475 3372 4543 cogimur

154 4566 291 4637 πρὸς
315 4564 435 4618 ὅλον
463 4565 598 4634 ὁμοῦ
636 4565 918 4635 δυνήσεται
965 4565 1023 4618 τὸ
1065 4563 1457 4634 ὑπερκείμενον
1490 4565 1726 4617 ἀντιϐαί-

1830 4566 2102 4631 inducere,
2136 4582 2254 4637 quae
2285 4570 2379 4624 toti
2428 4569 2589 4624 simul
2643 4569 2766 4625 moli
2813 4568 3163 4638 superpositae
3211 4568 3379 4636 possit

222 4718 268 4749 ¹³
297 4716 402 4769 lsa.
434 4731 521 4780 XL,
549 4712 637 4768 εξ.

220 4876 339 4947 (58)
370 4876 548 4931 Codex
595 4876 860 4951 Combef._
886 4876 1319 4951 etunnus_Duc.
1368 4890 1488 4931 cum
1553 4879 1719 4951 Regio

150 4963 311 5002 sexm
342 4959 391 4996 et
426 4964 543 4998 mut
569 4950 803 5003 editione
831 4947 992 5002 Busil.
1022 4947 1478 5016 συμϐουλεύομεν.

219 5020 337 5078 (5⁸))
370 5016 499 5080 Reg.
532 5030 713 5071 sextus
762 5032 815 5072 et
860 5020 1010 5073 Colb.
1055 5020 1259 5085 primus
1287 5016 1442 5069 οὐδὲν
1481 5020 1633 5073 ἔσται
1659 5020 1719 5072 τὸ

150 5087 593 5157 ὑπολειπόμενον,
627 5088 763 5157 quod
791 5098 1039 5155 superest,
1077 5089 1207 5139 nihil
1252 5088 1372 5150 erit,
1428 5104 1540 5146 St'tl,
1592 5091 1719 5142 nihil

150 5159 427 5221 supererit.
464 5155 564 5209 Alli
615 5155 742 5212 mss.
772 5171 821 5211 et
854 5161 978 5213 editi
1010 5158 1159 5210 οὐδὲν
1208 5158 1354 5211 ἔσται
1398 5158 1459 5209 τὸ
1495 5160 1714 5213 ὑποκεί-

152 5245 333 5295 μενον.
364 5226 533 5298 I-_le~t,
559 5228 921 5298 "linquuntur
950 5230 1267 5298 philosophi,
1301 5228 1499 5279 nullth
1527 5248 1709 5297 snper—

146 5302 239 5349 erit
278 5296 588 5364 subjectum.
625 5297 719 5350 Est
769 5296 1028 5365 hodieque
1068 5299 1273 5360 magnis
1316 5298 1453 5348 inter
1476 5301 1714 5365 philoso-

152 5370 288 5435 phos
329 5368 528 5439 agitata
571 5372 999 5423 Contentionilius
1027 5367 1269 5439 qua-stiti,
1296 5369 1434 5419 sitne
1473 5372 1715 5435 corporis

154 5439 327 5491 farina
363 5438 553 5491 amita:
585 5440 850 5505 quaedam,
887 5457 949 5493 an
1002 5438 1170 5491 solum
1194 5438 1438 5490 diversus
1487 5443 1714 5502 partium

152 5512 307 5570 situs,
346 5518 543 5566 lltmlh'.
594 5522 698 5561 etc.
758 5510 975 5563 Videtur
1022 5509 1250 5562 Basilius
1284 5518 1376 5559 aut
1433 5509 1589 5573 nihil,
1626 5522 1718 5565 aut

153 5593 250 5630 Ιιοιι
286 5580 355 5630 ita
391 5581 611 5629 nmltnin
648 5594 674 5629 a
715 5580 1101 5633 rerentioribus
1124 5579 1429 5631 dissentire.

217 5648 335 5714 (ϐυ)
392 5645 527 5721 [Editi
568 5648 979 5721 ὑποστόρεσθαι,
1016 5659 1283 5715 corrupte.
1336 5646 1516 5702 Culex
1577 5666 1712 5703 unus

154 5717 577 5789 ὑπεστορῆσθαι,
603 5717 849 5789 corrupte
873 5736 1103 5789 quoque.
1136 5720 1237 5772 Alii
1263 5727 1371 5789 tres
1423 5734 1551 5771 mss.
1578 5720 1709 5773 ὑπε-

157 5787 460 5860 στορέσθαι,
492 5803 593 5842 non
627 5787 783 5845 male.
820 5787 1062 5846 AtCoisl.
1086 5792 1287 5863 primus
1306 5787 1707 5857 ὑπεστρῶσθαι,

1826 4881 2033 4935 melius.
2068 4881 2357 4951 Aliquanto
2390 4888 2508 4946 post
2544 4893 2635 4931 sex
2670 4895 2797 4933 mss.
2827 4878 3056 4948 ἀντέχει.
3092 4876 3229 4931 Editi
3258 4892 3377 4928 cum

1826 4954 1975 5005 Coll).
2018 4955 2250 5007 secundo
2281 4952 2501 5022 ἀντέχῃ.
2527 4952 2761 5005 Subinde
2794 4951 2997 5019 aliquot
3025 4964 3152 5003 mss.
3186 4963 3381 5002 παντα-

1825 5022 1999 5075 γόθεν.

1825 5040 2011 5161 lolii?)
2046 5092 2133 5146 Sic
2165 5102 2393 5158 uterque
2424 5088 2557 5161 Due.
2586 5105 2705 5143 eum
2734 5089 2854 5161 aliis
2881 5087 3050 5161 "ib"?
3082 5086 3378 5161 Codicum"

1826 5157 2275 5218 Colbﬁsecundus
2309 5157 2547 5230 σεαυτῷ.
2574 5161 2745 5213 Editio
2776 5160 2948 5213 Paris.
2975 5157 3123 5230 αὑτῷ

1894 5232 2004 5303 (62)
2031 5232 2247 5299 Antiqui
2289 5232 2395 5303 duo
2446 5226 2563 5303 libri
2612 5230 2746 5302 πρὸς
2792 5230 2868 5300 τῷ
2899 5228 3011 5281 καί.
3063 5226 3227 5279 Paulo
3260 5236 3380 5296 post

1822 5301 1993 5358 codex
2026 5318 2159 5354 unus
2198 5304 2275 5364 εἰς
2308 5301 2367 5353 τὸ
2396 5301 2563 5355 κάτω.

1892 5373 2001 5441 (b3)
2041 5372 2270 5436 Uterque
2311 5373 2462 5426 Culb.
2494 5368 2898 5441 ὲμπεσούμεθα.
2946 5366 3067 5421 Mox
3097 5367 3223 5420 editi
3256 5380 3377 5441 cum

1820 5434 2047 5512 utroque
2090 5434 2241 5497 Colb.
2296 5434 2574 5512 προῖεμεν.
2626 5434 2996 5509 Αιὶἴρυιιιιηη
3052 5452 3179 5491 mss.
3231 5434 3381 5506 προι-

1863 5532 1939 5567 εν.

1821 5532 1998 5656 Ϋεῖὁι)
2032 5585 2252 5638 Veteres
2293 5585 2496 5651 aliquot
2529 5584 2645 5635 libri
2679 5580 3128 5656 ἀναγκαζόμενοι.
3180 5576 3376 5656 Ibidem

1820 5647 2111 5724 Regii'tres
2140 5656 2367 5709 codices
2386 5647 2515 5705 ’(ἰιιιι
2551 5671 2654 5707 uno
2686 5647 2838 5706 Coll).
2877 5647 3209 5716 ἐπεισάγειν.
3240 5647 3377 5701 Editi

1815 5740 1935 5779 cum
1967 5741 2071 5780 uno
2096 5742 2221 5785 ms.,
2259 5724 2593 5792 ύπεισὰγειν.
