4060 6316
667 317 738 371 93
1980 324 2037 380 S.
2083 323 2323 380 ΒΑδιιιι
2365 324 2577 380 MAGNI
3851 323 3895 379 2
3908 326 3937 379 ι

659 426 850 480 obniti.
882 426 1236 493 Quamobrem
1287 431 1497 485 modum
1557 432 1793 503 finesque
1832 440 1996 492 menti
2046 442 2262 510 impo-i

2333 458 2451 495 νειν.
2479 440 2577 493 Διά
2612 432 2770 495 τοῦτο
2797 440 2951 509 ὅρους
2982 439 3165 506 ἐπίθες
3199 441 3261 511 τῇ
3296 440 3522 512 διανοίᾳ,
3562 442 3781 515 μήποτέ
3818 456 3936 494 σου

660 531 759 581 ne;
794 531 858 571 ne
890 519 1105 587 quando
1144 521 1508 577 curiositatem
1567 535 1732 591 tuam,
1775 528 1867 597 qui
1918 528 2218 602 incompre-

2330 533 2420 604 ιῆς
2457 530 2986 604 πολυπραγμοσύνης
3027 533 3054 584 ὁ
3099 532 3191 585 τοῦ
3233 530 3351 586 ’1ὼό
3391 532 3545 600 λόγος
3582 534 3933 603 καθάψηται

659 605 941 661 bensibilia
993 611 1377 676 perscrutaris,
1425 614 1709 683 redarguat
1744 617 1858 673 Julii
1902 624 2163 676 sententia
2200 643 2216 678 :

2328 621 2776 693 περισκοποῦντος
2816 622 2882 676 τά
2922 623 3298 695 ἀκατάληπτα,
3328 625 3419 679 καὶ
3446 626 3734 698 ἐρωτηθῇς
3766 616 3931 696 παρ’

661 712 793 752 neve
824 708 875 751 tn
908 712 1119 770 quoque
1142 702 1207 753 ab
1230 716 1293 755 eo
1325 703 1687 775 interrogeris,
1715 706 1882 775 Super
1909 727 2011 779 quo
2034 714 2218 766 circuli

2330 714 2481 767 κὺτοῦ
2510 714 2603 767 καὶ
2628 714 2713 776 σὺ,
2762 714 2885 767 Ἐπί
2922 715 3086 780 τίνος
3126 715 3238 786 (65)
3267 721 3319 772 οἱ
3345 718 3535 788 κρίκοι
3560 720 3758 787 αὐτῆς
3815 734 3933 770 πε-

659 791 775 859 cjus
811 789 904 857 ﬁxi
944 793 1045 845 sint
1076 790 1138 843 μ.
1181 791 1283 845 Sed
1315 795 1415 847 etsi
1450 798 1500 848 in
1536 795 1764 852 Psalmis
1796 799 2088 870 aliquando
2116 819 2212 857 au-

2329 803 2605 873 πήπρασιν.
2652 804 2811 860 Ἀλλά
2838 807 2937 861 κάν
2962 823 3088 859 ποτε
3112 809 3168 860 ὲν
3196 808 3423 879 ψαλμοῖς
3450 807 3713 879 ἀκούσῃς·
3761 807 3932 879 ἐγ-ὼ

662 883 825 940 dieris
853 903 867 939 :
906 884 1013 955 Ego
1042 885 1351 953 conﬁrmavi
1389 890 1660 944 columnas
1692 893 1804 959 ejus
1830 893 1904 961 ”;
1938 899 2043 951 vim
2075 898 2217 951 illam

2327 892 2654 963 ὲστερέωσα
2692 896 2833 961 τοὺς
2875 900 3139 964 στύλους
3174 899 3396 966 αὐτῆς·
3437 902 3538 973 τὴν
3570 903 3930 972 συνεκτικὴν

659 991 766 1045 qua
798 978 849 1031 in
878 992 974 1031 suo
1027 988 1167 1031 statu
1205 981 1572 1046 conlirmalur,
1599 984 1877 1042 columnas
1906 990 2077 1042 dictas
2102 1004 2221 1044 esse

2322 986 2491 1057 αὐτῆς
2537 987 2761 1057 δύναμιν
2809 989 3031 1054 στύλους
3076 989 3322 1061 εἰρῆσθαι
3352 993 3587 1063 νόμισον.
3636 992 3711 1044 Τὸ
3765 995 3925 1064 γὰρ,

660 1082 811 1140 puta.
846 1070 975 1123 Nam
1004 1071 1132 1125 illud
1166 1089 1177 1121 :
1211 1072 1382 1139 Super
1398 1076 1567 1129 maria
1596 1076 1963 1143 {undaviteam
1992 1082 2034 1112 ¹⁶
2061 1081 2221 1151 :quid

2334 1078 2459 1131 Ἐπὶ
2510 1078 2834 1134 θαλασσιῖη·
2866 1082 3258 1151 ἐθεμελίωσεν
3293 1084 3516 1151 αὐτὴν,
3551 1086 3605 1139 τί
3652 1084 3836 1156 δηλοῖ,
3887 1088 3925 1157 ἢ

662 1162 805 1217 aliud
836 1163 1122 1231 significat,
1156 1180 1316 1234 quam
1353 1181 1503 1236 aqua:
1531 1179 1776 1224 naturam
1807 1174 2035 1239 undique
2068 1184 2223 1227 terra:

2326 1168 2380 1220 τὸ
2414 1169 2675 1223 πάντοθεν
2703 1170 3086 1239 περικεχύσθαι
3122 1175 3187 1244 τῇ
3218 1173 3286 1243 γῇ
3321 1169 3416 1242 τὴν
3440 1173 3533 1226 τοῦ
3567 1174 3764 1236 ὓδατος
3797 1172 3891 1240 φῦ
3914 1202 3929 1209 -

662 1267 781 1309 esse
824 1254 1250 1310 circumfusam?
1282 1257 1558 1324 Quomodo
1610 1259 1776 1332 igitur
1807 1278 1942 1331 aqua
1980 1266 2224 1335 quamvis

2326 1278 2441 1326 σιν;
2477 1262 2599 1327 Πῶς
2632 1258 2722 1316 οὖν
2747 1263 2902 1332 ῥυτὸν
2927 1264 3167 1336 ὑπάρχον
3191 1265 3251 1318 τὸ
3277 1263 3416 1334 ὕδωρ
3441 1266 3535 1316 καὶ
3558 1268 3651 1320 ὲπὶ
3675 1266 3740 1319 τὸ
3766 1281 3929 1333 πρα-

661 1347 730 1399 sit
760 1345 946 1420 ﬂuida,
978 1357 1032 1402 et
1078 1351 1130 1402 in
1159 1350 1364 1407 declive
1395 1363 1584 1421 suapte
1615 1364 1806 1408 natura
1848 1356 2072 1423 feratur,
2108 1374 2223 1413 ma-

2324 1357 2416 1419 νὲς
2448 1359 2685 1426 πεφυκὸς
2718 1359 3097 1423 καταπίπτειν,
3143 1362 3289 1431 μένει
3321 1360 3773 1431 ἀπαιωρούμενον
3806 1361 3927 1414 καί

664 1448 753 1492 net
777 1453 1059 1508 suspensa,
1089 1452 1143 1496 et
1167 1458 1431 1511 nusquam
1467 1445 1688 1501 deﬂuit?
1715 1447 1791 1501 Tu
1812 1464 1940 1504 vero
1964 1467 2067 1505 non
2091 1466 2223 1505 con-

2326 1446 2563 1518 οὑδαμοῦ
2588 1449 2851 1521 ἀπορῤέον
2879 1466 2891 1511 ;
2929 1450 3000 1502 Σὺ
3032 1450 3166 1505 δὲού
3196 1452 3381 1524 λογίζῃ
3411 1449 3542 1520 (66).
3577 1454 3656 1503 ὅτι
3686 1455 3791 1523 τὴν
3812 1453 3926 1507 αὖ·

660 1533 868 1589 sideras
895 1536 1037 1604 quod
1088 1546 1229 1592 terra
1283 1554 1379 1607 per
1424 1555 1482 1594 se
1524 1556 1805 1610 suspensa,
1837 1546 2079 1600 eamdem
2133 1556 2225 1601 aut

2325 1539 2477 1610 τὴνῆ
2514 1542 2605 1595 καὶ
2656 1542 2729 1594 ἔτι
2779 1540 2999 1592 πλείονα
3043 1543 3274 1613 ἀπορίαν
3314 1540 3390 1612 τῷ
3429 1540 3571 1611 λόγῳ
3601 1543 3841 1613 παρέχει
3882 1545 3924 1613 ἠ

663 1627 825 1681 etiam
860 1629 1035 1683 adhuc
1064 1629 1326 1700 majorem
1364 1634 1537 1702 pariat
1586 1634 1775 1689 rationi
1826 1637 2105 1691 bzesltandi
2145 1636 2222 1689 lo-

2323 1633 2392 1701 γῆ
2413 1632 2532 1684 καθ’
2558 1634 2754 1704 ἑαυτὴν
2776 1632 3119 1703 κρεμαμένη,
3145 1634 3415 1706 βαρυτέρα
3442 1634 3540 1706 τὴν
3564 1632 3722 1703 φύσιν
3738 1632 3919 1688 οὖσα..

662 1734 805 1784 cum,
830 1723 1259 1792 quandoquidem
1294 1736 1483 1779 natura
1515 1729 1731 1796 gravior
1759 1740 1863 1785 est.
1890 1728 2086 1784 Verum
2120 1730 2226 1801 ιο
2258 1796 2265 1801 η

2338 1722 2495 1775 Ἀλλά
2536 1725 2785 1794 ἀνάγκη,
2832 1723 2932 1776 κᾶν
2961 1723 3064 1792 γῆν
3113 1726 3230 1777 καθ’
3278 1728 3469 1799 ἑαυτὴν
3511 1722 3649 1780 εἶναι
3691 1724 3918 1796 δῶμεν,

666 1826 887 1869 necesse
927 1824 1032 1879 est,
1078 1815 1192 1871 sive
1234 1826 1432 1870 terram
1467 1833 1564 1887 per
1599 1818 1831 1889 seipsam
1883 1824 2218 1875 concesseri-
2255 1795 2269 1849 ¹

2324 1814 2425 1867 κᾶν
2476 1814 2567 1867 ἐπὶ
2603 1814 2697 1867 τοῦ
2746 1814 2937 1877 ὓδατος
3000 1814 3169 1884 αὐτὴν
3228 1795 3586 1871 ἀποσαλεύειν
3632 1795 3918 1886 εἴπωμεν,

665 1912 783 1958 mus
806 1907 1120 1969 consistere.
1144 1907 1259 1961 sive
1289 1922 1453 1976 super
1481 1923 1652 1979 aquas
1676 1910 1870 1980 jactari
1895 1911 2217 1977 dixerimus,

2326 1904 2573 1975 μηδαμοῦ
2594 1907 2892 1977 ἀναχωρεῖν
2914 1906 3008 1976 τῆς
3030 1905 3282 1970 εύσεϐοῦς
3296 1907 3549 1974 διανοίας,
3568 1910 3697 1962 ἀλλά
3721 1908 3921 1961 πάντα

667 2010 938 2065 nunquam
968 1996 1034 2052 de
1072 1999 1158 2068 pia
1195 2001 1468 2054 sententia
1501 2002 1799 2069 discedere,
1831 2004 1924 2058 sed
1960 2003 2113 2059 fateri
2147 2006 2222 2061 si-

2322 1997 2457 2068 ὁμοῦ
2505 1997 2924 2067 συγκρατεωθαι
2955 1996 3236 2067 ὁμολογεῖν
3266 2001 3330 2071 τῇ
3376 2000 3600 2071 δυνάμει
3638 2001 3731 2054 τοῦ
3785 2001 3919 2054 κτί-

675 2086 783 2139 mul
814 2087 991 2142 omnia
1029 2104 1125 2157 per
1152 2091 1445 2146 conditoris
1474 2093 1768 2162 potentiam
1800 2096 2085 2153 contineri.
2118 2096 2222 2151 lta-

2326 2102 2534 2149 σαντοςο
2585 2084 2768 2139 Ταῦτα
2811 2082 2903 2140 οὖν
2948 2086 3051 2159 χρὴ
3086 2089 3295 2151 ἑαυτοῖς
3346 2106 3401 2141 τε
3438 2088 3617 2156 λέγειν
3647 2091 3741 2142 καὶ
3790 2092 3919 2151 τοῖς

671 2190 780 2247 que
812 2187 924 2232 tum
962 2180 1114 2234 nobis
1156 2181 1286 2250 ipsis
1320 2192 1431 2235 tum
1479 2182 1601 2237 aliis
1640 2183 2053 2256 interrogaturis
2103 2201 2219 2253 nos,

2323 2173 2650 2247 διερωτῶσιν
2696 2176 2863 2246 ἡμᾶς,
2910 2177 3003 2229 ἐπὶ
3048 2178 3192 2239 τίνος
3236 2177 3297 2229 τὸ
3337 2176 3560 2229 ἄπλετον
3609 2178 3768 2231 τοῦτο
3814 2179 3912 2232 καὶ

666 2284 774 2336 quo
820 2269 991 2325 fulcro
1042 2270 1229 2342 ingens
1278 2271 1402 2326 illud
1445 2288 1543 2328 nec
1605 2273 1697 2329 ulli
1743 2277 2020 2331 ferendum
2062 2284 2220 2330 terra:

2325 2266 2595 2338 ἀφόρητον
2622 2268 2719 2338 τῆς
2743 2267 2849 2338 γῆς
2877 2270 3190 2341 ὲρήρεισται
3218 2266 3398 2339 βάρος,
3424 2268 3504 2321 ὅτι
3539 2268 3631 2321 Ἐν
3650 2267 3721 2336 τῇ
3744 2271 3916 2337 χειρὶ

664 2376 801 2416 onus
820 2362 1059 2416 innixum
1085 2365 1174 2428 sit,
1202 2366 1443 2422 dicamus
1468 2368 1583 2422 hmo
1601 2378 1835 2437 oportet:
1858 2368 1921 2421 In
1940 2384 2097 2421 manu
2124 2368 2218 2423 Dei

2326 2361 2432 2415 τοῦ
2461 2362 2607 2416 Θεοῦ
2653 2361 2763 2431 (67)
2798 2362 2869 2415 τὰ
2894 2360 3114 2428 πέρατα
3154 2358 3263 2425 τῆς
3290 2358 3419 2427 γῆς.
3456 2356 3623 2412 Τοῦτο
3654 2360 3913 2427 ἀσφαλέ-

665 2461 784 2505 sunt
806 2452 933 2519 ﬁnes
957 2462 1110 2507 teme
1129 2455 1190 2507 ".
1215 2454 1323 2508 Hoc
1344 2457 1499 2511 nobis
1527 2459 1852 2524 tutissimum
1877 2467 1959 2513 est
1982 2459 2045 2512 ad
2077 2473 2226 2514 com-

2329 2470 2522 2506 στατον
2561 2455 2694 2523 ἡμῖν
2730 2451 2866 2524 πρὸς
2903 2452 3085 2521 νόησιν
3133 2451 3226 2504 καὶ
3282 2450 3551 2520 ὠφέλιμον
3591 2454 3697 2513 τοῖς
3729 2450 3916 2504 ἁκού-

666 2544 954 2614 parandam
982 2544 1410 2617 intelligentiam,
1434 2556 1484 2601 et
1507 2549 1838 2604 auditoribus
1872 2550 2226 2607 conducibile.
2327 2562 2496 2598 ουσιν.

741 2655 824 2710 10.
864 2653 981 2711 Jam
1011 2672 1137 2712 vero
1161 2658 1367 2731 physici
1400 2659 1639 2715 nonnulli
1673 2660 1833 2715 etiam
1866 2660 1934 2715 ob
1965 2660 2229 2731 ejusmodi

2401 2658 2488 2713 10.
2533 2657 2670 2730 Ἤδη
2706 2656 2766 2710 δέ
2790 2674 2931 2720 τινες
2959 2655 3065 2728 (68)
3091 2656 3199 2710 τῶν
3231 2654 3473 2725 φυσικῶν
3504 2656 3595 2710 καὶ
3621 2656 3916 2719 τοιαύταις

665 2761 858 2804 causas
894 2756 1089 2804 terram
1133 2749 1460 2806 immobilem
1500 2769 1717 2809 manere
1750 2769 1941 2825 magno
1977 2769 2094 2810 cum
2134 2771 2228 2827 ap-

2332 2750 2531 2813 αίτίαις
2567 2748 2668 2822 τὴν
2698 2750 2799 2821 γῆν
2842 2750 3095 2820 ἀκίνητον
3152 2749 3331 2820 μένειν
3378 2748 3910 2819 κατακομψεύονται.

670 2850 859 2910 paratu
910 2839 1195 2895 verborum
1248 2840 1449 2896 dicunt.
1509 2842 1767 2896 Nimirum
1813 2844 1954 2912 quod
2007 2847 2230 2900 mediam

2345 2843 2432 2907 Ὠς
2456 2843 2563 2913 ἄρα
2594 2842 2681 2895 διὰ
2711 2842 2769 2895 τὸ
2801 2841 2897 2912 τὴν
2930 2844 3099 2913 μέσην
3142 2841 3235 2895 τοῦ
3261 2842 3459 2905 παντὸς
3487 2841 3752 2911 εἰληφέναι
3794 2840 3915 2910 χώ-

668 2931 818 2984 orbis
853 2931 1123 3000 regionem
1153 2934 1451 3003 occupavit,
1479 2942 1529 2987 et
1558 2932 1699 3002 quod
1730 2947 1833 3001 quo
1861 2948 1919 2987 se
1952 2937 2118 3003 magis
2152 2936 2233 2988 in-

2337 2950 2455 3005 ραν,
2488 2934 2579 2985 καὶ
2602 2932 2689 2985 διὰ
2718 2932 2815 3002 τὴν
2846 2932 2965 3001 ίσην
2997 2932 3256 2985 πάντοθεν
3289 2931 3421 3002 πρὸς
3459 2932 3518 2983 τὸ
3559 2933 3717 3001 ἄκρον
3760 2930 3919 2981 ἀπό-

669 3023 849 3087 clinet,
877 3038 977 3077 non
1007 3024 1187 3089 habet,
1209 3036 1389 3095 utpote
1417 3027 1480 3078 ab
1504 3025 1759 3080 extremis
1786 3025 2063 3093 :equaliter
2086 3025 2231 3079 omni

2336 3039 2539 3088 στασιν,
2557 3024 2657 3075 οὐκ
2672 3023 2897 3091 ἔχουσαν
2919 3024 3049 3074 ὅπου
3069 3022 3266 3092 μᾶλλον
3288 3020 3572 3089 ἀωκλιθῇ,
3590 3018 3919 3085 ἀναγκαίως

670 3130 735 3169 es
773 3124 921 3182 parte
947 3114 1165 3179 dissita;
1201 3116 1323 3168 hinc
1351 3130 1468 3169 eam
1501 3116 1553 3169 in
1584 3117 1758 3185 seipsa
1787 3117 2091 3171 necessario
2118 3131 2233 3184 per—
2263 3134 2273 3182 ε

2342 3113 2520 3184 μένειν
2554 3114 2639 3183 ἐφ’
2670 3112 2886 3183 ἑαυτῆς,
2920 3112 3177 3165 ἀδύνατον
3207 3114 3344 3183 αὐτῇ
3374 3110 3647 3171 παντελῶς
3676 3109 3774 3180 τὴν
3815 3109 3918 3161 ἐπί

672 3223 890 3262 manere
941 3219 1285 3273 asseverant,
1350 3224 1469 3263 cum
1522 3208 1912 3279 circuntjacens
1967 3210 2235 3265 undelibet

2334 3224 2387 3260 τι
2440 3205 2609 3278 ῥοπὴν
2652 3206 2748 3277 τῆς
2790 3205 3123 3276 πανταχόθεν
3166 3205 3553 3277 περικειμένης
3588 3203 3918 3274 ὁμοιότητος

671 3297 948 3366 aequalitas
978 3297 1155 3361 faciat,
1189 3308 1246 3351 ut
1276 3313 1377 3352 non
1407 3307 1566 3369 queat
1586 3300 1801 3352 omnino
1831 3300 1883 3353 in
1920 3300 2077 3353 ullam
2111 3316 2235 3370 par-

2336 3298 2685 3370 ὲμποιούσης.
2715 3298 2823 3371 Τὴν
2854 3299 2908 3352 δὲ
2936 3298 3105 3369 μέσην
3130 3296 3312 3369 χώραν
3343 3298 3416 3368 μὴ
3446 3296 3918 3366 ἀποκληρωτικῶς

673 3400 779 3444 tem
818 3390 1108 3443 declinare.
1149 3390 1497 3445 Contcndunt
1542 3391 1725 3445 itidem
1763 3402 1957 3447 terram
2001 3396 2231 3449 medium

2336 3391 2433 3461 τὴν
2466 3395 2587 3461 γῆν,
2625 3390 2758 3461 μηδὲ
2784 3394 2848 3444 ὲκ
2874 3390 2967 3443 τοῦ
2994 3390 3294 3459 αὐτομάτου
3332 3389 3535 3459 λαχεῖν,
3580 3387 3709 3441 άλλά
3738 3402 3917 3453 φυσι-

671 3481 845 3537 lucum
878 3496 979 3536 non
1006 3491 1170 3547 sorte,
1200 3496 1373 3551 neque
1399 3497 1525 3536 casu
1555 3493 1763 3535 nactam
1790 3498 1942 3547 esse;
1971 3485 2061 3537 sed
2093 3486 2235 3538 hunc

2338 3482 2437 3551 κὴν
2489 3477 2623 3532 εἶναι
2672 3481 2876 3550 ταύτην
2921 3484 2985 3552 τῇ
3019 3485 3087 3551 γῇ
3130 3481 3221 3533 καὶ
3267 3480 3567 3545 ἀναγκαίαν
3604 3478 3697 3548 τὴν
3724 3476 3918 3529 θέσιν.

671 3588 793 3627 esse
830 3582 983 3626 terra:
1027 3574 1322 3627 naturalem
1369 3588 1431 3627 ac
1476 3574 1835 3629 necessarium
1875 3575 2056 3627 situm.
2100 3573 2231 3627 Nam

2338 3571 2443 3624 Τοῦ
2484 3572 2592 3641 γάρ
2641 3570 2890 3642 οὐρανίου
2937 3572 3187 3641 σώματος
3232 3571 3327 3640 τὴν
3359 3572 3590 3640 ἐσχάτην
3617 3570 3796 3639 χώραν
3835 3569 3922 3632 ὡς

672 3680 795 3718 cum
848 3662 1068 3719 cmleste
1120 3678 1315 3731 corpus
1369 3665 1640 3733 regionem
1694 3673 1988 3718 extremam
2024 3678 2235 3717 sursum

2339 3666 2469 3736 πρὸς
2513 3664 2573 3718 τὸ
2598 3664 2709 3718 ἀνω
2744 3663 3085 3733 κατέχοντος,
3121 3664 3261 3733 ἆπερ
3288 3663 3374 3722 ἂν,
3406 3662 3568 3732 φησὶν
3598 3662 3726 3729 (63),
3769 3663 3924 3717 ὑπο-

674 3770 888 3809 versutn
920 3755 1191 3819 obtineat;
1224 3769 1556 3824 quaecunque
1606 3770 1755 3819 sane,
1801 3755 2068 3824 inquiunt,
2106 3770 2238 3823 pon-

2339 3758 2557 3830 θὼμεθα
2593 3757 2730 3829 βάρη
2755 3757 3039 3809 ἐκπίπτειν
3074 3755 3181 3809 ἀπὸ
3208 3754 3311 3808 τῶν
3337 3756 3466 3816 ἄνω,
3504 3754 3670 3807 ταῦτα
3698 3773 3922 3809 παντα-

678 3848 807 3902 dera
855 3862 916 3901 es
968 3846 1215 3915 supernis
1248 3846 1385 3901 elabi
1428 3847 1788 3917 posuerimus,
1823 3862 1882 3899 ea
1913 3846 2146 3915 undique
2176 3843 2239 3898 ad

2341 3851 2493 3920 χόθεν
2538 3850 2628 3903 ἐπὶ
2678 3849 2738 3902 τὺ
2781 3848 2943 3920 μέσον
2979 3848 3440 3919 συνενεχθήσεται.
3488 3848 3601 3916 Ἐφ’
3629 3849 3756 3919 ὅπερ
3794 3849 3922 3920 (70)

678 3938 913 3993 medium
956 3935 1286 3991 deferentur.
1330 3936 1396 3991 Et
1435 3947 1604 4003 certe,
1651 3937 1703 3993 in
1750 3936 1891 4007 quod
1930 3936 2244 3992 deferuntur

2342 3944 2384 3997 δ’
2424 3943 2487 3997 ἂν
2526 3943 2592 3996 τὰ
2630 3943 2768 4015 μέρη
2808 3942 3057 4013 φέρηται,
3095 3942 3185 3995 ἐπὶ
3224 3941 3381 3995 τοῦτο
3415 3942 3507 3995 καὶ
3540 3941 3599 3995 τὸ
3636 3941 3749 3996 ὅλον
3782 3959 3926 4003 συν-

680 4036 881 4097 partes,
913 4028 963 4079 in
996 4027 1046 4080 id
1073 4024 1257 4096 utique
1282 4027 1443 4080 etiam
1474 4036 1641 4081 totum
1671 4028 2003 4082 delrudelur.
2030 4026 2240 4080 Etenim

2342 4034 2646 4103 ωσθήσεται
2666 4034 2924 4105 δηλονότι.
2952 4034 3013 4086 El
3030 4033 3084 4086 δὲ
3101 4032 3233 4085 λίθοι
3257 4034 3349 4085 καὶ
3378 4032 3505 4096 ξύλα
3535 4034 3625 4085 καὶ
3649 4031 3713 4083 τά
3729 4032 3923 4101 γεηρά

680 4120 725 4174 si
776 4118 998 4188 lapides,
1029 4127 1083 4172 et
1128 4118 1292 4187 ligna,
1340 4131 1393 4174 et
1442 4120 1717 4173 terrestria
1766 4120 1946 4172 omnia
1995 4120 2241 4172 deorsum

2346 4125 2523 4178 πάντα
2551 4125 2773 4195 φέρεται
2806 4124 2938 4195 πρὸς
2970 4124 3027 4177 τὸ
3052 4125 3220 4183 κάτω,
3252 4122 3389 4190 αὕτη
3415 4120 3479 4174 ἂν
3509 4121 3593 4191 εἴη
3616 4123 3704 4175 καὶ
3724 4125 3785 4193 τῇ
3814 4122 3923 4195 ὅλῃ

682 4226 872 4266 versus
917 4218 1196 4272 corruunt,
1237 4209 1325 4263 hic
1363 4210 1549 4278 utique
1581 4208 1929 4263 fueritetiam
1961 4208 2053 4263 toti
2087 4218 2244 4261 terra:

2342 4217 2411 4284 γῇ
2440 4216 2613 4268 οἰκεῖα
2645 4215 2740 4267 καὶ
2765 4217 3113 4285 προσήκουσα
3149 4214 3296 4275 θέσις
3315 4230 3328 4242 ’
3354 4214 3453 4265 κάν
3481 4230 3531 4265 τι
3564 4212 3669 4265 τῶν
3692 4214 3923 4281 κούφων

682 4302 930 4373 proprius
968 4314 1031 4355 ac
1066 4301 1389 4355 conveniens
1431 4302 1565 4354 situs
1597 4317 1611 4354 :
1659 4310 1711 4353 at
1747 4300 1790 4355 si
1828 4300 1955 4369 quid
1986 4298 2178 4353 levium
2214 4313 2244 4353 e

2346 4305 2575 4373 φέρηται
2616 4302 2722 4356 ἀπὸ
2761 4302 2854 4355 τοῦ
2893 4303 3076 4373 μέσου,
3103 4301 3343 4371 δηλονότι
3376 4300 3510 4372 πρὸς
3556 4300 3616 4352 τὸ
3643 4299 3922 4353 ἀνώτατον

686 4394 859 4448 medio
909 4393 1199 4458 evehatur,
1247 4391 1488 4462 profecto
1545 4406 1792 4462 suprema
1846 4401 2009 4460 petet.
2065 4389 2244 4455 Quare

2346 4392 2717 4463 κινηθήσεται.
2774 4395 2935 4446 Ὥστε
2973 4392 3146 4445 οίκεία
3188 4394 3326 4464 φορά
3366 4395 3476 4455 τοῖς
3515 4391 3842 4463 βαρυτάτοις
3886 4396 3921 4463 ἡ

685 4484 850 4539 motio
876 4482 1122 4539 deorsum
1159 4484 1400 4547 tendens,
1434 4484 1671 4554 gravium
1701 4492 1786 4539 est
1830 4483 2077 4553 propria;
2122 4482 2241 4536 inll-
2273 4488 2288 4545 |

2318 4483 2483 4554 ιπρὸς
2523 4484 2585 4537 τὸ
2631 4483 2813 4537 κάτω·
2849 4483 2999 4537 κάτω
3037 4484 3093 4537 δὲ
3132 4485 3160 4536 ὁ
3191 4483 3347 4547 λόγος
3397 4482 3559 4553 μέσον
3593 4480 3778 4545 ἔδειξε.
3822 4482 3921 4553 Μὴ

687 4589 829 4626 ιιιιιιη
858 4584 1059 4639 autem,
1088 4575 1320 4629 medium
1353 4589 1473 4629 esse
1503 4590 1565 4629 ex
1604 4576 1758 4629 dictis
1782 4587 1946 4645 patet.
1980 4573 2056 4628 Ne
2087 4574 2247 4640 igitur

2350 4570 2444 4628 οῦν
2474 4574 2758 4647 θαυμάσῃς
2796 4576 2845 4628 εί
2878 4574 3123 4647 μηδαμοῦ
3154 4574 3403 4629 ἐκπίπτει
3438 4575 3470 4643 ἡ
3506 4573 3601 4643 γῆ,
3642 4574 3741 4644 τὴν
3774 4573 3920 4626 κατὰ

688 4665 923 4730 mireris,
954 4666 998 4720 si
1030 4681 1294 4736 nusquam
1322 4667 1536 4721 excidat
1564 4677 1725 4734 terra,
1756 4668 1949 4737 quippe
1982 4682 2098 4735 qua:
2136 4682 2248 4722 me-

2354 4667 2513 4737 φύσιν
2551 4668 2731 4741 χώραν
2776 4670 2837 4722 τὸ
2880 4670 3041 4740 μέσον
3092 4668 3304 4738 ἔχουσα.
3356 4668 3512 4720 Πᾶσα
3561 4666 3669 4737 γὰρ
3700 4665 3918 4738 ἀνάγκη

758 4852 802 4885 ⁸⁸
827 4852 928 4910 Job
952 4869 1183 4921 xxxvnt,
1212 4853 1265 4909 6.
1349 4857 1391 4889 ¹⁵
1432 4855 1572 4913 Psal.
1604 4872 1783 4923 uxtv,
1815 4855 1869 4911 ι.
1963 4856 2008 4889 ¹⁸
2038 4854 2181 4911 Psal.
2212 4871 2361 4920 nun1

1432 4855 1572 4913 Psal.
1604 4872 1783 4923 uxtv,
1815 4855 1869 4911 ι.
1963 4856 2008 4889 ¹⁸
2038 4854 2181 4911 Psal.
2212 4871 2371 4920 mn,
2404 4854 2459 4908 2.
2536 4852 2577 4884 "’
2614 4851 2753 4907 Psal.
2780 4865 2923 4918 χειν,
2952 4850 3005 4907 2.

757 5033 870 5105 (65)
894 5034 1011 5105 Illa,
1051 5034 1143 5088 ἐπὶ
1184 5033 1347 5099 τίνος,
1375 5041 1511 5093 etc..
1542 5034 1974 5105 desumpttrsunt
2009 5048 2076 5089 ex
2117 5032 2242 5096 Job.
2391 5029 2547 5105 ’(68)
2567 5028 2731 5105 Quod
2752 5028 2829 5105 ait
2860 5026 3087 5105 Basilius
3109 5024 3348 5105 sensisse
3375 5023 3632 5095 quosdam
3679 5023 3917 5096 philoso-

688 5098 919 5170 mnu.
948 5103 1005 5170 6,
1040 5116 1099 5159 ut
1128 5106 1303 5173 legere
1329 5098 1412 5159 est
1442 5105 1580 5170 apud
1615 5098 1777 5156 LXX.
1810 5102 1917 5173 Sed
1966 5105 2156 5173 Aquila
2194 5112 2249 5159 et
2352 5102 2487 5173 phos
2520 5098 2587 5155 de
2644 5100 2850 5173 telluris
2879 5099 3161 5173 quiete,__id
3207 5098 3412 5166 pariter
3448 5106 3637 5173 nostra
3680 5106 3840 5151 aetate
3887 5110 3914 5148 a

690 5168 999 5229 Theodotio‘
1035 5191 1103 5229 ex
1156 5168 1381 5230 Hebraeo
1412 5168 1711 5243 verterunt,
1742 5175 1797 5227 αἱ
1836 5168 2045 5243 βάσεις,
2077 5176 2250 5229 bases.
2356 5168 2676 5241 quibusdam
2708 5170 3037 5224 defenditur.
3074 5168 3206 5222 Nam
3245 5177 3426 5243 utrum
3459 5176 3596 5243 terra
3626 5168 3699 5243 in_
3727 5175 3913 5243 centro

692 5244 801 5299 Nec
821 5244 979 5300 aliter
1010 5245 1203 5314 legitur
1226 5245 1279 5298 in
1312 5243 1556 5314 Vulgata,
1592 5241 1762 5314 Super
1785 5236 1888 5311 quo
1935 5236 2080 5298 bases
2106 5245 2253 5298 illius
2360 5236 2545 5314 mundi
2575 5243 3057 5314 immolamaneat,
3088 5256 3155 5314 _au
3180 5236 3259 5291 sol
3297 5239 3438 5314 lui-nc
3461 5238 3618 5314 situm
3651 5236 3909 5299 obtineat,

694 5314 931 5369 solitum
961 5306 1124 5369 sunt?
1154 5306 1507 5385 Symmacﬁus
1523 5306 1570 5365 οἱ
1592 5306 2078 5385 κατάπηγες,ραίὶ.
2099 5315 2257 5369 Plura
2360 5313 2588 5385 quaestio
2613 5320 2695 5365 est
2742 5311 3035 5363 etiamnum
3059 5309 3227 5385 _inter
3272 5306 3611 5385 philosophos
3650 5320 3909 5385 pemuam

695 5387 785 5453 qui
806 5387 982 5457 cupit,
1010 5395 1175 5457 notas
1194 5376 1378 5457 'Ducaai
1414 5376 1889 5457 lege_re_potest;'et
1911 5376 2181 5457 ﬂexapla.
2215 5454 2224 5457 Α
2365 5376 2706 5457 celebris,_e_t
2724 5394 2950 5457 magna“
2968 5380 3220 5445 utrinque
3244 5379 3588 5457 contentione
3615 5376 3845 5457 agitata.

766 5446 1422 5523 (tim'Veteres-quinque
1466 5446 1625 5508 'libri'
1664 5451 1874 5527 λογίζῃ.
1909 5446 2253 5524 Εόιιι’λογίο
2362 5523 2369 5527 _

2362 5452 2546 5527 Militi)
2601 5452 2772 5527 [lditio
2810 5449 2975 5527 Basil.
3030 5458 3215 5527 etsex
3267 5446 3681 5527 ιιιξεηιάπερον
3734 5460 3912 5527 φησιν.

696 5515 1027 5599 ςοιῗςςζμ,
1160 5515 1218 5599 ,’
1335 5515 1393 5599 ζ..
1502 5596 1514 5599 ,
1634 5596 1654 5599 μ
1948 5593 2037 5599 _-

2362 5515 2538 5599 Editio
2600 5520 2771 5576 Paris.
2822 5519 3008 5590 φασίν.
3066 5519 3261 5575 Ibidem
3314 5515 3464 5571 Colb.
3524 5515 3731 5599 primus
3779 5516 3913 5585 βάρη

771 5594 1070 5667 (67)ᾲ(]ι›11).
1095 5596 1297 5667 primus
1336 5594 1463 5667 Ὃτι
1499 5596 1567 5667 ἐν
1593 5596 1661 5667 τῇ
1708 5593 1974 5667 χειρὶᾼτοῦ
2003 5593 2135 5648 Θεοῦ
2163 5595 2257 5649 πέ-
2362 5596 2374 5646 ί

1069 5596 1297 5667 primus
1336 5594 1463 5667 Ὅτι
1499 5596 1567 5667 ἐν
1593 5596 1661 5667 τῇ
1708 5593 1974 5667 χειρὶᾼτοῦ
2003 5593 2135 5648 Θεοῦ
2163 5595 2257 5649 πέ-
2362 5593 2672 5667 ἐμπίπτειν.

697 5650 881 5735 λαγοςί
902 5664 1025 5719 Ὀτι
1054 5650 1111 5718 ιύ
1138 5666 1208 5737 τῇ
1237 5666 1379 5735 χειρὶ
1410 5650 1663 5737 αύτοῦλτά
1694 5650 1816 5737 π’έρί
1847 5663 1981 5737 Quia
2016 5667 2257 5720 inimum:

2396 5650 2548 5737 ’(7οξ
2588 5660 2671 5737 _I_ta
2726 5675 2817 5715 sex
2855 5675 2983 5737 mss.
3017 5658 3085 5711 At
3126 5656 3377 5737 editinxal
3408 5656 3493 5723 ἐφ’
3546 5656 3704 5729 ὅπερ.
3756 5652 3917 5711 Paulo

702 5727 798 5793 Dei
817 5727 893 5792 est
922 5753 1081 5791 mare.
1122 5727 1341 5801 Ωιῖὶιῖἰιί
1370 5753 1521 5789 ιιιιιιιιι
1546 5735 1659 5803 (jus
1688 5727 1806 5789 sunt
1841 5736 1993 5804 ﬁnes,
2015 5748 2119 5791 etc.

1859 5736 1993 5804 ines,
2015 5748 2119 5791 etc.
2368 5727 2488 5802 puSt
2509 5727 2657 5789 Colb.
2692 5733 2955 5787 secundus
2992 5727 3462 5799 σδνωθισθήσεται.
