4098 6326
137 287 219 342 ‘25
1286 290 1569 346 HUMILIA
1605 291 1623 344 l
1657 288 1722 344 ΙΝ
1763 289 2260 350 HEXAEMERON.
3322 293 3393 350 20

149 407 348 476 μένειν
384 404 553 481 αὐτὴν
582 405 722 460 κατὰ
752 406 954 479 χώραν,
984 407 1015 478 ἦ
1048 408 1194 480 παρὰ
1226 407 1385 476 φύσιν
1412 407 1738 478 κινουμένην

1842 411 1983 464 dium
2040 408 2209 464 locum
2263 421 2468 465 natura:
2520 425 2631 465 sua:
2682 411 3090 466 convenientem
3148 422 3393 483 occupet.

144 496 256 562 τῆς
324 496 534 559 οἰκείας
580 495 738 567 ἕδρας
790 497 1119 560 ἐξίστασθαι.
1176 498 1392 552 Τούτων
1448 498 1491 549 δ’
1538 499 1602 552 ἂν
1658 514 1739 551 σοι

1842 501 2067 558 Omnino
2113 503 2254 556 enim
2307 506 2475 574 ipsam
2534 502 2585 555 in
2636 517 2701 557 eo
2748 504 2865 557 loco
2916 516 3131 557 manere
3178 517 3398 557 necesse

147 587 290 655 δοκῇ
337 586 452 658 (71)
480 605 532 641 τι
568 587 789 641 πιθανὸν
830 586 967 641 εἶναι
1012 590 1118 643 τῶν
1156 591 1477 660 εἰρημένων,
1521 590 1611 643 ἐπὶ
1641 590 1738 661 τὴν

1842 591 2020 659 fuerit,
2060 605 2149 649 aut
2197 608 2314 646 eam
2359 605 2555 663 praeter
2598 604 2844 647 naturam
2883 604 3083 648 motam
3120 608 3149 645 a
3185 597 3395 663 propria

148 678 304 729 οὓτω
334 680 509 734 ταῦτα
546 679 940 752 διαταξαμένην
975 682 1089 751 (72)
1120 680 1212 733 τοῦ
1248 682 1381 735 Θεοῦ
1426 681 1612 749 σοφίαν
1647 701 1739 753 με-

1842 685 1963 739 sede
1996 686 2274 740 dimoveri.
2316 683 2431 739 Jam
2472 688 2513 742 si
2553 685 2678 757 quid
2707 700 2891 738 eorum
2918 702 3035 754 quae
3070 687 3212 741 dicta
3252 696 3396 749 sunt,

147 769 324 835 τάθες
357 775 418 825 τὸ
448 770 649 842 θαῦμα.
683 773 756 826 Οὐ
780 772 887 845 γὰρ
911 774 1280 846 ἐλαττοῦταιή
1313 775 1404 828 ἐπὶ
1433 777 1544 837 τοῖς
1581 776 1736 845 μεγί-

1842 777 2113 846 probabile
2141 778 2233 832 tibi
2262 777 2525 841 videatur,
2556 780 2619 831 ad
2656 778 2746 832 Dei
2778 776 3112 843 sapientiam,
3141 793 3259 847 qua:
3285 778 3396 833 hinc

152 878 309 927 στοις
346 865 625 934 ἔκπληξις,
665 866 885 920 ἐπειδὰν
914 870 941 921 ό
972 867 1171 937 τρόπος
1201 868 1321 922 καθ’
1353 869 1411 921 ὃν
1444 867 1647 937 γίνεταί
1682 888 1734 923 τι

1842 868 1913 921 ita
1968 868 2273 935 ordinavit,
2331 868 2737 922 admirationem
2794 869 3045 923 transfer.
3103 870 3201 934 Qui
3254 871 3398 925 enim

151 954 268 1008 τῶν
294 955 613 1027 παραδόξων
630 958 883 1029 ἐξευρεθῇ
907 974 921 988 ο
945 960 992 1009 εἰ
1017 957 1071 1009 δέ
1103 958 1197 1029 μὴ,
1221 960 1354 1013 ἀλλὰ
1373 960 1433 1011 τό
1449 975 1511 1026 γε
1533 959 1735 1015 ἁπλοῦν

1843 960 2105 1012 maximas
2147 962 2214 1014 ob
2256 976 2342 1014 res
2391 958 2600 1012 accedit
2650 970 2855 1029 stupor,
2898 974 3234 1029 nequaquam
3284 961 3400 1015 idco

152 1050 260 1119 τῆς
289 1050 528 1113 πίστεως
568 1050 907 1122 ἰσχυρότερον
948 1049 1085 1103 ἔστω
1117 1051 1222 1105 τῶν
1255 1050 1489 1120 λογικῶν
1518 1052 1737 1107 ἀποδεί-

1843 1052 2100 1107 minuitur
2134 1054 2274 1120 quod
2322 1054 2511 1107 modus
2550 1065 2656 1120 quo
2698 1053 2824 1119 quid
2865 1056 2957 1107 liat
2995 1055 3398 1121 stupendorutn,

156 1141 321 1206 ξεων.
1850 1144 2169 1197 adinventus
2204 1152 2317 1205 est;
2369 1142 2451 1195 sin
2492 1142 2688 1205 minus,
2722 1140 2906 1195 saltem
2936 1144 3055 1198 tidei
3090 1140 3405 1211 simplicitas

157 1233 283 1302 plus
355 1232 545 1286 habeat
617 1232 843 1295 roboris,
875 1249 1033 1300 quam
1074 1250 1190 1303 qua:
1217 1251 1281 1289 ex
1316 1234 1519 1289 ratione
1548 1245 1799 1305 petuntur
1837 1236 2338 1292 demonstrationes.

234 1325 327 1379 11.
371 1327 450 1378 Τά
477 1326 615 1377 αὐτὰ
647 1324 700 1377 δὲ
730 1326 899 1381 ταῦτα
940 1328 1053 1396 (75)
1100 1329 1191 1379 καὶ
1236 1328 1361 1399 περὶ
1395 1328 1622 1399 οὐρανοῦ
1666 1328 1740 1381 εῖ-

1911 1330 1995 1383 11.
2043 1329 2163 1383 ίιωο
2204 1330 2391 1384 eadem
2431 1328 2495 1383 de
2526 1326 2663 1382 coelo
2698 1342 2910 1397 quoque
2939 1326 3253 1390 dixerimus.
3294 1329 3402 1384 cla-

160 1433 390 1486 ποιμεν,
437 1418 516 1469 ὅτι
544 1418 973 1486 πολυφωνότατοι
1017 1422 1386 1486 πραγματεῖαι
1422 1422 1531 1479 τοῖς
1561 1419 1740 1485 σοφοῖς

1842 1420 2169 1474 mosissimas
2198 1420 2404 1473 scilicet
2429 1436 2492 1473 ac
2522 1420 2934 1473 verbosissimas
2961 1420 3026 1474 de
3055 1418 3175 1474 coeli
3208 1430 3401 1476 natura

158 1506 256 1560 τοῦ
295 1510 501 1580 κόσμου
542 1511 667 1581 περὶ
700 1510 799 1578 τῆς
838 1508 1091 1578 οὐρανίου
1124 1507 1337 1575 φύσεως
1370 1508 1738 1580 καταϐέϐλην-

1842 1526 1865 1565 a
1909 1513 2087 1564 mundi
2140 1511 2473 1582 sapientibus
2514 1511 2819 1581 propositas
2862 1510 3031 1565 fuisse
3074 1520 3404 1566 commenta-

159 1618 274 1655 ται.
334 1604 444 1655 Καὶ
476 1604 524 1655 οἱ
563 1604 659 1671 μὲν
699 1600 949 1653 σύνθετον
994 1600 1155 1653 αὑτὸν
1210 1603 1274 1655 ἐκ
1322 1602 1430 1655 τῶν
1460 1603 1736 1675 τεσσάρων

1842 1604 2032 1659 ιὶοιιοξι.
2079 1604 2179 1658 Alii
2228 1604 2446 1673 quidem
2504 1604 2678 1674 ipsum
2724 1618 2787 1656 ex
2838 1613 3071 1672 quatuor
3123 1602 3405 1658 elementis

162 1694 448 1763 στοιχείων
478 1694 781 1764 εἰρήκασιν.
827 1694 902 1757 ὼς
936 1694 1103 1747 ἁπτὸν
1133 1696 1261 1749 ὄντα
1297 1697 1389 1748 καὶ
1409 1696 1619 1769 ὁρατὸν,
1644 1698 1736 1748 καὶ

1842 1693 2124 1750 conﬂatum
2157 1709 2275 1747 esse
2309 1696 2491 1748 dixere
2526 1712 2539 1748 :
2574 1696 2769 1763 quippe
2798 1710 2918 1748 cum
2957 1694 3008 1748 in
3047 1694 3295 1765 tangendi
3340 1710 3404 1747 ac

166 1787 467 1857 μετέχοντα
516 1786 617 1855 γῆς
654 1786 750 1857 μὲν
790 1786 877 1839 διὰ
916 1786 1013 1855 τὴν
1047 1787 1383 1850 ἀντιτυπίαν,
1438 1788 1608 1857 πυρὸς
1656 1788 1733 1851 δὲ,

1842 1787 2091 1842 cernendi
2126 1800 2345 1841 sensum
2379 1786 2557 1849 cadat,
2590 1786 2766 1853 sitque
2797 1795 2953 1838 terra:
2985 1786 3202 1854 quidem
3240 1786 3406 1855 parti-

158 1876 253 1928 διὰ
276 1875 339 1928 τὸ
369 1876 717 1946 καθορᾶσθαι,
751 1877 857 1929 τῶν
882 1876 937 1928 δέ
962 1875 1161 1927 λοιπῶν
1190 1875 1277 1929 διὰ
1306 1876 1406 1947 τὴν
1439 1876 1582 1946 μίξιν
1602 1876 1733 1945 (74)

1842 1894 1961 1947 ceps
2004 1882 2073 1934 ob
2116 1879 2478 1943 soliditatem;
2530 1878 2665 1947 ignis
2716 1892 2863 1941 vero,
2893 1877 3016 1946 quia
3048 1878 3401 1945 conspicitur;

158 1971 214 2020 οἰ
255 1968 313 2021 δὲ
360 1967 545 2020 τοῦτον
581 1968 656 2032 ὡς
687 1967 947 2021 ἀπίθανον
998 1966 1383 2038 παρωσάμενοι
1421 1969 1513 2021 τὸν
1560 1967 1735 2036 λόγον,

158 2063 426 2133 πέμπτην
468 2061 590 2115 τινὰ
632 2059 880 2133 σώματος
907 2060 1065 2130 φύσιν
1108 2064 1186 2125 εἰς
1218 2060 1446 2133 οὐρανοῦ
1480 2060 1738 2115 σύστασιν

158 2155 376 2209 οἴκοθεν
397 2156 487 2208 καὶ
512 2157 641 2226 παρ’
667 2154 871 2208 ἑαυτῶν
903 2155 1012 2225 (75)
1042 2154 1530 2223 ἀποσχεδιάσαντες
1563 2157 1739 2207 ἐπεισ-

160 2248 393 2317 ήγαγον.
430 2248 538 2299 Καὶ
564 2247 675 2299 ἐστι
699 2263 751 2298 τι
780 2246 907 2315 παρ’
946 2246 1128 2306 αὐτοῖς
1161 2244 1219 2297 τὸ
1245 2244 1481 2318 αἰθέριον
1506 2246 1685 2314 σῶμα,
1710 2246 1739 2299 ὃ

164 2339 306 2407 μήτε
342 2335 473 2405 πῦρ,
525 2336 676 2405 φασὶ,
731 2336 867 2406 μήτε
916 2334 1042 2405 ἀὴρ,
1089 2336 1224 2405 μήτε
1262 2338 1354 2405 γῆ,
1409 2335 1542 2404 μήτε
1574 2332 1736 2403 ὕδωρ,

165 2428 310 2499 μήτε
339 2428 473 2490 ὅλως
502 2428 638 2498 ὅπερ
660 2426 717 2479 ἒν
740 2426 846 2479 τῶν
872 2426 1055 2479 ἁπλῶν
1075 2443 1087 2455 ·
1124 2426 1258 2479 διότι
1287 2429 1396 2489 τοῖς
1425 2427 1521 2495 μὲν
1554 2426 1739 2490 ἁπλοῖς

158 2519 342 2573 οἰκεία
374 2518 636 2589 κίνησιςή
666 2517 752 2569 ἐπ’
777 2516 1010 2580 εὐθείας,
1031 2516 1139 2568 τῶν
1177 2516 1273 2586 μὲν
1307 2516 1523 2584 κούφων
1556 2518 1647 2569 ἐπὶ
1678 2517 1740 2570 τὸ

162 2613 281 2663 ἄνω
310 2610 645 2681 φερομένων,
674 2608 781 2663 τῶν
834 2608 891 2661 δὲ
937 2606 1147 2679 βαρέων
1181 2606 1275 2661 ἐπὶ
1309 2607 1370 2661 τὸ
1399 2608 1561 2663 κάτω.
1602 2607 1738 2661 Οὔτε

160 2702 225 2754 δὲ
256 2702 315 2752 τὸ
348 2701 458 2753 άνω
499 2702 593 2753 καὶ
621 2702 680 2753 τὸ
707 2701 856 2753 κάτω
880 2702 945 2771 τῇ
977 2700 1207 2770 κυκλικῇ
1242 2700 1573 2770 περιδινήσει
1603 2700 1739 2754 ταὺ-

160 2792 232 2843 τό
255 2810 266 2820 ·
312 2792 404 2844 καὶ
442 2791 577 2853 ὅλως
618 2792 716 2855 τὴν
762 2790 976 2843 εὐθείαν
1006 2790 1117 2859 (76)
1152 2791 1286 2860 πρὸς
1314 2792 1411 2860 τὴν
1451 2793 1507 2843 ἐν
1533 2792 1611 2861 τῷ
1644 2792 1741 2844 κύ-

163 2884 282 2955 κλῳ
314 2882 615 2953 περιφορὰν
645 2880 897 2949 πλείστην
925 2881 1220 2933 ἀπόστασιν
1254 2879 1415 2949 ἔχειν.
1440 2876 1541 2932 ’Ὧν
1582 2882 1638 2933 δὲ
1683 2884 1739 2933 αἱ

162 2976 309 3029 κατὰ
374 2974 533 3044 φύσιν
588 2975 825 3045 κινήσεις
880 2972 1325 3042 παρηλλαγμέναι
1386 2972 1736 3042 τυγχάνουσι,

1840 1968 2165 2036 reliquorum
2220 1971 2459 2034 tandem,
2497 1971 2565 2024 ob
2612 1970 2917 2023 misturam.
2956 1970 3057 2023 Alii
3092 1979 3270 2024 autem
3304 1970 3405 2023 bac

1836 2062 2109 2129 opinione,
2160 2074 2415 2131 tanquam
2465 2077 2583 2131 quae
2626 2062 2931 2115 verisimilis
2972 2076 3076 2114 non
3116 2072 3276 2127 esset,
3320 2077 3405 2117 re-

1832 2153 1995 2223 jecta,
2025 2153 2266 2220 quintam
2295 2153 2584 2223 quamdam
2626 2154 2867 2221 corporis
2901 2162 3147 2206 naturam
3184 2154 3249 2205 ad
3277 2167 3405 2206 con-

1838 2246 2161 2302 stituendum
2203 2246 2397 2302 coelum
2436 2258 2631 2316 suopte
2674 2246 2906 2316 ingenio,
2933 2255 2987 2299 et
3026 2260 3053 2297 a
3094 2245 3288 2313 seipsis
3328 2256 3405 2299 te-

1840 2353 1984 2392 mere
2032 2348 2191 2407 atque
2236 2338 2534 2391 inconsulte
2589 2339 3027 2391 introduxerunt.
3066 2337 3158 2391 Est
3185 2346 3237 2390 et
3265 2338 3403 2406 apud

1840 2429 1984 2495 ipsos
2024 2430 2315 2481 tetltereum
2364 2428 2460 2496 ιι
2514 2428 2780 2496 quoddam
2816 2443 3031 2497 corpus,
3059 2429 3201 2495 quod
3231 2442 3407 2497 neque

1840 2520 2017 2587 ignem
2063 2518 2249 2572 dicunt
2299 2534 2441 2583 esse,
2495 2533 2667 2585 neque.
2716 2533 2916 2581 aerem,
2964 2532 3136 2586 neque
3187 2528 3404 2583 terram,

1840 2626 1939 2667 nec
1969 2625 2185 2680 aquam,
2224 2624 2323 2664 nec
2361 2610 2651 2679 quidquam
2691 2612 2909 2665 omnino
2938 2625 3003 2665 ex
3046 2609 3404 2676 simplicibus.

1840 2714 2120 2775 propterea
2162 2702 2301 2772 quod
2354 2705 2603 2773 proprius
2636 2703 2959 2772 simplicium
3004 2712 3182 2758 motus
3223 2712 3405 2759 rectus

1838 2804 1940 2864 est,
1974 2793 2180 2851 levibus
2204 2794 2420 2862 quidem
2455 2808 2687 2858 sursum,
2717 2794 2973 2861 gravibus
3001 2807 3130 2848 vero
3156 2794 3406 2848 deorsum

1843 2887 2203 2942 tendentibus.
2246 2883 2430 2952 Neque
2463 2899 2589 2937 vero
2621 2898 2835 2937 sursum
2875 2898 2938 2937 ac
2973 2883 3223 2937 deorsum
3254 2881 3405 2949 ferri,

1844 2979 1982 3033 idem
2029 2989 2110 3032 est
2151 2988 2311 3047 atque
2362 2978 2412 3031 in
2458 2977 2644 3031 orbem
2689 2977 2927 3040 versari;
2980 2984 3033 3029 et
3086 2974 3137 3028 in
3174 2990 3407 3036 summa.

162 3066 371 3119 τούτων
397 3066 631 3137 ἀνάγκη,
661 3066 811 3133 φασὶ,
854 3062 1231 3135 παρηλλάχθαι
1275 3062 1369 3117 καὶ
1406 3063 1502 3125 τὰς
1535 3063 1738 3127 οὐσίας.

1847 3077 2048 3123 rectum
2095 3077 2148 3121 et
2194 3069 2433 3121 orbicnm
2477 3077 2678 3121 motum
2719 3065 3007 3136 plurimum
3040 3066 3179 3120 inter
3216 3080 3274 3119 se
3300 3064 3407 3120 dif-

178 3158 341 3211 Ἅλλὰ
372 3159 477 3229 μὴν
514 3158 634 3211 οὐδὲ
660 3160 723 3210 ἐκ
745 3156 854 3209 τῶν
882 3156 1109 3229 πρώτων
1142 3157 1428 3227 σωμάτων,
1454 3156 1489 3210 ἃ
1508 3156 1571 3228 δὴ
1604 3174 1743 3210 στοι-

162 3253 289 3319 χεία
326 3249 616 3318 καλοῦμεν,
663 3248 911 3301 σύνθετον
956 3244 1093 3300 εἶναι
1123 3248 1345 3301 δυνατὸν
1388 3250 1517 3319 ἡμῖν
1552 3247 1743 3300 ὑποθέ-

165 3342 291 3393 σθαι
319 3341 408 3393 τόν
433 3340 679 3410 οὐρανὸν,
709 3338 785 3409 τῷ
820 3339 886 3392 τὰ
916 3342 980 3393 ἐκ
1003 3340 1273 3411 διαφόρων
1308 3341 1640 3412 συγκείμενα
1667 3339 1742 3412 μὴ

165 3434 426 3489 δύνασθαι
472 3435 682 3505 ὁμαλὴν
740 3434 831 3487 καὶ
886 3434 1140 3489 ἁϐίαστον
1180 3437 1321 3507 ἔχειν
1362 3436 1459 3507 τὴν
1506 3438 1739 3507 κίνησιν,

163 3528 397 3583 ἑκάστου
419 3527 527 3581 τῶν
551 3527 959 3599 ἐνυπαρχόντων
984 3528 1170 3579 ἁπλῶν
1211 3532 1322 3591 τοῖς
1346 3530 1617 3593 συνθέτοις
1646 3530 1741 3583 άλ-

166 3619 266 3690 λην
304 3620 399 3673 καὶ
426 3619 590 3689 ἄλλην
627 3620 799 3691 όρμὴν
835 3620 981 3690 παρὰ
1013 3620 1110 3687 τῆς
1142 3618 1353 3687 φύσεως
1380 3619 1607 3688 ἔχοντος.
1653 3621 1742 3674 Διὸ

167 3710 385 3781 πρῶτον
414 3712 509 3781 μὲν
540 3713 767 3783 καμάτῳ
807 3712 1087 3781 συνέχεται
1118 3712 1173 3763 ἐν
1198 3716 1263 3781 τῇ
1295 3713 1507 3780 συνεχεῖ
1533 3714 1741 3783 κινήσει

167 3804 237 3858 τὰ
263 3804 510 3867 σύνθετα,
553 3804 640 3857 δια
678 3805 739 3857 τὸ
774 3805 901 3876 μίαν
930 3805 1143 3875 κίνησιν
1180 3804 1253 3875 μὴ
1280 3802 1537 3857 δύνασθαι
1580 3808 1742 3857 πᾶσιν

168 3896 506 3967 εὐάρμοστον
540 3892 679 3949 εἶναι
714 3899 806 3952 καὶ
832 3898 992 3969 φίλην
1016 3900 1127 3961 τοῖς
1151 3896 1413 3958 ἐναντίοις
1432 3911 1446 3925 ο
1484 3894 1619 3949 ἀλλὰ
1646 3896 1743 3967 τὴν

166 3986 247 4057 τῷ
301 3987 487 4057 κούφῳ
534 3988 735 4041 οἰκείαν
789 3989 1052 4059 πολεμίαν
1105 3985 1245 4043 εἶναι
1295 3988 1373 4059 τῷ
1434 3987 1738 4058 βαρυτάτῳ.

171 4078 340 4131 Ὅταν
376 4078 473 4146 μὲν
506 4077 611 4149 γὰρ
652 4078 788 4149 πρὸς
820 4078 890 4131 τὰ
922 4079 1032 4133 ἄνω
1062 4077 1358 4149 κινώμεθα,
1404 4076 1745 4147 βαρυνόμεθα

165 4168 248 4239 ’τῷ
288 4168 479 4237 γεώδει
502 4186 516 4199 ο
547 4170 674 4224 ὅταν
721 4170 778 4224 δὲ
810 4169 944 4241 πρὸς
987 4170 1057 4223 τὰ
1099 4172 1249 4225 κάτω
1283 4170 1394 4238 (77)
1429 4167 1742 4239 φερώμεθα,

172 4262 466 4333 βιαζόμεθα
494 4263 555 4316 τὸ
578 4263 839 4335 πυρῶδες,
876 4263 1026 4333 παρὰ
1051 4263 1211 4332 φύσιν
1244 4262 1373 4314 αὐτὸ
1403 4262 1537 4332 πρὸς
1565 4260 1626 4313 τὸ
1649 4260 1746 4313 κά-

174 4358 258 4409 τω’
296 4353 672 4418 καθέλκοντες.
722 4356 786 4408 Ἦ
820 4355 877 4409 δὲ
916 4354 1053 4426 πρὸς
1084 4354 1150 4407 τὰ
1177 4354 1390 4407 ἐναντία
1418 4352 1599 4423 διολκὴ
1638 4352 1745 4406 τῶν

1840 3159 1981 3214 ferre
2026 3169 2265 3213 censent.
2306 3158 2544 3223 Quorum
2592 3170 2768 3212 autem
2822 3158 3086 3212 motiones
3114 3156 3404 3211 secundum

1842 3264 2087 3306 naturam
2128 3251 2356 3305 diversa:
2404 3260 2550 3315 sunt,
2593 3251 2785 3304 borum
2832 3249 2993 3303 etiam
3044 3262 3265 3303 necesse
3300 3258 3408 3313 est,

1842 3346 2109 3415 inquiunt,
2144 3346 2431 3401 essentiam
2460 3358 2580 3398 esse
2619 3343 2911 3397 diversam.
2945 3338 3051 3396 Sed
3094 3356 3159 3395 ne
3195 3356 3258 3394 ex
3299 3340 3409 3411 pri-

1842 3441 1945 3491 mis
1966 3439 2181 3507 quidem
2212 3437 2526 3507 corporibus
2554 3450 2673 3504 qua:
2699 3435 2964 3489 elementa
2998 3448 3268 3498 vocamus,
3295 3448 3407 3506 etn-

1842 3528 1951 3583 lum
1988 3530 2254 3598 componi,
2285 3537 2521 3582 statuere
2562 3540 2881 3593 possumus;
2922 3539 2988 3579 eo
3020 3525 3161 3593 quod
3195 3538 3259 3578 ea
3290 3539 3410 3594 qua:

1841 3636 1904 3676 ex
1957 3620 2185 3675 diversis
2228 3626 2497 3681 constant,
2552 3626 2756 3671 motum
2807 3616 2898 3686 qui
2954 3616 3290 3685 aequabiliter
3342 3631 3407 3671 ac

1842 3710 1958 3765 sine
2003 3711 2051 3763 vi
2093 3711 2304 3773 edatur,
2340 3709 2539 3762 habere
2579 3722 2683 3760 non
2732 3716 2989 3774 possunt;
3032 3722 3155 3759 cum
3201 3704 3407 3770 singula

1841 3820 1959 3873 quae
2005 3804 2055 3858 in
2102 3802 2419 3871 compositis
2467 3801 2648 3853 insunt
2693 3799 2993 3863 simplicia,
3038 3798 3199 3850 alium
3249 3808 3410 3865 atque

1842 3895 2004 3947 alium
2044 3908 2074 3946 a
2122 3905 2313 3944 natura
2358 3890 2661 3943 sortiantur
2699 3888 2975 3956 impetum.
3016 3884 3279 3952 Quocirca
3322 3900 3411 3941 res

1843 3985 2153 4053 composita:
2193 3983 2422 4051 primum
2458 3980 2673 4050 quidem
2711 3980 2761 4033 in
2792 3979 3048 4032 continuo
3085 3989 3231 4033 ntotu
3267 3992 3411 4047 tnng

1845 4074 2208 4137 centinentur,
2250 4070 2393 4139 quod
2436 4086 2573 4125 unus
2621 4077 2797 4124 motus
2834 4068 3083 4122 omnibus
3125 4068 3411 4124 contrariis

1845 4178 1950 4217 non
1987 4171 2162 4232 potest
2194 4177 2464 4232 congruus
2499 4176 2617 4215 esse
2646 4170 2700 4213 et
2724 4160 2929 4214 amicus
2964 4177 2977 4213 :
3011 4159 3105 4214 sed
3136 4160 3179 4214 is
3204 4160 3291 4229 qui
3333 4160 3409 4215 rei

1846 4254 1978 4309 levis
2034 4256 2282 4325 proprius
2330 4263 2433 4319 est,
2497 4252 2831 4323 gravissima:
2887 4252 3225 4309 adversatur.
3273 4251 3409 4307 Cum

1846 4347 1986 4400 enim
2006 4362 2215 4400 sursum
2238 4361 2422 4400 versus
2459 4359 2752 4409 movemur,
2801 4360 2894 4414 per
2925 4344 2976 4398 id
3004 4344 3143 4411 quod
3177 4356 3410 4398 terrenm

174 4446 448 4518 στοιχείων
476 4445 821 4510 διαπτώσειὲκ
846 4449 993 4500 ἐστιν
1016 4447 1256 4517 ἀφορμή.
1277 4446 1349 4497 Τὸ
1370 4444 1477 4515 γὰρ
1504 4446 1740 4512 ἠναγκα-

1846 4447 1945 4502 est,
1991 4453 2311 4507 gravainur;
2363 4451 2481 4489 cum
2526 4450 2651 4490 vero
2693 4437 2942 4487 deorsum
2977 4432 3258 4499 volvimur,
3304 4434 3409 4487 vim

176 4541 365 4609 σμένον
388 4541 480 4592 καί
504 4542 654 4609 παρὰ
689 4539 867 4607 φύσιν,
906 4541 991 4592 ἐπ’
1014 4538 1189 4606 ὀλίγον
1212 4535 1480 4605 ἁντισχὸν,
1506 4537 1599 4587 καὶ
1622 4534 1741 4586 τοῦ-

174 4644 230 4680 το
260 4629 447 4699 βιαίως
478 4629 573 4682 καὶ
607 4628 777 4699 μόλις,
811 4630 944 4699 ταχυ
977 4628 1193 4697 διελύθη
1226 4645 1303 4691 εις
1324 4627 1391 4679 τὰ
1434 4624 1492 4689 ἐξ
1520 4618 1592 4680 ὧν
1624 4642 1744 4676 συν-

175 4716 326 4788 ετὲθη
371 4717 502 4787 (78),
540 4718 768 4771 ἑκάστου
802 4717 908 4770 τῶν
951 4716 1309 4769 συνελθόντων
1355 4714 1489 4785 πρὸς
1536 4712 1634 4783 τὴν
1662 4714 1742 4765 οἱ·

177 4809 323 4861 κείαν
352 4808 531 4879 χώραν
559 4808 887 4870 ἐπανιόντος.
919 4806 1015 4859 Διὰ
1044 4808 1141 4877 μὲν
1162 4807 1226 4879 δὴ
1250 4804 1471 4867 ταυτας,
1496 4802 1570 4866 ῶς
1588 4820 1739 4871 φασι,

175 4900 274 4953 τῶν
304 4899 579 4971 λογισμῶν
623 4901 721 4965 τὰς
764 4899 1027 4968 ἀνάγκας,
1069 4898 1195 4962 τοὺς
1245 4898 1352 4951 τῶν
1392 4896 1741 4967 προαγόντων

250 5100 361 5174 (71)
406 5099 656 5174 Voculam
719 5097 777 5174 δέ
843 5112 910 5151 ex
972 5094 1180 5174 duobus
1232 5109 1364 5174 mss.
1408 5095 1729 5151 addidimus.

182 5165 286 5226 Hoc
317 5165 431 5240 ipso
460 5175 513 5225 in
547 5171 661 5223 loco
701 5169 805 5240 duo
834 5183 974 5240 mss:
1000 5183 1080 5218 σοι
1109 5165 1312 5240 δοκοίη.

242 5234 355 5312 (72)
380 5238 877 5312 Antiquiduolibri
902 5235 1064 5312 Δοὕτω
1090 5235 1166 5312 τά
1204 5235 1379 5289 πάντα
1413 5234 1553 5287 διατ.
1614 5235 1730 5289 Mox

186 5306 274 5366 duo
314 5306 441 5382 mss.
472 5306 688 5382 εὑρεθῇ.
719 5308 867 5382 Alius
899 5306 1226 5382 eﬁeupsfiaiq.

242 5382 353 5445 t75l
386 5376 612 5437 Codices
634 5376 739 5434 duo
764 5377 833 5429 τὰ
857 5378 994 5431 αὐτὰ
1012 5376 1067 5429 δὲ
1106 5376 1301 5429 πάντα.
1384 5444 1387 5445 ν
1582 5444 1601 5445 7
1678 5438 1681 5445 ί

244 5444 353 5520 (74)
379 5452 555 5507 Codex
580 5450 821 5506 Contbei.
838 5446 1038 5502 λοιπῶν
1062 5446 1149 5499 διὰ
1167 5446 1264 5518 τὴν
1300 5444 1728 5520 μέθεξινηοοφ.

185 5515 392 5577 ὴθθςίιιε
425 5532 574 5576 uolat
640 5523 778 5574 hanc
824 5520 1127 5587 optniunent
1186 5515 1311 5571 cisset
1350 5516 1630 5580 Platonis,
1676 5516 1727 5569 in
1832 5515 2006 5587 altern
2036 5527 2134 5587 ms.

188 5588 369 5647 Timeo
393 5605 411 5643 :
439 5601 775 5658 sequentem,
805 5588 1126 5642 Aristotelis.

244 5661 354 5725 (75)
391 5653 541 5717 ϐοηί.
581 5662 784 5729 pritutts
809 5659 1218 5732 παρ’ῌέαυτοϊς.-
1247 5654 1576 5732 Μοιηθρἰἱρ
1622 5653 1725 5732 Ba-

190 5732 260 5786 sil.
325 5743 371 5791 et
415 5725 652 5805 quintum
708 5744 814 5783 mss
890 5725 1039 5800 πῦρ.
1088 5728 1239 5801 φησι.
1310 5727 1483 5784 Ι·.ι1ἱιὶο
1542 5725 1717 5782 Paris.

1849 4527 2074 4584 faciums
2103 4531 2280 4597 igneo,
2310 4530 2504 4597 quippe
2534 4529 2623 4597 qui
2661 4528 2834 4595 ipsum
2861 4525 3111 4579 deorsum
3138 4525 3411 4579 traltamus

1852 4632 2046 4690 praeter
2084 4630 2349 4674 naturam.
2390 4619 2513 4673 llaac
2549 4629 2727 4671 autem
2772 4615 3155 4671 elementorum
3202 4616 3252 4670 in
3282 4630 3413 4670 con-

1853 4713 2015 4766 traria
2049 4713 2348 4775 distractio,
2381 4713 2550 4765 ruinae
2581 4720 2636 4765 et
2668 4709 3034 4764 dissolutionis
3074 4723 3232 4763 causa
3272 4708 3414 4762 exsi-

1850 4806 1961 4856 stit.
2001 4802 2149 4867 Quod
2193 4802 2335 4856 enim
2380 4811 2630 4854 coactum
2677 4808 2777 4861 est,
2821 4811 2873 4852 et
2914 4806 3106 4867 praeter
3146 4806 3411 4859 naturam,

1850 4908 1967 4947 cum
1998 4909 2183 4963 parum
2227 4893 2461 4955 resistat,
2495 4891 2653 4959 idque
2692 4890 2951 4944 violenter
2976 4898 3031 4944 et
3064 4902 3225 4959 aegre,
3262 4888 3411 4943 brevi

1838 5110 2023 5230 φαὲίῆ
2057 5160 2235 5214 Codex
2292 5161 2496 5283 unus:
2533 5157 2808 5212 εὐθεῖα....
2865 5156 3001 5226 ἔχει.
3048 5154 3161 5208 Hoc
3200 5154 3318 5224 ipso
3352 5154 3407 5207 in

1840 5231 1960 5283 loco
1981 5232 2133 5283 Culb.
2170 5231 2434 5283 secundus
2502 5230 2800 5283 ποστασίαν
2831 5227 2997 5283 ἐγειν.
3033 5223 3206 5283 iCod.
3247 5222 3353 5278 476
3384 5238 3407 5278 ε

1840 5222 1960 5286 loco
1981 5232 2133 5285 Culb.
2170 5231 2434 5283 secundus
2462 5222 2800 5283 ἀποστασίαν
2831 5222 2997 5297 ἔχειν.
3032 5222 3353 5297 [ϐοὐίηϐ
3384 5238 3415 5278 ι

1843 5303 2131 5356 recentiori
2154 5316 2323 5371 manu,
2347 5299 2505 5371 ἔχει.)

1909 5371 2022 5440 (77)
2060 5371 2113 5424 In
2166 5364 2435 5437 aliquibus
2487 5364 2616 5423 inss.
2676 5370 2879 5440 legitur
2912 5366 3047 5437 πρὸς
3100 5364 3162 5440 τὸ
3206 5364 3411 5420 ᾶνω

1836 5444 1972 5514 πρὸς
2006 5436 2077 5495 ’τὸ
2127 5436 2300 5514 κάτω.
2340 5441 2628 5507 Aliquanto
2656 5441 2795 5494 intra
2851 5436 2982 5508 Reg.
3034 5436 3241 5505 primus
3290 5450 3416 5491 cum

2174 5510 2549 5583 μεθέλκοντες.

1903 5584 2015 5652 (78)
2063 5575 2287 5637 Codices
2347 5584 2454 5638 duo
2510 5582 2570 5647 ἐξ
2642 5575 2717 5637 ὧν
2780 5578 3063 5646 σύγκειται
3122 5575 3217 5629 καὶ
3290 5589 3417 5631 συν-

1832 5652 2015 5731 ετέθη.
