4098 6326
729 343 797 395 27
2017 340 2074 391 S.
2119 339 2357 392 BASlLll
2391 336 2600 390 MAGNI
3880 336 3942 386 23

729 456 781 509 in
817 470 877 507 ea
916 456 1106 521 quibus
1143 463 1352 507 constat
1387 453 1715 513 dissolvitur,
1750 454 1874 504 dum
1911 452 2115 519 singula
2155 468 2271 520 qua?

2377 451 2726 519 ἀθετήσαντες
2756 449 2961 513 λόγους,
2988 447 3188 507 οίκείας
3221 446 3527 506 ὑποθέσεως
3560 447 3868 516 ἐδεήθησαν
3900 446 3943 495 οι

723 546 776 597 in
804 559 962 595 unum
996 552 1376 603 convenerant,
1408 542 1470 594 ad
1510 543 1779 608 proprium
1813 544 2033 596 redeunt
2079 542 2269 597 locum.

720 631 863 685 Sane
888 634 956 685 ob
987 634 1103 693 has,
1133 641 1189 683 ut
1220 632 1389 692 aiunt,
1417 631 1884 684 ratiocinationum
1914 634 2207 699 angustias.
2238 632 2270 685 ii

719 727 810 794 qui
841 724 1076 792 quintam
1105 725 1346 791 corporis
1372 731 1613 776 naturam
1643 724 1706 776 ad
1735 725 1853 777 caeli
1890 723 2273 793 stellarumque

720 815 890 884 ipsius
923 815 1345 868 constituendam
1380 816 1774 882 generationem
1809 817 2093 870 commenti
2130 825 2272 880 sunt,

721 907 936 975 rejectis
981 908 1213 968 priorum
1260 905 1620 974 opinionibus,
1671 907 1999 974 argumentis
2048 907 2275 976 propriis

720 1007 854 1060 opus
901 991 1153 1045 habuere.
1201 993 1266 1044 At
1309 993 1482 1060 quivis
1510 995 1643 1047 alius
1685 1005 1799 1048 arte
1833 995 2090 1049 suadendi
2139 1011 2273 1066 prte-

721 1084 944 1154 pollens,
996 1100 1180 1137 rursus
1229 1085 1324 1137 hos
1377 1085 1616 1150 adortus,
1665 1087 1777 1140 haec
1807 1085 2129 1149 confutavit,
2170 1088 2276 1141 dis-

722 1176 1003 1245 solvitque,
1028 1176 1169 1230 etde
1199 1191 1295 1229 suo
1323 1177 1623 1244 opinionem
1657 1179 1926 1245 propriam
1959 1180 2176 1232 invexit.
2205 1179 2277 1231 De

723 1269 918 1336 quibus
944 1268 986 1321 si
1013 1283 1152 1320 nunc
1174 1268 1352 1321 dicere
1378 1271 1767 1338 aggrediemur.
1793 1269 1844 1322 in
1870 1275 2080 1325 easdem
2113 1286 2276 1338 nugas

724 1371 886 1430 atque
932 1359 1001 1412 illi
1049 1359 1360 1413 incidemus.
1401 1360 1594 1413 Verum
1637 1359 1872 1415 sinentes
1912 1377 2028 1421 nos,
2067 1371 2123 1413 ut
2161 1377 2278 1414 sese

725 1453 948 1507 invicem
980 1460 1222 1504 evertant
1250 1450 1617 1518 relellantque,
1639 1451 1748 1518 jam
1783 1455 1979 1506 omisso
2005 1452 2070 1505 de
2095 1468 2268 1505 essen-

725 1543 794 1596 tia
841 1557 1106 1606 sermone,
1147 1541 1301 1596 ﬂdem
1348 1541 1510 1609 Moysi
1567 1544 1905 1608 adhibentes,
1948 1544 2088 1610 quod
2133 1541 2276 1596 Fecit

722 1633 859 1687 Dens
897 1632 1076 1685 caelum
1121 1642 1168 1685 et
1210 1642 1422 1693 terram,
1460 1631 1649 1684 artiﬁci
1682 1631 1881 1698 optimo
1914 1646 2010 1697 pro
2042 1632 2124 1684 his
2161 1646 2278 1699 quae

723 1725 992 1794 sapienter
1018 1739 1080 1776 ac
1107 1723 1372 1778 industrie
1400 1732 1611 1791 peracta
1642 1729 1786 1782 sunt,
1815 1720 2038 1788 gloriam
2067 1721 2274 1781 demus,

2374 541 2624 609 πέμπτην
2671 537 2916 606 σώματος
2958 537 3118 604 φύσιν
3163 539 3242 599 εἰς
3287 537 3383 606 τὴν
3421 536 3657 608 οὐρανοῦ
3699 537 3802 589 καὶ
3844 535 3941 588 τῶν

2373 633 2490 683 κατ’
2516 629 2674 682 αὑτὸν
2715 629 2954 698 ἀστέρων
2979 627 3190 695 γένεσιν
3231 627 3632 698 ὑποτιθέμενοι.
3671 628 3868 688 Ἀλλος
3893 627 3941 680 δέ

2372 739 2454 783 τις
2490 722 2596 775 τῶν
2636 721 2986 791 σφριγῶντων
3033 719 3170 772 κατὰ
3210 718 3586 786 πιθανολογίαν
3635 720 3942 782 ἐπαναστὰς

2374 814 2531 868 πάλιν
2562 813 2786 876 τούτοις,
2822 813 2988 866 ταῦτα
3021 811 3116 881 μὲν
3141 810 3308 881 διέχεε
3334 811 3426 863 καὶ
3449 811 3718 874 διέλυσεν,
3747 813 3942 862 οἰκείαν

2372 907 2429 958 δὲ
2459 909 2585 977 παρ’
2625 903 2814 958 ἑαυτοῦ
2856 903 3211 973 ἀντεισήγαγε
3246 903 3417 966 δόξαν.
3453 903 3586 974 Περὶ
3620 897 3697 956 ὧν
3747 901 3839 952 νῦν
3867 900 3942 955 λέο

2374 1015 2489 1066 γειν
2517 997 2931 1068 ἐπιχειροῦντες,
2969 1000 3046 1059 εἰς
3071 995 3166 1065 τὴν
3195 996 3382 1064 ὁμοίαν
3421 996 3604 1059 αὑτοῖς
3631 994 3939 1061 ἀδολεσχίαν

2376 1089 2776 1159 ὲμπεσούμεθα.
2821 1088 2955 1139 Ἀλλ’
2988 1091 3146 1158 ἡμεῖς
3177 1088 3414 1148 ἐκείνους
3447 1087 3537 1140 ὑπ’
3568 1089 3822 1158 ἀλλήλων
3858 1087 3940 1138 ἐά-

2379 1197 2564 1242 σαντες
2601 1177 3047 1240 καταϐἀλλεσθαι,
3106 1178 3256 1231 αὐτοὶ
3297 1175 3389 1227 τοῦ
3445 1176 3572 1246 περὶ
3621 1180 3723 1248 τῆς
3767 1176 3941 1234 οὐσίας

2376 1271 2635 1339 ἀφέμενοι
2661 1271 2836 1339 λόγου,
2861 1268 3167 1331 πεισθέντες
3197 1269 3415 1322 Μωῦσεῐ
3440 1267 3573 1335 (79),
3605 1269 3692 1321 ὅτι
3724 1268 3943 1333 Ἐποίη-

2375 1378 2486 1416 σεν
2516 1364 2546 1414 ὀ
2587 1363 2727 1428 Θεὸς
2760 1361 2864 1415 τὸν
2891 1359 3149 1426 οὐρανὸν
3184 1361 3277 1414 καὶ
3308 1357 3419 1425 τὴν
3451 1357 3584 1426 γῆν,
3610 1358 3708 1410 τὸν
3737 1362 3945 1429 ἀριστο-

2375 1455 2567 1525 τέχνην
2610 1455 2714 1508 τῶν
2754 1453 2928 1522 σοφῶς
2966 1453 3058 1504 καὶ
3086 1453 3344 1523 ἐντέχνως
3374 1450 3686 1519 γενομένων
3719 1451 3942 1516 δοξάσωε

2380 1565 2499 1617 μεν,
2531 1550 2621 1600 καὶ
2656 1550 2717 1600 ὲκ
2743 1545 2834 1598 τοῦ
2870 1544 3092 1607 κάλλους
3124 1545 3230 1599 τῶν
3261 1543 3549 1615 ὁρωμένων
3581 1542 3679 1593 τὸν
3714 1543 3944 1612 ὑπέρκα-

2376 1640 2464 1692 λον
2509 1639 2830 1708 ὲννοώμεθα,
2874 1638 2974 1690 καὶ
3000 1640 3061 1690 ἐκ
3093 1638 3186 1691 τοῦ
3225 1637 3480 1708 μεγέθους
3525 1634 3638 1686 τῶν
3680 1635 3944 1703 αἰσθητῶν

2378 1735 2577 1788 τούτων
2631 1735 2723 1788 καὶ
2773 1735 3156 1804 περιγραπτῶν
3198 1733 3458 1804 σωμάτων
3495 1730 3944 1800 ἁναλογιζὼμεθα

723 1829 776 1874 et
823 1834 886 1872 ex
932 1817 1326 1887 pulchritudine
1365 1829 1547 1868 eorum
1573 1830 1692 1882 quae
1725 1814 1995 1878 videntur,
2028 1828 2150 1868 eum
2185 1814 2273 1882 qui

2377 1829 2466 1880 τὸν
2504 1829 2723 1897 ἄπειρον
2757 1826 2848 1878 καὶ
2877 1826 3223 1898 ὑπερμεγέθη
3267 1828 3360 1880 καὶ
3397 1825 3576 1878 πᾶσαν
3615 1825 3858 1878 διάνοιαν
3889 1825 3944 1875 ὲν

723 1925 936 1964 omnem
987 1909 1435 1978 pulchritudinem
1485 1916 1724 1974 supcrat,
1779 1915 1956 1960 mente
2005 1905 2274 1972 concipia-

724 2018 876 2065 mus;
918 2010 968 2053 et
995 2016 1056 2052 ex
1087 1998 1451 2066 magnitudine
1490 1998 1819 2052 sensibilium
1857 2000 2045 2052 horum
2081 2007 2133 2050 et
2172 1998 2278 2051 cir-

724 2093 1167 2161 cumscriptorum
1201 2107 1504 2160 corporum,
1536 2090 1680 2144 illum
1706 2093 1797 2161 qni
1838 2090 2074 2144 inﬁnitus
2109 2101 2192 2144 est
2230 2101 2285 2144 et

725 2186 1038 2247 immensus,
1072 2184 1266 2253 quique
1306 2199 1516 2237 omnem
1549 2200 1655 2252 pra:
1686 2184 1932 2253 potentia:
1965 2198 2072 2237 suae
2103 2183 2280 2235 multi-

727 2277 910 2330 tudine
955 2277 1331 2343 cogitationem
1378 2284 1686 2344 exsuperat,
1737 2274 2114 2343 intelligamus.
2166 2274 2277 2328 Etsi

722 2368 864 2423 enim
907 2383 1089 2422 eorum
1125 2385 1242 2437 quae
1275 2367 1414 2423 facta
1457 2378 1578 2422 sunt
1629 2377 1874 2425 naturam
1915 2368 2224 2436 ignoramus
2263 2386 2274 2420 :

723 2469 779 2512 at
801 2468 946 2513 certe
972 2459 1228 2527 quidquid
1261 2461 1404 2513 omni
1436 2475 1498 2511 ex
1538 2467 1686 2526 parte
1723 2457 1821 2512 sub
1851 2467 2060 2510 nostros
2092 2473 2279 2511 sensus

722 2551 886 2615 cadit,
923 2560 1128 2604 tantum
1159 2566 1266 2618 prae
1295 2566 1351 2604 se
1392 2552 1494 2604 t'ert
1527 2548 1918 2614 admirationis,
1950 2561 2008 2603 ut
2042 2550 2121 2604 vel
2156 2566 2281 2603 acu-

723 2643 928 2696 tissima
960 2658 1108 2696 mens
1142 2645 1314 2711 impar
1347 2658 1464 2696 esse
1491 2643 1871 2710 comperiatur,
1896 2658 2014 2712 quae
2044 2650 2134 2694 aut
2181 2643 2280 2694 mi-

2381 1920 2457 1991 τῷ
2489 1921 2676 1991 πλήθει
2714 1920 2811 1989 τῆς
2841 1920 3031 1972 ἑαυτοῦ
3065 1920 3343 1988 δυνάμεως
3381 1919 3807 1990 ὑπερϐαίνοντα.
3839 1918 3944 1972 Καὶ

2383 2013 2491 2081 γὰρ
2517 2014 2564 2064 εί
2598 2010 2690 2064 καὶ
2714 2009 2809 2079 τὴν
2842 2010 2998 2078 φύσιν
3023 2010 3320 2077 ἀγνοοῦμεν
3348 2011 3452 2061 τῶν
3490 2013 3825 2080 γενομένων,
3859 2011 3947 2062 ἀλ-

2392 2101 2458 2153 λὰ
2508 2103 2568 2154 τό
2620 2117 2680 2169 γε
2717 2099 3017 2169 ὁλοσχερῶς
3061 2101 3359 2151 ὑποπίπτον
3404 2100 3559 2168 ἡμῶν
3593 2103 3666 2170 τῇ
3705 2100 3945 2166 αἰσθήσει

2380 2192 2628 2244 τοσοῦτον
2664 2191 2772 2259 ἔχει
2811 2190 2870 2241 τὸ
2900 2188 3100 2260 θαῦμα,
3131 2189 3267 2243 ὥστε
3294 2189 3499 2242 καὶτὸν
3527 2188 3944 2258 ἐντρεχέστατον

2381 2284 2503 2338 νοῦν
2545 2285 2797 2337 ἐλάττονα
2833 2284 3168 2354 ἀναφανῆναι
3215 2283 3320 2352 (80)
3371 2282 3465 2336 τοῦ
3510 2282 3802 2353 ἐλαχίστου
3843 2281 3944 2333 τῶν

2382 2375 2438 2425 ὲν
2475 2372 2550 2443 τῷ
2583 2374 2790 2444 κόσμῳ,
2815 2375 2948 2446 πρὸς
2991 2375 3051 2427 τὸ
3095 2375 3126 2444 ἢ
3166 2374 3453 2445 δυνηθῆναι
3483 2373 3616 2426 αὐτὸ
3648 2375 3772 2426 κατ’
3801 2371 3944 2434 ἀξίαν

2383 2466 2705 2531 ἐπεξελθεῖν,
2743 2467 2774 2537 ἢ
2807 2467 2896 2519 τον
2923 2465 3264 2534 ὀφειλόμενον
3299 2465 3516 2517 ἔπαινον
3550 2460 3943 2530 ἀποπληρῶσαι

2382 2555 2458 2626 τῷ
2487 2556 2756 2608 κτίσαντι’
2792 2549 2834 2619 ᾧ
2861 2555 3008 2605 πᾶσα
3032 2553 3177 2616 δόξα,
3206 2554 3337 2622 τιμὴ
3370 2551 3476 2620 (81)
3503 2552 3597 2603 καὶ
3628 2551 3850 2620 κράτος,
3871 2549 3944 2608 εἰς

2383 2647 2505 2705 τοὺς
2525 2643 2722 2705 αἰῶνας
2748 2643 2854 2695 τῶν
2881 2641 3108 2694 αἰώνων.
3151 2644 3342 2712 Ἀμήν.

722 2734 924 2787 nimum
966 2737 1090 2803 quid
1136 2750 1320 2789 eorum
1361 2752 1480 2805 qure
1521 2738 1572 2790 in
1630 2738 1826 2789 mundo
1907 2748 2048 2799 sunt,
2093 2750 2189 2803 pro
2235 2737 2307 2788 rei
2350 2738 2609 2805 dignitate
2687 2739 2950 2807 explicet,
3006 2746 3098 2791 aut
3151 2737 3384 2791 debitam
3429 2735 3643 2790 laudem
3697 2733 3944 2802 rependat

722 2824 983 2889 Creatori,
1018 2827 1102 2881 cui
1145 2827 1320 2881 omnis
1366 2827 1557 2897 gloria,
1587 2828 1758 2882 honor
1793 2836 1848 2881 et
1892 2827 2196 2895 imperium,
2229 2829 2280 2881 in
2320 2831 2514 2883 szecula
2549 2830 2885 2884 saeculorum.
2919 2830 3110 2883 Amen.

1313 3060 1591 3116 HOMILIA
1633 3061 1695 3116 11.

794 3175 870 3230 De
902 3192 958 3230 eo
992 3175 1126 3246 quod
1163 3174 1437 3229 invisibilis
1466 3184 1576 3227 erat
1612 3183 1748 3227 terra
1783 3185 1830 3228 et
1865 3176 2121 3244 indigesta
2146 3176 2207 3228 ¹⁰.

796 3307 898 3377 12
939 3310 990 3364 1.
1031 3308 1184 3363 Mane
1219 3308 1271 3362 in
1311 3309 1493 3377 paucis
1520 3307 1846 3375 explicandis
1878 3308 2057 3361 verbis
2093 3307 2281 3362 immo-

722 3403 850 3464 rati,
899 3412 1098 3455 tantam
1154 3403 1430 3456 sententia:
1481 3401 1899 3471 profunditatem
1950 3401 2278 3455 reconditam

723 3492 1042 3557 invenimus,
1075 3505 1132 3546 ut
1162 3497 1227 3546 de
1262 3495 1326 3546 iis
1352 3509 1470 3561 qua:
1499 3503 1816 3561 sequuntur,
1849 3494 2068 3546 omnino
2102 3493 2282 3559 despe-

724 3598 922 3636 remus.
960 3584 1088 3636 Nam
1127 3585 1168 3638 si
1201 3594 1508 3636 sanctorum
1548 3585 1682 3636 atria
1721 3586 1846 3636 talia
1883 3594 2026 3647 sunt,
2060 3593 2113 3637 et
2148 3595 2282 3637 tem-

720 3673 794 3743 pli
821 3674 1080 3729 vestibula
1108 3677 1242 3728 adeo
1276 3675 1578 3727 veneranda
1608 3686 1752 3736 sunt,
1785 3685 1945 3740 atque
1975 3674 2278 3742 magniﬁca,

720 3772 781 3817 ut
839 3765 1245 3832 pulchritudinis
1307 3781 1413 3819 suae
1475 3767 1782 3832 praemantia
1841 3764 2023 3818 oculos
2087 3766 2280 3816 mentis

720 3865 919 3910 nostra:
948 3857 1328 3926 perstringunt,
1362 3856 1538 3924 qualia
1567 3865 1689 3911 sunt
1717 3854 1910 3910 Sancta
1938 3855 2279 3909 sanctorum?

721 3949 908 4016 ecquis
956 3949 1170 4001 tandem
1220 3950 1578 4016 comperietur
1609 3949 1850 4009 iameus,
1885 3948 1975 4016 qui
2002 3946 2158 4016 adyta
2193 3946 2276 3999 in-

724 4038 872 4108 gredi
930 4038 1103 4091 ausit?
1159 4048 1251 4092 aut
1293 4041 1414 4107 quis
1466 4049 1853 4108 conspecturus
1909 4046 1992 4091 est
2045 4039 2277 4091 arcana?

723 4128 1001 4196 Siquidem
1045 4128 1126 4180 vel
1156 4144 1340 4182 eorum
1374 4138 1624 4197 aspectus
1653 4139 1734 4182 est
1763 4130 2102 4196 inaccessus;
2134 4139 2185 4182 et
2214 4144 2276 4182 ea

720 4235 841 4291 qua:
872 4232 1049 4274 mente
1070 4231 1326 4288 concepta
1358 4231 1503 4284 sunt,
1529 4235 1670 4288 aegre
1694 4222 1914 4274 omnino
1952 4221 2128 4274 verbis
2158 4235 2278 4287 pos-

722 4321 848 4365 sunt
881 4312 1154 4381 explicari.
1193 4315 1466 4369 Attamen.
1503 4327 1620 4365 cum
1646 4314 1783 4381 apud
1813 4312 2015 4378 justum
2045 4312 2274 4379 judicent

3847 2955 3931 2974 ρ-

2578 2968 2865 2980 ——-.—

2990 3060 3231 3113 OMlAlA
3269 3059 3342 3109 B'.

2485 3155 2621 3223 Περὶ
2660 3153 2785 3216 τοῦ,
2828 3151 3089 3218 Ἀόρατος
3138 3147 3215 3216 ἦν
3269 3150 3301 3213 ἡ
3358 3147 3432 3218 τῆ
3481 3147 3580 3201 καὶ
3627 3147 3849 3200 ἀκαται-

2903 3224 3238 3285 σκεύαστος
3277 3223 3410 3288 (8:).

2452 3314 2502 3366 1.
2538 3315 2768 3382 Μικροῖς
2790 3315 2957 3368 ἕωθεν
2993 3310 3104 3380 (8'5)
3130 3308 3562 3380 ἐνδιατρίψαντες
3597 3309 3829 3380 ῥήμασι,
3855 3324 3942 3358 τοο

2383 3404 2568 3457 σοῦτον
2601 3401 3084 3474 ἀποκεκρυμμένον
3112 3401 3170 3454 τὸ
3197 3401 3357 3470 βάθος
3387 3401 3484 3470 τῆς
3512 3400 3752 3461 διανοίας
3789 3397 3940 3469 εὖροι·

2385 3515 2503 3567 μεν,
2532 3495 2670 3549 ὥστε
2701 3497 2804 3548 τῶν
2831 3494 3025 3566 ἐφεξῆς
3062 3494 3334 3555 παντελῶς
3374 3491 3703 3558 ἀπογνῶναι.
3738 3491 3801 3542 Εἰ
3841 3492 3942 3559 γὰρ

2380 3587 2446 3639 τὰ
2478 3587 2742 3656 προαύλια
2785 3588 2892 3638 τῶν
2921 3586 3090 3652 ἁγίων
3119 3584 3268 3636 τοιαῦ
3281 3601 3358 3640 τα,
3398 3582 3492 3634 καὶ
3525 3581 3594 3633 τὰ
3633 3581 3942 3651 προπύλαια

2380 3679 2472 3730 τοῦ
2493 3679 2618 3729 ναοῦ
2642 3677 2783 3730 οὕτω
2812 3676 2981 3744 σεμνὰ
3007 3677 3099 3727 καὶ
3139 3675 3412 3745 ὑπέρογκα
3435 3676 3501 3743 τῇ
3528 3672 3636 3742 (84)
3673 3673 3939 3744 ὑπερϐολῇ

2378 3768 2468 3820 τοῦ
2497 3769 2723 3830 κάλλους
2756 3769 2878 3830 τοὺς
2898 3767 3203 3836 ὀφθαλμους
3229 3766 3324 3835 τῆς
3352 3766 3582 3826 διανοίας
3610 3766 3766 3835 ήμῶν
3796 3782 3940 3834 περι-

2377 3858 2771 3927 αστράπτοντα,
2805 3857 3020 3910 ποταπὰ
3047 3857 3112 3908 τὰ
3144 3856 3310 3922 ’Ἅγια
3335 3854 3442 3907 τῶν
3480 3855 3684 3922 ἁγίων;
3728 3854 3821 3906 καὶ
3863 3855 3943 3916 τίς

2381 3951 2560 4012 ἱκανὸς
2584 3947 2987 4017 κατατολμῆσαι
3014 3947 3121 4000 τῶν
3151 3946 3390 4008 ἀδύτωνς
3424 3946 3454 4015 ἢ
3482 3946 3565 4008 τίς
3588 3945 3849 4013 ἐπόψεται
3873 3947 3941 3997 τὰ

2376 4040 2696 4111 ἀπόρῤητα;
2742 4019 3050 4110 Ἀπρόσιτος
3101 4037 3197 4106 μὲν
3242 4039 3349 4105 γὰρ
3389 4034 3564 4089 αὐτῶν
3609 4037 3705 4088 καὶ
3744 4038 3776 4106 ή
3824 4035 3938 4096 θέα.

2376 4131 2800 4202 δυσερμήνευτος
2831 4130 2886 4182 δὲ
2922 4129 3197 4191 παντελῶς
3224 4128 3331 4180 τῶν
3367 4126 3666 4196 νοηθέντων
3710 4129 3739 4179 ὁ
3767 4128 3935 4195 λόγος.

2379 4223 2525 4293 Πλὴν
2563 4223 2674 4277 ἀλλ’
2709 4222 2891 4294 ἐπειδὴ
2919 4222 3068 4292 παρὰ
3101 4221 3176 4290 τῷ
3221 4220 3412 4289 δικαίῳ
3448 4223 3630 4289 κριτῇ,
3670 4220 3764 4271 καὶ
3806 4219 3940 4286 ὑπὲρ

2384 4314 2541 4384 μόνου
2576 4313 2668 4366 τοῦ
2693 4312 3010 4384 προελέσθαι
3039 4311 3103 4364 τὰ
3127 4311 3332 4375 δέοντα,
3361 4310 3459 4362 οὑκ
3481 4306 3937 4376 εὐκαταφρόνητοί

722 4405 805 4458 vel
849 4404 918 4459 ob
955 4405 1004 4459 id
1040 4405 1233 4469 solum,
1263 4405 1402 4473 quod
1442 4404 1560 4472 quis
1593 4401 1820 4457 cilicium
1853 4419 2006 4456 suum
2051 4404 2149 4457 sibi
2198 4403 2275 4456 fa-

2379 4407 2513 4457 είσιν
2536 4406 2902 4475 ἀφωρισμένοι
2931 4402 3127 4471 μισθοὶ,
3157 4401 3230 4471 μὴ
3254 4400 3646 4467 ἀποκνήσωμεν
3673 4397 3786 4467 (85)
3810 4396 3936 4467 πρὸς

722 4498 967 4552 ciendum
1012 4499 1367 4568 proposuerit,
1403 4497 1690 4549 c0nstituta
1739 4509 1942 4549 merces
1971 4495 2061 4559 sit,
2104 4508 2272 4563 eaque

723 4604 826 4642 non
863 4591 1283 4656 contemnenda;
1318 4604 1382 4644 ne
1415 4591 1479 4642 ad
1521 4586 1962 4657 perscrutandum
2006 4587 2271 4641 fuerimus

798 4766 841 4799 “
877 4767 1007 4823 Gen.
1044 4783 1081 4829 l,
1109 4766 1166 4823 Ξ.

794 4923 903 4991 (79)
935 4923 1085 4976 Colh.
1116 4922 1378 4975 secundus
1406 4921 1556 4973 αὐτοὶ
1587 4922 1712 4982 τοὺς
1762 4917 1889 4989 περὶ
1945 4919 2045 4987 τῆς
2088 4917 2271 4980 οὐσίας

720 4995 983 5064 ἀφέμενοι
1013 4992 1200 5064 λόγους
1250 4991 1640 5064 πιστευθέντες
1664 4991 1903 5064 ΜωῦσείἸ
1928 4991 2074 5040 Alius
2103 4991 2268 5064 codex

722 5059 932 5131 quoque
963 5059 1221 5131 ἀφέμενοι
1250 5062 1463 5128 λόγους.
1503 5066 1570 5113 At
1605 5061 1765 5114 Coisl.
1828 5061 2030 5128 primus
2084 5059 2268 5128 vulga-

724 5147 830 5188 tatn
859 5135 1139 5186 lectionem
1168 5143 1358 5185 tuetur.

791 5201 900 5273 (80)
929 5202 1065 5254 Editi
1096 5213 1147 5273 et
1179 5204 1280 5254 duo
1311 5216 1437 5253 mss.
1485 5198 1832 5273 av_<pavﬁvat.
1876 5199 1944 5252 At
2003 5197 2094 5251 alii
2141 5211 2271 5265 qua-

719 5270 842 5328 tuur
875 5290 1002 5325 mss.
1029 5272 1311 5337 conjuncte
1339 5270 1694 5338 ἀναφανῆναι.

794 5343 904 5410 (81)
939 5328 1164 5395 Codices
1189 5351 1413 5407 quatuor
1439 5328 1583 5406 δόξα,
1612 5340 1761 5411 τιμή.
1788 5338 1952 5393 Coisl.
1985 5338 2191 5407 primus
2228 5328 2272 5403 ᾧ

717 5412 753 5483 ή
789 5413 913 5477 δόξα
931 5414 1028 5483 καὶ
1059 5412 1118 5483 τδ
1150 5412 1366 5482 κράτος.

791 5476 904 5553 (8‘2)
929 5481 1134 5553 Titulus
1163 5476 1339 5534 nullus
1368 5480 1568 5553 legitur
1592 5493 1764 5553 neque
1805 5479 1856 5530 in
1893 5476 2036 5553 Reg.
2059 5477 2269 5553 quinto,

718 5547 894 5620 neitue
926 5554 975 5604 in
1003 5552 1152 5605 Colb.
1179 5555 1431 5620 secundo.
1463 5551 1516 5602 In
1541 5551 1744 5620 duobus
1777 5563 1907 5620 mss.
1929 5551 2090 5620 verba
2125 5547 2271 5598 Scri-

757 5615 907 5686 tu'rm,
955 5623 988 5694 ὴ
1057 5621 1113 5694 δὲ
1141 5621 1213 5694 γῆ
1391 5621 1613 5694 ἀόρατος
1646 5617 1739 5670 καὶ
1777 5615 2272 5694 ἀκατασκεύαστος,

739 5707 840 5744 oro
879 5685 1323 5758 sun'tititul'ifAlii
1356 5685 1611 5742 tres'mss.
1635 5703 1753 5758 cum
1787 5690 1943 5740 editis
1982 5688 2110 5758 napi.
2156 5685 2270 5749 τοῦ,

718 5760 941 5830 ἀόρατος
1001 5757 1068 5831 ἦν
1121 5763 1152 5831 ἡ
1200 5761 1271 5829 γῆ
1309 5761 1400 5813 καὶ
1450 5757 1940 5821 ἁκατασκεύαστος.
1978 5757 2130 5813 Colb.
2166 5759 2274 5826 pri-

2376 4496 2474 4565 τὴν
2503 4494 2743 4564 ἔρευναν.
2791 4495 2852 4547 Et
2890 4493 2996 4563 γὰρ
3040 4492 3130 4543 καὶ
3172 4491 3267 4558 τῆς
3307 4488 3460 4551 ἀξίας
3504 4485 3934 4555 ἀπολειπόμεθα,

2376 4585 2487 4639 ἀλλ’
2516 4584 2607 4636 ἐὰν
2641 4586 2732 4639 τοῦ
2760 4586 3092 4654 βουλήματος
3122 4580 3222 4649 τῆς
3257 4579 3477 4650 Γραφῆς
3514 4579 3590 4648 μὴ
3621 4579 3937 4647 ἐκπέσωμεν

2377 4927 2495 4968 mus
2521 4909 2613 4966 τοῦ
2645 4909 2806 4964 αὑτοῦ
2837 4909 2964 4980 περὶ
2995 4905 3319 4980 ὑδάτωνκαὶ
3346 4897 3778 4980 φιοτδςηὸμιλία
3823 4906 3934 4980 δευο

2371 4984 2524 5065 τέρα.
2559 4983 2722 5065 Coisl.
2754 4976 2956 5065 primu's
2983 4978 3080 5065 ⁸τοῦ⁹
3109 4980 3166 5029 ὲν
3198 4976 3616 5065 ἀῇοιςῇῐξατρδς
3641 4978 3806 5065 ἡμῶν
3835 4977 3934 5065 ἰξα-

2375 5045 2570 5105 σιλείου
2623 5053 2702 5108 εἰς
2751 5045 2858 5120 τὴν
2883 5046 2928 5100 α’
2957 5048 3188 5120 ,ἡμέραν
3220 5045 3714 5120 τῆςῇἙξαῃμέρουχ.
3734 5045 3935 5116 Ὀμιλία

2373 5123 2614 5193 δευτέρα.
2652 5116 3215 5193 ΑΙιθτὈοὶεΙζείςντάᾲ
3238 5116 3428 5193 πρῶτα
3455 5118 3552 5185 τῆς
3582 5117 3867 5193 γενέσεως.

2447 5187 2554 5258 (83)
2591 5194 2716 5258 Reg.
2749 5201 2932 5243 sextus
2954 5204 3074 5241 cum
3105 5188 3255 5240 Culb.
3281 5189 3449 5254 primo
3479 5189 3697 5256 μικροῖς
3737 5187 3934 5255 ἐμπροι

2376 5264 2522 5327 σθεν,
2560 5268 2714 5330 paulo
2749 5270 2887 5330 ante.
2921 5260 2988 5310 At
3036 5259 3162 5308 editi
3219 5273 3348 5330 cum
3409 5268 3639 5330 utroque
3674 5258 3839 5330 Consi.
3886 5262 3936 5307 et

2372 5350 2491 5385 cum
2510 5324 2700 5385 multis
2733 5329 2854 5382 aliis
2908 5343 3037 5381 mss.
3069 5330 3286 5400 μικροῖς
3327 5326 3514 5393 ἕωθεν,
3555 5324 3751 5380 imane.
3802 5324 3934 5394 Lege

2372 5403 2505 5457 Duc.

2444 5471 2552 5542 (84)
2585 5469 2681 5542 Sic‘
2729 5467 2890 5521 editio
2946 5463 3112 5542 Basil.
3166 5477 3241 5542 οιΔ
3282 5483 3413 5521 mss.
3465 5467 3705 5535 plurimi.
3759 5465 3930 5518 Editio

2373 5537 2545 5597 Paris.
2583 5539 2858 5610 ὑπέρογκα
2891 5539 2985 5610 καὶ
3021 5539 3112 5610 τῇ.
3151 5537 3470 5610 Aliquanto?
3520 5547 3639 5610 pgst
3665 5551 3815 5610 _m_ss.
3844 5551 3933 5610 sed

2373 5626 2512 5682 ptem
2535 5605 2952 5682 _dt1:poén._':o;_p.tv
2973 5605 3282 5678 γὰρἀὑτῶν
3314 5609 3407 5660 καὶ
3451 5605 3678 5676 ήζΕιίίιί
3713 5605 3932 5676 ἀκρόσιδ

2371 5678 2461 5752 τος
2476 5698 2516 5752 κγ
2526 5678 2793 5752 ἁρ-αὑτῶν
2881 5679 2998 5731 θέα.

2443 5746 2735 5822 (85)Ὀοιο.
2769 5746 2973 5818 primus
3001 5747 3076 5820 μὴ
3108 5746 3546 5816 ὰποκνησαίμην.
