4098 6326
153 365 228 423 23
1269 361 1552 418 tlUMlLiA
1591 364 1630 418 Il
1671 362 1733 419 SN

1838 354 2279 416 EXAEHERON.
3331 363 3402 420 3t)

154 481 224 549 τῇ
269 476 490 549 βοηθείᾳ
528 477 618 530 τοῦ
647 477 980 548 Πνεῦματος,
1019 480 1111 532 καὶ
1138 478 1286 531 αὐτοὶ
1309 479 1405 532 οὐκ
1440 479 1730 550 ἀπόϐλητοι

1838 476 2128 545 segniores.
2158 474 2312 539 Nam,
2345 473 2555 528 tametsi
2591 489 2766 530 rerum
2805 487 2908 530 non
2943 488 3226 545 possumus
3256 490 3404 530 assc-

156 573 439 635 παντελῶς
472 572 862 644 κριθησόμεθα,
890 573 983 625 καὶ
1012 575 1074 641 τῇ
1107 571 1364 641 συνεργίᾳ
1389 572 1489 641 τῆς
1511 572 1730 643 χάριτος

154 665 448 735 οἰκοδομήν
479 681 599 717 τινα
629 666 694 734 τῇ
740 662 1033 732 Ἐκκλησία
1065 661 1158 713 τοῦ
1185 660 1318 713 Θεοῦ
1361 661 1726 732 παρεξόμεθα.

166 759 230 808 Ἠ
252 754 321 807 δὲ
350 754 423 823 γῆ
453 755 549 823 ἦν,
582 755 763 825 φησὶν,
794 755 1040 821 ἀόρατος
1061 753 1157 805 καὶ
1180 753 1724 816 ἀκατασκεύαστος.

155 849 282 912 Πῶς
317 848 644 918 ἀμφοτέρων
695 847 970 916 ὀμοτίμως
1010 845 1315 915 γενομένων
1359 845 1586 915 οὐρανοῦ
1635 846 1728 898 καὶ

154 940 280 1009 γῆς,
321 940 351 990 6
390 940 487 1009 μὲν
515 938 738 1008 οὐρανὸς
769 937 1099 1007 ἀπηρτίσθη,
1150 939 1182 1007 ἡ
1225 937 1282 990 δὲ
1323 939 1392 1008 γῆ
1429 938 1504 990 ἔτι
1533 937 1728 1006 ἀτελής

155 1033 274 1084 ἐστι
307 1033 402 1085 καὶ
432 1031 819 1102 ἁνεξέργαστος
856 1029 996 1098 (86);
1046 1029 1116 1082 Ἣ
1159 1030 1316 1093 ὅλως,
1360 1030 1411 1082 τί
1440 1030 1499 1081 τὸ
1525 1029 1729 1083 ἀκατά-

155 1138 350 1175 σκευον
380 1121 492 1193 (87)
518 1122 613 1191 τῆς
642 1122 772 1191 γῆς;
806 1122 897 1173 καὶ
939 1121 1026 1174 διὰ
1071 1121 1231 1175 ποίαν
1275 1121 1450 1174 αἰτίαν
1499 1122 1728 1192 ἀόρατος

153 1210 256 1285 ἦν;
289 1215 446 1268 Ἐστι
480 1213 576 1284 μὲν
605 1208 696 1265 οῦν
721 1213 898 1264 τελεία
932 1214 1239 1283 κατασκευὴ
1267 1214 1417 1283 γῆςή
1445 1214 1537 1265 ἀπ’
1561 1214 1729 1283 αὐτῆς

156 1305 410 1375 εὐθηνία·
467 1302 645 1372 φυτῶν
699 1303 1048 1356 παντοδαπῶν
1097 1303 1446 1374 βλαστήσεις·
1500 1303 1728 1374 δένδρων

156 1398 506 1468 ὑψηλοτάτων
560 1395 818 1468 προϐολαὶ
864 1397 1155 1468 καρπίμων
1209 1414 1266 1449 τε
1307 1397 1398 1450 καὶ
1432 1398 1723 1468 ἀκάρπων*

153 1489 333 1542 ἀνθῶν
367 1488 605 1559 εὖχροιαι
645 1490 737 1541 καὶ
785 1489 1028 1541 εὐωδίαι·
1071 1490 1163 1542 καὶ
1195 1490 1294 1542 ὅσα
1342 1492 1536 1562 μικρὸν
1571 1491 1728 1544 ὓστε-

157 1599 246 1652 ρον
285 1580 398 1647 (88)
435 1578 612 1648 μέλλει
642 1578 718 1648 τῷ
742 1581 1117 1650 προστάγματι
1150 1577 1244 1631 τοῦ
1272 1578 1405 1632 Θεοῦ
1447 1582 1731 1634 ἐπανατεί-

152 1675 320 1725 λαντα
368 1673 434 1741 τῇ
474 1673 542 1742 γῇ
587 1670 685 1741 τὴν
731 1671 1143 1741 γεννησαμένην
1198 1675 1582 1741 κατακοσμεῖν,
1632 1665 1729 1726 Ὧν

152 1763 341 1833 ἐπειδὴ
369 1763 517 1815 οὐδὲν
544 1761 697 1814 οὔπω
733 1758 818 1832 ἦν,
857 1762 1228 1815 ἀκατάσκευον
1253 1763 1420 1834 αὐτὴν
1448 1761 1670 1824 εἰκότως
1700 1764 1728 1815 6

1833 566 1922 633 qui
1953 565 2298 635 dignitatem;
2346 573 2545 629 tamen,
2594 565 2639 618 si
2691 581 2718 618 a
2775 563 3064 633 Scriptura:
3104 566 3399 634 proposito,

1834 654 2039 725 Spiritu
2081 657 2391 720 auxiliante,
2440 672 2542 710 non
2594 657 2927 721 excidamus,
2959 659 3122 711 etiam
3160 659 3259 725 ipsi
3292 673 3400 712 nou

1832 750 2053 803 omnino
2098 748 2389 816 rejectanei
2429 748 2817 815 judicabimur;
2871 765 2932 803 ac
2982 752 3156 819 gratia
3207 765 3402 818 coope-

1832 851 2005 903 rante,
2059 855 2163 893 non
2208 841 2340 894 nihil
2389 843 2760 910 przcstabitnus
2798 843 3168 897 mdiﬁcationis
3213 843 3400 898 Eccle-

1831 935 1925 988 siae
1968 933 2078 988 Dei.
2123 932 2280 987 Terra
2336 945 2536 999 autem,
2603 935 2800 1005 inquit,
2852 945 2961 989 erat
3023 937 3297 990 invisibilis
3350 948 3400 991 et

1831 1025 2194 1094 incomposita.
2267 1024 2549 1090 Quomodo
2604 1026 2832 1080 conditis
2889 1027 3092 1096 pariter
3152 1029 3402 1099 utrisque

1830 1117 1968 1172 coelo
2021 1127 2075 1170 et
2123 1126 2296 1181 terra,
2346 1116 2541 1171 ctelum
2586 1119 2802 1186 quidem
2860 1119 3113 1174 omnibus
3159 1120 3401 1175 numeris

1831 1210 2134 1263 absolutum
2167 1219 2273 1272 est,
2311 1218 2451 1263 terra
2489 1224 2616 1264 vero
2654 1211 2829 1265 adhuc
2871 1212 3187 1279 imperfecta
3229 1223 3312 1266 est
3349 1224 3403 1267 et

1831 1299 2016 1352 rudis?
2047 1301 2152 1352 Aut
2178 1298 2419 1361 omnino,
2444 1297 2568 1366 quid
2596 1308 2675 1352 est
2705 1309 2844 1352 terra
2895 1299 3284 1368 incomposita?
3309 1310 3399 1356 aut

1829 1391 1898 1444 ob
1943 1406 2100 1460 quam
2147 1407 2362 1447 causam
2407 1398 2524 1444 erat
2575 1391 2893 1445 invisibilis?
2946 1393 3086 1447 Sane
3129 1392 3402 1462 perfectus

1834 1494 1990 1537 terra:
2025 1495 2314 1553 apparatus
2348 1486 2458 1552 ipsa
2495 1485 2635 1538 illius
2670 1485 2917 1538 fertilitas
2952 1493 3054 1547 est,
3085 1484 3394 1554 generatio-

1833 1591 1929 1630 nes
1992 1593 2434 1646 quarumcunque
2468 1579 2785 1646 plantarum,
2828 1578 3212 1632 altissimarum
3246 1580 3400 1633 arbo-

1832 1683 1947 1721 rum
1991 1680 2099 1722 tum
2152 1670 2531 1739 frugiferarum:
2593 1681 2704 1723 tum
2761 1669 3170 1730 infecundarum
3214 1682 3399 1736 ortus;

1831 1758 2019 1814 ﬂorum
2056 1760 2263 1816 colores
2297 1762 2522 1828 speciosi
2557 1775 2619 1816 ac
2652 1761 2844 1815 odores
2872 1763 3034 1830 grati,
3063 1773 3116 1816 et
3143 1778 3400 1831 quaecun-

153 1854 310 1921 λόγος
342 1855 608 1924 ὠνόμασε.
647 1852 727 1905 Τὰ
764 1852 904 1906 αὑτά
931 1853 986 1905 δὲ
1015 1853 1187 1906 ταῦτα
1219 1853 1312 1905 καὶ
1343 1853 1468 1924 περὶ
1503 1853 1610 1923 (89)
1643 1853 1732 1904 οὐ-

1842 1867 1946 1921 que
1977 1851 2133 1921 paulo
2154 1863 2275 1923 post
2305 1854 2395 1908 Dei
2422 1855 2575 1922 jussu
2603 1870 2632 1908 e
2662 1864 2803 1909 terra
2825 1857 3148 1925 emergentia
3181 1858 3403 1926 genitri-

157 1945 317 2016 ρανοῦ
343 1946 618 2015 εἴποιμεν·
647 1946 726 1998 ὅτι
748 1946 847 1998 οὐκ
864 1944 1180 2014 ἐξείργαστο
1231 1943 1380 1997 οὔπω
1407 1945 1524 1996 οὐδὲ
1549 1945 1728 2008 αὐτὸς,

151 2040 273 2091 οὐδὲ
290 2041 383 2092 τὸν
408 2041 602 2091 οἰκεῖον
632 2037 920 2106 ἀπειλήφει
951 2038 1170 2106 κόσμον,
1203 2036 1298 2088 ἅτε
1326 2037 1491 2105 μήπω
1519 2037 1629 2107 (90)
1654 2055 1733 2090 σε·

153 2133 290 2205 λήνῃ
314 2135 450 2202 μήτε
470 2131 604 2200 ἡλίῳ
627 2127 1118 2198 περιλαμπόμενος,
1141 2125 1272 2196 μηδὲ
1297 2129 1405 2188 τοῖς
1431 2130 1606 2197 χοροῖς
1624 2127 1730 2180 τῶν

153 2228 372 2294 ἄστρων
396 2220 848 2290 κατεστεμμένος.
884 2216 1048 2270 Οὔπω
1071 2216 1179 2286 γάρ
1206 2218 1376 2270 ταῦτα
1403 2217 1511 2286 (91)
1547 2217 1732 2286 ἐγεγό-

153 2335 254 2369 νει.
294 2316 454 2365 Ὥστε
480 2313 574 2381 οὐχ
608 2312 942 2382 ἀμαρτήσεις
963 2311 1059 2380 τῆς
1083 2309 1354 2380 ἀληθείας,
1388 2310 1490 2363 κᾶν
1520 2310 1610 2364 τὸν
1643 2312 1734 2365 οὑ-

158 2409 319 2480 ρανδν
351 2407 719 2460 ἀκατάσκευον
748 2405 926 2475 εἴπῃς.
970 2403 1223 2474 Ἀόρατον
1246 2402 1418 2474 δὲτὴν
1439 2404 1540 2473 γῆν
1569 2419 1734 2474 προσ-

155 2505 276 2554 εἰπε
323 2499 409 2552 διά
437 2500 527 2552 δύο
562 2498 737 2562 αἰτίας
761 2514 774 2526 θ
811 2498 842 2568 ἢ
883 2498 964 2550 ὅτι
1013 2496 1162 2549 οῦπω
1186 2493 1252 2566 ἦν
1277 2497 1444 2567 αὐτῆς
1480 2500 1507 2550 6
1539 2496 1734 2568 θεατὴς

154 2588 444 2659 ἅνθρωπος
470 2588 602 2655 (9⁸2),
628 2587 658 2657 ἢ
700 2589 779 2640 ὅτι
811 2586 1138 2656 ὑποϐρύχιος
1174 2582 1307 2638 οὖσα
1334 2587 1396 2639 ὲκ
1420 2586 1512 2639 τοῦ
1544 2588 1735 2640 ἐπιπο-

155 2681 413 2744 λάζοντος
454 2684 517 2750 τῇ
543 2681 831 2749 ἐπιφανείᾳ
882 2679 1072 2741 ὓδατος
1112 2679 1211 2731 οὐκ
1246 2678 1472 2748 ἠδύνατο
1501 2679 1734 2749 καθορᾶ-

159 2774 305 2826 σθαι.
355 2772 519 2825 Οὔπω
558 2772 666 2842 γὰρ
701 2768 768 2840 ἦν
799 2769 1128 2839 συναχθέντα
1159 2771 1226 2823 τά
1256 2769 1420 2822 ὕδατα
1459 2773 1536 2833 εἰς
1570 2769 1638 2822 τὰ
1659 2771 1733 2822 οἰ-

157 2871 282 2919 κεῖα
316 2867 650 2934 συστήματα,
702 2863 843 2932 ἆπερ
892 2861 1115 2932 ὕστερον
1161 2861 1188 2912 6
1233 2862 1365 2923 Θεὸς
1416 2859 1734 2930 συναγαγὼν

158 2956 566 3028 προσηγόρευσε
609 2954 898 3017 θαλάσσας.
950 2953 1201 3024 Ἀὁρατον
1240 2949 1332 3007 οῦν
1384 2953 1436 3006 τί
1475 2956 1625 3021 seu;
1663 2955 1735 3008 T6

161 3051 278 3119 μὲν,
309 3049 338 3101 6
373 3050 445 3120 μὴ
464 3049 700 3116 πέφυκεν
723 3047 1015 3116 ὀφθαλμοῖς
1051 3048 1250 3116 σαρκὸς
1275 3047 1628 3119 καθορᾶσθαι,
1661 3048 1734 3112 ὼς

155 3143 185 3193 ὁ
213 3142 340 3203 νοῦς
365 3143 391 3192 6
409 3140 675 3210 ἡμέτερος
693 3156 704 3168 ·
737 3139 796 3190 τὸ
818 3138 893 3200 δὲ,
922 3138 948 3189 6
974 3141 1038 3207 τῇ
1064 3138 1219 3205 φύσει
1247 3139 1438 3207 ὁρατὸν
1471 3140 1732 3209 ὑπάρχον,
1766 3168 1807 3223 C

157 3232 246 3284 διά
275 3230 372 3299 τὴν
411 3228 790 3297 ὲπιπρόσθεσιν
819 3226 912 3277 τοῦ
940 3225 1285 3293 ἐπικειμένου
1309 3227 1457 3296 αὐτῷ
1483 3227 1731 3296 σώματος

159 3321 589 3392 ἀποκρύπτεται,
627 3321 702 3382 ὡς
739 3322 766 3372 6
797 3323 854 3372 ὲν
879 3319 956 3389 τῷ
987 3317 1132 3388 βυθῷ
1160 3317 1392 3388 σίδηρος.
1430 3319 1564 3371 Καθ’
1587 3319 1614 3369 6
1643 3333 1732 3388 ση-

162 3413 489 3483 μαινόμενον
514 3410 606 3463 νῦν
643 3411 870 3480 ἀόρατον
903 3408 1184 3480 ἡγούμεθα
1218 3408 1611 3480 προσειρῆσθαι
1632 3409 1730 3480 τὴν

159 3506 262 3575 γῆν
279 3503 691 3574 καλυπτομένην
709 3503 812 3556 ὑπὸ
829 3503 918 3556 τοῦ
942 3502 1149 3565 ὓδατος.
1174 3503 1402 3554 Ἔπειτα
1421 3503 1619 3570 μέντοι,
1637 3503 1731 3555 καὶ

163 3599 330 3666 μήπω
375 3595 469 3648 τοῦ
513 3596 688 3664 φωτὸς
726 3594 1060 3666 γενηθέντος,
1118 3594 1268 3646 οὐδὲν
1305 3591 1370 3664 ἦν
1422 3593 1729 3660 θαυμαστὸν

159 3692 257 3759 τὴν
301 3691 360 3740 ἐν
397 3689 570 3758 σκότῳ
605 3689 714 3758 (95)
743 3688 1017 3758 κειμένην,
1053 3686 1142 3739 διά
1169 3685 1229 3738 τὶ,
1267 3683 1565 3752 ἀφώτιστον
1597 3683 1734 3738 εἷναι

158 3782 249 3833 τὸν
291 3779 434 3849 ὑπὲρ
461 3780 626 3848 αὐτῆς
654 3779 808 3849 ἀέρα,
838 3780 1067 3850 ἀόρατον
1106 3778 1200 3831 καὶ
1227 3777 1364 3830 κατὰ
1400 3777 1554 3830 τοῦτο
1589 3777 1737 3849 παρά

159 3875 260 3940 τῆς
297 3872 520 3943 Γραφῆς
549 3871 963 3941 προσειρῆσθαι.

1835 1961 1950 1999 cem
1982 1963 2133 2001 suam
2171 1959 2324 2002 erant
2354 1958 2631 2004 ornatura.
2667 1949 2902 2014 Qttarum
2933 1965 3113 2003 rerum
3146 1950 3400 2018 quoniam

1834 2038 2095 2092 nihildum
2143 2051 2280 2101 erat,
2326 2041 2519 2094 merito
2566 2039 2842 2108 Scriptura
2891 2042 3058 2110 ipsam
3108 2042 3404 2096 nominavit

1834 2129 2266 2198 incompositam.
2312 2130 2436 2185 Haec
2473 2132 2659 2186 eadem
2698 2141 2752 2185 et
2791 2134 2857 2185 de
2891 2132 3030 2185 cmlo
3070 2133 3399 2198 dixerimus;

1833 2223 2264 2290 quandoquidem
2311 2225 2393 2280 vel
2445 2240 2616 2294 Ipsum
2664 2226 2902 2277 nondum
2944 2233 3064 2278 erat
3106 2226 3398 2286 excultum,

1835 2326 2010 2381 neque
2056 2314 2333 2383 proprium
2388 2325 2664 2383 receperat
2710 2325 2978 2381 ornatum,
3033 2323 3214 2384 utpote
3261 2317 3400 2383 quod

1836 2400 2073 2452 nomium
2109 2400 2220 2454 sole
2256 2412 2348 2454 aut
2391 2402 2514 2455 luna
2565 2402 2980 2471 splendesceret,
3020 2419 3192 2472 neque
3233 2413 3404 2458 astro-

1837 2505 1956 2543 rum
1991 2491 2174 2546 cboris
2202 2504 2572 2548 coronaretur.
2610 2493 2846 2548 Necdum
2883 2496 3025 2550 enim
3059 2496 3242 2549 isthmc
3276 2510 3403 2550 con-

1835 2582 1946 2636 dita
1997 2593 2172 2638 erant.
2229 2585 2404 2651 Quare
2447 2601 2477 2638 a
2530 2588 2758 2641 veritate
2809 2603 2912 2642 non
2957 2589 3316 2652 aberraveris,
3358 2588 3404 2642 si

1835 2672 2033 2726 caelum
2077 2689 2292 2744 quoque
2343 2676 2543 2730 dixeris
2591 2677 2756 2731 fuisse
2804 2677 3237 2746 incompositum.
3270 2677 3402 2730 Ter-

1837 2780 1949 2819 ram
1987 2779 2164 2820 autem
2208 2769 2340 2823 duas
2375 2770 2443 2825 ob
2479 2786 2668 2824 causas
2701 2771 2989 2840 appellavit
3035 2771 3402 2838 invisibilem;

1838 2868 1930 2912 aut
1959 2862 2098 2928 quod
2130 2863 2366 2915 nondum
2402 2877 2541 2919 esset
2569 2866 2657 2933 qui
2698 2880 2816 2919 eant
2852 2864 3193 2932 conspiceret
3223 2865 3402 2928 homo,

1837 2961 1928 3005 aut
1952 2952 2090 3019 quod
2120 2967 2182 3006 ea
2222 2956 2386 3008 videri
2435 2957 2533 3026 13
2566 2959 2786 3011 minime
2823 2968 3021 3026 posset.
3057 2959 3252 3026 quippe
3287 2973 3406 3027 qnaa

1839 3046 1993 3111 aquis
2041 3060 2204 3114 super
2255 3048 2422 3116 ipsius
2473 3051 2808 3119 snperliciem
2855 3051 3221 3105 innatantibus
3261 3061 3407 3105 esset

1840 3137 2142 3191 submersa.
2183 3138 2428 3193 Nondum
2458 3143 2599 3195 enim
2632 3153 2788 3196 erant
2833 3158 2985 3212 aqua:
3033 3144 3084 3197 in
3132 3159 3255 3197 suas
3298 3153 3407 3197 sta-

1843 3226 2012 3280 tiones
2053 3242 2389 3298 congregata:
2431 3249 2443 3284 :
2492 3248 2626 3299 quas
2670 3244 2853 3300 postea
2906 3245 3220 3303 aggregatas
3267 3235 3406 3290 Deus

1840 3318 2006 3369 maria
2059 3322 2401 3388 nuncupavit.
2447 3320 2715 3379 lnvisibile
2765 3326 2925 3390 igitur
2968 3327 3093 3395 quid
3139 3327 3260 3380 est?
3295 3326 3410 3381 Ali-

1839 3412 2051 3478 quando
2099 3413 2310 3481 quidem
2358 3415 2409 3468 id
2457 3417 2595 3482 quod
2638 3433 2701 3473 ex
2741 3432 2798 3472 se
2836 3419 3005 3472 oculis
3046 3419 3224 3473 carnis
3260 3420 3406 3474 cerni

1839 3518 1943 3555 non
1982 3515 2175 3570 potest,
2201 3505 2495 3570 cujnsmodi
2531 3516 2613 3561 est
2649 3524 2798 3562 mens
2830 3520 3010 3563 nostra
3064 3529 3075 3563 :
3119 3509 3409 3579 aliquando

1841 3608 1969 3646 vero
2014 3597 2062 3647 id
2108 3598 2248 3663 quod
2301 3613 2365 3650 ex
2411 3608 2602 3651 natura
2655 3616 2750 3653 sua
2799 3611 2973 3669 potest
3017 3604 3269 3668 conspici,
3314 3603 3407 3656 sed

1843 3685 2208 3740 incumbentis
2236 3689 2284 3741 ei
2335 3690 2575 3758 cmporis
2619 3691 2920 3745 occultatur
2960 3693 3261 3760 interiectu,
3299 3694 3410 3748 vel-

1844 3777 1918 3829 uti
1983 3775 2207 3842 ferrum,
2236 3781 2374 3848 quod
2411 3781 2460 3831 itt
2497 3780 2604 3834 imo
2632 3786 2839 3852 gurgite
2866 3782 3025 3850 jacet.
3058 3781 3214 3835 Juxta
3248 3797 3408 3851 quam

1844 3872 2138 3934 notionem,
2172 3885 2311 3923 uth
2354 3871 2676 3926 invisibiletn
2724 3874 2968 3926 ducimus
3006 3884 3249 3926 vocatam
3292 3886 3411 3926 esse

163 3981 393 4028 terram,
427 3976 610 4033 utpote
652 3980 770 4034 quae
812 3966 878 4017 ab
913 3966 1068 4034 aquis
1106 3964 1490 4020 occultaretur.
1536 3965 1734 4017 Deinde
1773 3979 1900 4018 vero
1963 3982 2082 4020 cunt
2148 3967 2373 4020 necdum
2406 3979 2548 4021 esset
2585 3967 2722 4021 facta
2758 3968 2867 4030 lux,
2906 3968 3037 4022 nihil
3068 3978 3183 4022 erat
3215 3967 3332 4020 miri
3362 3967 3407 4020 si

164 4073 308 4117 terra
343 4063 393 4115 in
428 4059 660 4115 tenebris
690 4061 811 4127 sita,
843 4061 985 4130 quod
1049 4075 1142 4114 aer
1210 4075 1372 4131 super
1433 4075 1552 4114 eam
1580 4077 1683 4114 non
1722 4061 2136 4127 illuminaretur,
2182 4063 2248 4116 ob
2287 4064 2339 4118 id
2377 4064 2537 4118 etiam
2581 4078 2610 4114 a
2654 4063 2930 4133 Scriptura
3001 4062 3283 4119 invisibilis
3317 4079 3410 4131 ap-

163 4161 362 4231 pellata
397 4162 485 4212 sit.

235 4254 290 4307 2.
350 4253 484 4308 Ἀλλ’
527 4254 574 4305 οἱ
622 4253 1044 4323 παραχαράκται
1077 4251 1176 4323 τῆς
1217 4252 1490 4322 ἀληθείας,
1523 4251 1569 4303 οἱ
1619 4249 1738 4320 οὐχὶ

161 4351 230 4415 τῇ
259 4347 448 4415 Γραφῇ
478 4347 568 4398 τὸν
593 4348 797 4400 ἑαυτων
825 4347 948 4399 νοῦν
974 4347 1283 4400 ἀκολουθεῖν
1314 4346 1736 4407 ἐκδιδάσκοντες,

162 4435 299 4486 ἀλλά
333 4437 469 4504 πρὸς
491 4435 550 4486 τὸ
579 4437 773 4489 οἰκεῖον
801 4437 1044 4508 βούλημα
1073 4437 1167 4508 τὴν
1197 4438 1430 4491 διάνοιαν
1464 4435 1571 4488 τῶν
1607 4436 1741 4504 Γρασ-

162 4527 278 4594 esi-3v
322 4526 757 4596 διαστρέφοντες,
796 4531 893 4601 τὴν
937 4529 1067 4600 ὓλην
1103 4531 1234 4597 φασὶ
1273 4529 1357 4581 διά
1392 4529 1499 4580 τῶν
1542 4527 1738 4591 λέξεων

1915 4247 1969 4300 2.
2001 4247 2068 4300 At
2102 4261 2230 4302 vero
2267 4247 2512 4301 veritatis
2541 4247 2930 4303 adulteratores
2963 4247 3051 4316 qui
3081 4264 3231 4301 suam
3262 4249 3410 4319 ipso-

1849 4356 1967 4394 rum
2020 4353 2256 4395 mentem
2295 4341 2588 4409 Scriptura:
2639 4342 3017 4408 obtemperare
3067 4355 3406 4408 nequaquam

1848 4436 2061 4496 docent,
2118 4437 2212 4488 sed
2259 4435 2325 4486 ad
2386 4432 2657 4502 propriam
2712 4433 3034 4485 sententiam
3087 4435 3410 4500 detorquent

1846 4525 2255 4594 Scripturarmu
2294 4540 2532 4588 sensum,
2559 4524 2843 4576 materiam
2876 4524 3022 4576 hisce
3063 4524 3240 4577 verbis
3261 4523 3410 4575 aiunt

162 4619 372 4673 τούτων
418 4596 875 4690 παραδηλοῦσθαιῖ.
919 4596 1066 4692 Αὕτη
1100 4622 1237 4694 γάρ,
1283 4623 1415 4691 φασὶ
1453 4621 1597 4689 (94),
1647 4623 1733 4674 καὶ

1846 4619 2158 4688 signiﬁcari.
2189 4617 2313 4670 “il'c
2338 4615 2503 4679 enim,
2541 4615 2808 4684 inquiunt,
2859 4623 2941 4666 est
2969 4622 3020 4667 et
3046 4611 3330 4666 invisibilis
3355 4621 3410 4665 et

162 4711 400 4779 ἀόρατος
432 4714 495 4782 τῇ
528 4711 682 4780 φύσει
728 4712 820 4764 καὶ
853 4714 1346 4779 ἀκατασκεύαστος,
1379 4713 1566 4775 ἄποιος
1604 4709 1737 4767 οὖσα.

234 4912 556 4984 (86)Codex
593 4932 728 4970 unus
766 4932 885 4971 cum
927 4915 1085 4969 editis
1130 4914 1456 4983 ἁνέργαστος
1496 4916 1588 4969 καὶ
1636 4915 1732 4968 άν-

163 4989 524 5057 απεὶρτιστος.
558 4988 658 5037 Alii
689 5003 779 5040 sex
806 5003 931 5040 mss.
964 4997 1016 5036 ut
1047 4986 1095 5035 in
1125 4999 1399 5057 contextu.

234 5055 354 5125 (87)
386 5058 604 5124 Antiqui
661 5067 784 5108 octo
835 5056 1368 5110 Ιίιινίἀκατάσκευον.
1418 5055 1557 5110 Editi
1611 5072 1732 5109 cum

164 5126 334 5180 Coisl.
381 5131 551 5193 primu
585 5127 1083 5180 ἀκατασκεύαστον.

236 5197 356 5266 (88)
387 5199 565 5252 Codex
598 5213 730 5249 unus
764 5200 863 5250 ὅσα
897 5197 1103 5268 μικρῶς
1136 5195 1250 5268 μετ’
1279 5194 1454 5262 ὀλίγον
1487 5192 1730 5268 ὕστερον.

165 5268 272 5320 Nec
309 5270 382 5319 ita
425 5272 589 5321 multo
631 5268 763 5320 infra
813 5266 935 5320 octo
989 5266 1113 5319 mss.
1162 5267 1534 5318 ἀκατάσκευον
1569 5266 1733 5334 αὐτὴν

164 5340 394 5400 εἰκότως
416 5340 444 5388 6
474 5339 647 5407 λόγος.
677 5338 807 5391 Κόιιί
835 5337 1307 5407 ἀκατασκεύαστον
1340 5337 1506 5407 αὐτὴν
1533 5337 1559 5387 6
1588 5336 1742 5403 λόγος

165 5411 414 5471 εἰκότως.
443 5408 604 5464 Coisl.
640 5413 845 5476 primus
874 5406 1349 5461 ἀκατασκεύαστον
1383 5406 1550 5477 αὐτὴν
1595 5407 1739 5459 εἰκὸ-

163 5497 270 5537 se):
305 5483 354 5533 6.

235 5552 356 5618 (Si!)
385 5548 610 5604 Codices
641 5547 968 5620 scptctnxiv
992 5548 1138 5620 περί.
1175 5545 1309 5620 Editi
1342 5561 1461 5599 cum
1505 5559 1610 5598 uno
1648 5557 1741 5600 aut

168 5616 346 5674 altern
374 5637 501 5674 mss.
536 5621 631 5672 mi.
667 5616 814 5690 περί.
847 5619 951 5674 Vox
985 5616 1136 5671 οὔπω
1170 5616 1325 5687 paulo
1375 5624 1495 5686 post
1550 5630 1737 5672 recens

170 5693 404 5745 accessit
435 5707 498 5743 ett
533 5705 624 5742 sex
664 5692 959 5743 codicibus.

236 5765 357 5830 (90)
398 5761 619 5814 Veteres
654 5763 888 5827 quinque
915 5761 1034 5814 libri
1071 5759 1164 5813 ἆτε
1200 5759 1389 5830 μήπω.
1424 5757 1561 5830 Editi
1602 5773 1726 5814 cum

170 5829 331 5889 Cutsl.
365 5836 538 5902 primo
568 5833 662 5898 ὅγε
687 5832 870 5901 μήπω.
906 5831 1055 5886 Alius
1089 5835 1252 5886 codex
1292 5829 1432 5896 ὥσγε
1472 5829 1654 5899 μήπω.

1849 4712 2202 4780 incomposita
2254 4717 2442 4776 suapte
2491 4716 2684 4761 natura
2727 4724 2740 4759 :
2792 4706 2988 4776 quippe
3033 4717 3153 4755 cum
3207 4717 3271 4756 ex
3313 4718 3409 4757 sua

1911 4913 2019 4982 (9i)
2063 4911 2372 4985 E‘tiitioi'mw
2405 4915 2511 4985 γὰρ
2545 4913 2704 4966 αὐτά.
2747 4911 2816 4963 At
2858 4925 2991 4985 _mss.
3053 4910 3287 4985 quinque
3335 4909 3408 4963 uti

1841 4984 1891 5036 in
1921 4979 2192 5037 conitetitn.
2234 4986 2348 5036 Mox
2384 4979 2508 5037 mss.
2539 4996 2660 5035 ιιι-ιο
2699 4983 3088 5037 ἀκατάσκευον.
3122 4979 3259 5032 Editi
3289 4995 3408 5033 Cttttt

1839 5053 2000 5107 Coisl.
2041 5056 2210 5117 primo
2247 5055 2743 5106 ἀκατασκεύαστον.

1913 5124 2020 5192 (9'2)
2058 5126 2145 5177 Sic
2180 5127 2378 5191 antiqui
2425 5136 2625 5187 septem
2675 5124 2820 5177 libri.
2855 5121 2965 5179 Vox
3016 5120 3302 5192 ἅνθρωπος
3357 5122 3407 5172 itt

1843 5190 2012 5246 editis
2034 5190 2458 5250 desiderabatur.
2492 5193 2634 5249 Infra
2682 5195 2834 5249 Culb.
2877 5190 3142 5247 secundus
3179 5190 3408 5243 ἐκάλεσε

1842 5262 2135 5325 θαλάσσας.

1929 5338 2036 5402 (95)
2071 5334 2212 5387 litliti
2246 5343 2300 5388 cl
2348 5333 2453 5389 duo
2487 5351 2613 5390 mss.
2668 5336 2724 5387 ἐν
2748 5334 2954 5405 κόσμῳ,
2984 5333 3034 5385 in
3069 5332 3281 5393 mundo,
3318 5330 3410 5383 de-

1847 5418 2087 5475 pravate.
2147 5407 2214 5458 At
2243 5406 2391 5473 liegii
2433 5408 2536 5459 duo
2583 5421 2700 5458 cum
2733 5405 2884 5459 Colb.
2929 5405 3162 5475 secundo
3194 5413 3246 5454 et
3286 5415 3407 5461 cum

1846 5472 2008 5530 Coisl.
2038 5476 2218 5528 itidem
2254 5472 2488 5529 secundo
2532 5479 2587 5528 ὲν
2615 5476 2812 5544 σκότῳ,
2855 5477 2913 5526 in
2944 5472 3189 5533 tenebris,
3225 5485 3407 5544 cmen-

1845 5548 1987 5600 date.
2015 5546 2192 5599 Codex
2212 5546 2451 5598 Combel‘.
2478 5556 2529 5599 et
2559 5547 2650 5599 alii
2675 5540 2776 5600 duo
2809 5561 2934 5598 mss.
2967 5544 3025 5595 ἐν
3067 5545 3265 5597 σκότει.
3297 5540 3407 5594 Nec

1844 5616 1916 5669 ita
1962 5616 2127 5668 multo
2171 5627 2289 5680 post
2340 5617 2576 5683 quinque
2616 5632 2745 5669 mss.
2796 5631 2915 5668 cum
2969 5616 3199 5672 editione
3246 5609 3405 5664 Basil.

1842 5688 2070 5758 ἀόρατον
2110 5686 2218 5737 καί.
2248 5686 2420 5758 Editto
2455 5686 2626 5741 Paris.
2649 5687 2740 5738 καὶ
2772 5686 3022 5758 ἀόρατον.

1870 5828 1881 5838 ⁸
1913 5742 2037 5827 ’(94)
2065 5758 2238 5878 E‘ditio
2270 5755 2434 5813 Basil.
2467 5774 2587 5812 cum
2625 5773 2717 5814 sex
2751 5742 2880 5813 mss.
2913 5755 3064 5826 φησί.
3110 5742 3284 5812 Ειιιιὶο
3308 5749 3409 5804 Pa.

1871 5845 1933 5878 IS.
1977 5844 2084 5878 (βασ
2114 5865 2126 5878 ι

1840 5843 1933 5884 rts.
1977 5843 2126 5896 φασι.
