4098 6326
694 336 758 394 5!
2004 333 2063 389 S.
2105 332 2187 387 BA
2196 331 2347 387 SlLll
2382 331 2594 389 MAGNI
3858 332 3926 387 εἳ

697 450 873 522 ipsius
904 447 1216 505 conditione
1250 458 1434 502 careat
1472 462 1791 519 quacunque
1826 448 2124 519 qualitate,
2170 458 2255 503 at-

2364 446 2435 518 τῷ
2467 448 2660 520 ἑαυτῆς
2710 447 2871 519 λόγῳ,
2917 447 3009 502 καὶ
3055 446 3251 510 παντὸς
3296 447 3469 509 εἴδους
3510 446 3605 498 καὶ
3648 447 3923 514 σχήματος

701 557 807 614 que
830 543 897 597 ab
925 545 1071 597 omni
1105 540 1280 596 forma
1326 556 1389 595 ac
1421 542 1589 605 figura
1631 543 1702 597 sit
1752 554 2044 612 separata;
2096 555 2255 609 quam

703 645 1033 704 assumptam
1067 650 1166 703 pro
1200 648 1295 687 sua
1323 634 1583 702 sapientia
1629 634 1984 689 conformavit
2022 632 2214 686 artifex
2242 675 2258 699 ,

702 736 757 781 et
780 726 833 780 in
856 725 1100 779 ordinem
1123 724 1343 793 redegit,
1370 733 1424 778 et
1448 724 1517 776 ita
1546 739 1641 792 per
1671 725 1839 793 ipsam
1864 739 2041 778 rerum
2073 725 2260 778 visibi-

705 814 835 869 lium
875 816 1134 868 essentias
1166 812 1461 867 constituit.
1498 813 1646 877 Quod
1680 812 1726 866 si
1760 813 1991 882 ingenita
2017 823 2096 867 est
2127 813 2259 879 bare,

705 905 934 973 primum
953 904 1166 973 quidem
1194 918 1291 972 par
1318 903 1365 958 ei
1389 918 1451 957 ac
1476 904 1583 957 Deo
1607 904 1779 957 honor
1812 904 2123 959 tribuendus
2148 915 2260 959 est:

704 995 1138 1065 quandoquidem
1196 994 1385 1049 eodem
1438 994 1777 1063 antiquitatis
1850 994 1971 1061 jure
2032 997 2265 1065 dignabi-

708 1099 815 1143 tur.
843 1086 960 1157 Quo
990 1086 1118 1155 quid
1145 1086 1316 1155 magis
1345 1086 1566 1155 impium
1595 1100 1716 1141 esse
1742 1087 1956 1155 possit?
1986 1089 2264 1141 materiam

704 1178 911 1233 scilicet
949 1176 1226 1245 qualitatis
1261 1191 1327 1231 ac
1372 1176 1554 1231 formze
1596 1187 1912 1245 expertem,
1961 1187 2263 1232 extremam

704 1267 873 1335 ipsam
900 1266 1320 1329 deformitatem,
1358 1265 1654 1321 fmditatem
1692 1268 1863 1335 ipsam
1901 1267 2068 1337 figura
2103 1269 2267 1323 desti-

706 1367 875 1413 tutam
910 1356 1064 1428 (ipsis
1093 1358 1235 1412 enim
1268 1373 1457 1413 eorum
1490 1369 1612 1411 utor
1654 1359 1947 1429 vocabulis)
1984 1361 2096 1429 pari
2139 1376 2261 1414 cum

703 1450 930 1520 sapienti
952 1458 1006 1504 et
1039 1458 1251 1518 potente
1286 1465 1349 1504 ac
1387 1449 1710 1518 perpulcbro
1736 1452 1928 1520 opilice
1948 1467 2011 1506 ac
2047 1454 2263 1506 univer-

705 1556 888 1597 sorum
924 1543 1202 1596 conditore
1234 1544 1589 1611 prmi-agativa
1622 1556 1685 1595 ac
1724 1541 1981 1611 dignitate
2026 1544 2261 1600 coltoneo

704 1633 885 1689 stari?
912 1635 1113 1690 Deinde
1145 1633 1360 1703 quidem
1393 1635 1437 1688 si
1463 1643 1607 1686 tanta
1635 1644 1716 1687 est
1748 1634 1968 1689 materia
2005 1644 2062 1689 ut
2097 1647 2261 1690 totam

706 1725 801 1780 Dei
832 1727 1090 1795 suscipiat
1114 1726 1393 1782 scientiam
1420 1743 1434 1789 ;
1466 1732 1519 1779 et
1544 1725 1620 1780 sic
1649 1725 1832 1795 aliquo
1855 1735 2011 1796 pacto
2032 1727 2133 1797 ipsi
2167 1727 2259 1784 Dei

705 1819 980 1888 potentiae,
1011 1833 1128 1886 qua:
1153 1818 1462 1888 investigari
1496 1817 1699 1887 nequit,
1735 1796 2090 1873 substantiam
2120 1820 2260 1876 illius
2296 1796 2336 1850 Β

704 1910 1057 1980 aequiparant,
1090 1925 1211 1964 cum
1239 1923 1452 1964 omnem
1484 1910 1576 1965 Dei
1614 1909 2019 1977 intelligentiam
2050 1924 2148 1978 per
2178 1927 2261 1965 se-

706 2002 872 2070 ipssm
912 2002 1123 2056 abunde
1151 2002 1317 2069 possit
1346 2002 1581 2055 dimetiri
1612 2018 1625 2053 :
1653 2000 1697 2054 si
1726 2002 2107 2067 veramateiia
2137 2016 2256 2071 epe-

705 2092 915 2147 ratione
947 2091 1038 2147 Dei
1072 2091 1295 2145 inferior
1325 2101 1428 2153 est.
1459 2092 1538 2145 sic
1567 2091 1733 2145 etiam
1778 2091 1889 2145 ha:c
1914 2091 1995 2145 eis
2025 2094 2185 2146 verba
2212 2094 2262 2146 in

703 2181 990 2237 absurdius
1022 2182 1323 2237 convicium
1358 2192 1654 2243 vertentur,
1697 2182 1895 2252 quippe
1918 2183 2007 2251 qui
2035 2183 2198 2238 Deum
2232 2200 2262 2237 a

703 2274 1046 2345 perficiendis
1087 2286 1141 2329 et
1186 2274 1527 2329 absolvendis
1573 2275 1686 2330 suis
1735 2275 1989 2342 operibus
2046 2287 2264 2344 propter

704 2366 945 2419 materiae
983 2363 1251 2419 defectum
1286 2365 1597 2419 abarceant.
1645 2364 1844 2418 Verum
1894 2364 2014 2419 illos
2053 2364 2265 2433 decedit

700 2453 949 2511 humana
986 2463 1190 2510 naturae
1228 2455 1428 2523 inopia.
1474 2455 1540 2508 Et
1585 2455 1837 2523 quoniam
1878 2470 1969 2509 ars
2014 2455 2265 2523 quaelibet

702 2548 844 2616 apud
867 2562 966 2602 nos
988 2548 1132 2603 circa
1163 2547 1398 2616 aliquam
1431 2544 1710 2599 materiam
1753 2546 2045 2617 separatim
2078 2562 2261 2601 versa-

704 2643 815 2702 tur,
844 2635 992 2691 velut
1025 2650 1117 2691 ars
1151 2634 1377 2691 ferraria
1406 2636 1552 2690 circa
1577 2636 1776 2691 ferrum
1798 2676 1813 2701 ,
1858 2636 2083 2708 lignaria
2135 2653 2263 2693 vero

701 2727 849 2782 circa
880 2726 1021 2794 ligna
1052 2745 1067 2793 ;
1107 2737 1269 2795 atque
1295 2728 1346 2780 in
1374 2726 1459 2780 bis
1485 2725 1630 2781 aliud
1656 2734 1738 2780 est
1763 2724 2091 2795 subjectum,
2118 2727 2260 2781 aliud

702 2817 897 2879 forma,
922 2816 1065 2871 aliud
1099 2818 1149 2871 id
1179 2817 1319 2874 quod
1344 2833 1409 2871 ex
1457 2817 1624 2871 forma
1655 2816 1938 2872 conficitur
1981 2835 1995 2872 :
2032 2827 2086 2873 et
2136 2822 2260 2888 quia

701 2907 928 2963 materia
960 2907 1172 2976 quidem
1227 2906 1529 2962 forinsecus
1560 2910 1870 2973 assumitur,
1903 2909 1970 2963 ab
1992 2919 2110 2963 arte
2136 2924 2263 2963 vero

702 3008 923 3068 aptatur
952 2986 1150 3062 forma,
1184 2995 1407 3052 eﬂecttls
1441 3008 1620 3052 autem
1666 3012 1730 3051 ex
1762 2996 2023 3066 utrisque,
2048 3014 2111 3054 ex
2144 3016 2261 3053 ma-

700 3093 837 3147 teria
864 3090 1069 3145 scilicet
1085 3100 1140 3145 et
1161 3106 1225 3145 ex
1256 3088 1427 3145 forma
1463 3090 1835 3161 componitur;
1864 3090 1943 3146 sic
1967 3092 2129 3146 etiam
2154 3094 2261 3147 esi-
2289 3128 2332 3185 ο

701 3183 928 3240 stimant
953 3182 1007 3236 in
1034 3181 1217 3235 divino
1244 3183 1479 3249 Opificio,
1509 3184 1693 3237 mundi
1733 3184 1945 3253 quidem
1971 3184 2193 3252 figuram
2222 3202 2251 3239 a

702 3271 967 3343 sapientia
1018 3270 1317 3325 conditoris
1367 3272 1743 3327 universorum
1786 3286 1907 3326 esse
1939 3271 2212 3326 inductam
2245 3312 2261 3335 ,

702 3361 984 3417 materiam
1014 3370 1196 3415 autem
1235 3360 1576 3414 extrinsecus
1613 3358 1859 3413 Creatori
1892 3360 2169 3415 advectam
2201 3377 2264 3416 ac

702 3454 1000 3525 sultjectam
1043 3454 1226 3520 fuisse,
1274 3457 1637 3523 mundumque
1685 3451 2038 3521 compositum
2090 3455 2263 3508 exsti-

705 3548 856 3613 tisse,
906 3556 1091 3617 utpote
1145 3546 1236 3617 qui
1276 3545 1576 3613 subjectum
1617 3554 1674 3601 et
1719 3544 2008 3600 essentiam
2050 3544 2267 3601 aliunde

703 3636 922 3699 habeat,
954 3635 1177 3706 figuram
1216 3650 1341 3689 vero
1364 3652 1425 3689 ac
1454 3636 1680 3690 formam
1730 3652 1759 3689 a
1817 3636 1927 3692 Deo
1968 3639 2261 3708 acceperit.

703 3726 840 3781 Hinc
872 3737 1049 3780 autem
1091 3725 1170 3790 fit,
1203 3735 1259 3777 ut
1291 3726 1458 3779 Deum
1489 3742 1737 3797 magnum
1774 3731 2141 3784 constitutioni
2175 3746 2262 3785 re-

702 3832 821 3873 rum
850 3816 1128 3887 praefuisse
1157 3815 1505 3889 lanegent:
1554 3818 1648 3871 sed
1676 3831 1797 3871 eum
1834 3826 2082 3882 tanquam
2114 3834 2263 3889 sym-

700 3911 881 3967 bolam
922 3910 1209 3981 quamdam
1252 3910 1607 3979 supplentem,
1649 3909 1912 3964 modicam
1974 3912 2263 3979 quamdam

702 4002 1004 4072 portionem
1045 4004 1113 4058 ad
1161 4018 1342 4057 rerum
1386 4002 1789 4073 generationem
1815 4001 1883 4058 de
1928 4001 2109 4073 seipse
2140 4017 2266 4058 con-

705 4094 894 4150 tulisse
924 4113 937 4148 :
965 4096 1397 4164 quandoquidem
1441 4111 1550 4164 pra:
1602 4094 2072 4163 ratiocinationum
2107 4098 2263 4168 igno-

702 4188 932 4252 bilitate,
960 4186 1027 4240 ad
1056 4186 1301 4241 veritatis
1329 4187 1715 4241 sublimitatem
1752 4189 2019 4257 respicere
2047 4204 2155 4245 non
2176 4205 2264 4258 po-

705 4289 887 4343 tuere;
913 4280 1037 4348 quia
1070 4287 1215 4333 artes
1240 4276 1328 4331 bic
1364 4278 1591 4331 materia
1630 4289 1755 4333 sunt
1784 4282 2134 4347 posteriores,
2178 4292 2263 4335 ut-

704 4379 829 4438 pote
860 4369 928 4423 ob
974 4383 1102 4423 usus
1150 4367 1528 4422 necessitatem
1587 4368 1639 4420 in
1703 4369 1868 4423 vitam
1915 4371 2257 4426 introductae.

2363 541 2759 611 κεχωρισμένη,
2809 541 2873 611 ην
2908 538 3234 609 παραλαϐὼν
3270 541 3298 591 ὁ
3334 540 3579 609 τεχνίτης
3615 542 3682 607 τῇ
3732 538 3925 591 ἑαυτοῦ

2366 630 2526 699 σοφία
2561 629 2865 700 ἐμόρφωσε,
2895 632 2987 683 καὶ
3029 632 3105 691 εἰς
3137 629 3286 694 τάξιν
3326 630 3521 699 ἦγαγε,
3556 630 3649 681 καί
3685 629 3836 681 οὕτω
3864 630 3927 681 δι’

2370 719 2540 788 αὐτῆς
2571 720 2795 772 ούσίωσε
2835 720 2901 771 τά
2942 719 3212 790 ὁρώμενα.
3246 720 3305 771 Ei
3359 720 3457 789 μὲν
3494 715 3584 772 οὖν
3631 720 3927 789 ἀγέννητος

2362 810 2521 881 αὕτη,
2571 811 2784 882 πρῶτον
2824 811 2919 882 μὲν
2967 813 3223 882 ὁμότιμος
3269 810 3343 881 τῷ
3398 810 3536 881 Θεῷ,
3585 811 3693 864 τῶν
3748 812 3932 864 αὐτῶν

2364 901 2665 970 πρεσϐείων
2706 901 2816 970 (95)
2862 901 3174 972 ἀξιουμένη.
3220 897 3293 955 Οὗ
3338 901 3388 954 τί
3430 902 3495 956 ἂν
3547 902 3761 970 γένοιτο
3804 908 3931 957 ἀσε-

2364 990 2644 1062 ϐέστερον,
2691 991 2793 1061 τὴν
2843 992 3049 1055 ἄποιον,
3098 992 3195 1063 τὴν
3240 992 3491 1057 ἀνείδεον,
3535 993 3633 1063 τὴν
3690 994 3935 1065 ἐσχάτην

2365 1081 2655 1151 ἀμορφίαν,
2689 1082 2751 1134 τὸ
2794 1081 3156 1136 ἀδιατύπωτον
3207 1078 3391 1153 αἶσχος
3433 1087 3571 1146 (τοῖς
3610 1084 3718 1154 γὰρ
3751 1084 3935 1137 αὐτῶν

2366 1172 2584 1225 ὲκείνων
2640 1172 2751 1241 (96)
2809 1175 3155 1244 προσρήμασι
3224 1176 3533 1247 κέχρημαι)
3584 1177 3683 1247 τῆς
3752 1177 3932 1247 αὐτῆς

2366 1264 2648 1335 προεδρίας
2715 1264 2993 1330 ἀξιοῦσθαι
3056 1266 3131 1337 τῷ
3197 1268 3343 1338 σοφῴ
3400 1270 3492 1322 καὶ
3552 1268 3769 1339 δυνατῷ
3844 1272 3938 1323 καὶ

2366 1356 2628 1427 παγκάλῳ
2652 1357 2963 1430 δημιουργῷ
2993 1359 3085 1411 καὶ
3117 1360 3307 1433 κτίστῃ
3334 1360 3439 1413 τῶν
3477 1360 3611 1414 ὅλων
3636 1378 3649 1426 ;
3693 1362 3938 1413 Ἔπειτα

2365 1450 2413 1500 εί
2449 1449 2548 1519 μὲν
2586 1450 2818 1520 τοσαύτη
2864 1450 3012 1503 ἐστὶν
3058 1449 3192 1519 (97),
3232 1451 3370 1505 ὥστε
3412 1452 3539 1522 ὃλην
3571 1451 3937 1522 ὑποδέχεσθαι

2362 1542 2456 1595 τοῦ
2486 1541 2618 1595 Θεοῦ
2648 1542 2743 1613 τὴν
2772 1545 3109 1614 ἐπιστήμηνδ
3142 1545 3234 1595 καὶ
3260 1544 3419 1606 οὕτω,
3449 1545 3647 1615 τρόπον
3682 1545 3835 1609 τινὰ,
3869 1547 3938 1615 τῇ

2363 1631 2748 1702 ἀνεξιχνιάστῳ
2801 1633 2893 1685 τοῦ
2942 1633 3076 1686 Θεοῦ
3137 1633 3360 1703 δονάμει
3406 1634 3939 1705 ἀντιπαρεξάγουσιν

2365 1725 2534 1794 αὐτῆς
2573 1724 2669 1794 τὴν
2706 1723 3017 1789 ὑπόστασιν,
3062 1726 3218 1795 εἰπερ
3255 1724 3471 1796 ἐξαρκεῖ
3503 1726 3627 1794 ὅλην
3660 1726 3753 1778 τοῦ
3798 1724 3938 1779 Θεοῦ

2363 1817 2460 1886 τὴν
2491 1816 2701 1869 σύνεσιν
2730 1816 2797 1868 δι’
2822 1816 3018 1886 ἑαυτῆς
3047 1819 3332 1887 ὲκμετρεῖν
3350 1832 3363 1845 ·
3391 1817 3438 1867 εί
3473 1815 3529 1868 δὲ
3556 1816 3796 1870 ἐλάττων
3823 1818 3937 1885 (98»

2366 1908 2397 1976 ὴ
2430 1908 2528 1977 ῦλη
2565 1909 2663 1979 τῆς
2690 1909 2781 1961 τοῦ
2829 1908 2964 1961 Θεοῦ
3008 1909 3316 1980 ἐνεργείας,
3361 1909 3453 1961 καὶ
3484 1907 3651 1971 οὕτως
3688 1911 3769 1971 είς
3819 1912 3942 1963 ἀτο-

2366 1999 2611 2069 πωτέραν
2660 2002 3001 2073 βλασφημίαν
3033 2004 3211 2066 αὐτοῖς
3258 2005 3285 2055 ὁ
3329 2002 3483 2071 λόγος
3525 2000 3632 2070 (99)
3677 2018 3941 2072 περιτρα-

2364 2090 2617 2159 πήσεται,
2654 2090 2720 2142 δι’
2745 2091 2948 2145 ἔνδειαν
2976 2091 3106 2161 ῦλης
3130 2094 3406 2163 ἀπρακτον
3440 2090 3531 2145 καὶ
3570 2090 3941 2161 ἀνενέργητον

2362 2175 2470 2228 τῶν
2521 2177 2737 2230 οίκείων
2777 2178 2952 2249 ἔργων
2986 2180 3074 2233 τὸν
3104 2180 3234 2233 Θεὸν
3289 2181 3639 2251 κατεχόντων.
3683 2180 3829 2232 Ἀλλ’
3858 2181 3943 2247 ἑξ-

2363 2267 2609 2339 ηπάτησε
2633 2267 2741 2338 γὰρ
2761 2269 2954 2331 αὐτοὺς
2973 2270 3069 2339 τῆς
3094 2270 3434 2343 ἀνθρωπίνης
3459 2272 3717 2343 φύσεωςη
3746 2273 3940 2324 πενία.

2362 2358 2471 2411 Καὶ
2506 2360 2691 2431 ἐπειδὴ
2726 2362 2855 2433 παρ’
2884 2363 3017 2432 ἡμῖν
3045 2363 3247 2433 ἑκάστη
3284 2364 3443 2435 τέχνη
3478 2365 3603 2437 περί
3642 2381 3763 2417 τινα
3805 2363 3944 2435 ὕλην

2363 2449 2755 2520 ἀφωρισμένως
2796 2453 3108 2525 ⁴Ινδσχόληται,
3139 2449 3249 2509 οἷον
3281 2456 3608 2527 χαλκευτικὴ
3660 2458 3757 2529 μὲν
3798 2460 3939 2529 περὶ

2361 2541 2453 2595 τὸν
2502 2541 2738 2614 σίδηρον,
2792 2546 3075 2618 τεκτονικὴ
3127 2546 3184 2602 δὲ
3227 2549 3353 2620 περὶ
3388 2549 3456 2604 τὰ
3507 2549 3669 2613 ξύλα·
3720 2553 3825 2603 καὶ
3884 2553 3944 2605 ἐν

2361 2631 2573 2694 τούτοις
2603 2633 2729 2687 ἀλλο
2764 2634 2860 2703 μέν
2889 2636 2939 2687 τί
2967 2638 3039 2703 (1)
3067 2640 3179 2690 ἐστι
3204 2638 3264 2691 τὸ
3306 2640 3677 2711 ὑποκείμενον,
3712 2641 3853 2695 ἀλλο
3886 2642 3946 2695 δὲ

2359 2725 2421 2778 τὸ
2460 2722 2627 2790 εἶδος,
2673 2724 2799 2780 ἀλλο
2825 2725 2880 2778 δὲ
2910 2726 2971 2778 τὸ
3017 2728 3081 2778 ὲκ
3115 2728 3206 2781 τοῦ
3242 2731 3414 2794 εἴδους
3466 2732 3941 2802 ἀποτελούμενονσ

2364 2818 2456 2870 καὶ
2504 2817 2649 2871 ἔστιν
2688 2820 2721 2888 ή
2762 2819 2858 2890 μὲν
2887 2817 2985 2889 ῦλη
3022 2815 3217 2884 ἔξωθεν
3264 2824 3831 2895 παραλαμϐανομένη,
3883 2830 3948 2879 τὸ

2360 2905 2414 2962 δὲ
2460 2905 2595 2972 ε’ίδος
2646 2910 2793 2982 παρὰ
2840 2912 2939 2981 τῆς
2977 2912 3171 2982 τέχνης
3219 2914 3677 2984 ὲφαρμοζόμενον,
3728 2915 3947 2970 ἀποτέ-

2362 2998 2534 3068 λεσμα
2566 2998 2622 3051 δὲ
2652 2999 2711 3052 τὸ
2750 3000 2808 3065 ὲξ
2850 3002 3048 3073 ἀμφοῖν
3092 3002 3473 3072 συντιθέμενον
3506 3002 3570 3056 εκ
3612 3020 3671 3055 τε
3708 3004 3809 3057 τοῦ
3861 3007 3949 3058 εἵ-

2362 3086 2481 3149 δους
2512 3089 2603 3141 καὶ
2628 3088 2728 3159 τῆς
2756 3089 2915 3162 ῦληςο
2947 3092 3118 3159 οὕτως
3156 3093 3355 3148 οἴονται
3386 3095 3479 3148 καὶ
3511 3096 3605 3149 ἐπὶ
3629 3094 3729 3165 τῆς
3763 3096 3936 3165 θείας

2366 3178 2742 3249 δημιουργίας,
2786 3183 2845 3234 τὸ
2886 3184 2983 3251 μὲν
3016 3185 3200 3256 σχῆμα
3243 3186 3336 3240 τοῦ
3372 3188 3575 3259 κόσμου
3633 3188 3789 3261 παρὰ
3838 3190 3950 3260 τῆς

2365 3269 2557 3337 σοφίας
2599 3270 2835 3340 ὲπῆχθαι
2879 3273 2955 3343 (2)
3002 3274 3094 3328 τοῦ
3126 3276 3348 3347 ποιητοῦ
3399 3280 3504 3331 τῶν
3544 3279 3699 3344 ὅλων,
3744 3280 3854 3352 τὴν
3888 3282 3952 3338 δὲ

2366 3357 2495 3426 ὕλην
2530 3359 2727 3424 ἔξωθεν
2765 3363 3164 3435 ὑποϐεϐλῆσθαι
3204 3367 3280 3438 τῷ
3325 3370 3600 3437 κτίσαντι,
3636 3374 3728 3426 καὶ
3771 3391 3951 3443 γεγε-

2366 3449 2561 3519 νῆσθαι
2610 3451 2705 3503 τὸν
2751 3454 2951 3523 κόσμον
2999 3458 3267 3523 σύνθετον,
3312 3462 3369 3514 τὺ
3427 3464 3523 3533 μὲν
3577 3467 3951 3537 ὑποκείμενον

2366 3540 2459 3592 καὶ
2496 3541 2592 3611 τὴν
2620 3542 2804 3595 οὐσίαν
2854 3543 3119 3614 ἑτέρωθεν
3158 3546 3368 3616 ἔχοντα,
3408 3551 3468 3602 τὸ
3509 3551 3567 3605 δὲ
3607 3552 3794 3623 σχῆμα
3844 3558 3950 3610 καὶ

2362 3631 2460 3701 τὴν
2500 3632 2710 3705 μορφὴν
2736 3632 2889 3706 παρά
2924 3633 3060 3687 Θεοῦ
3106 3636 3495 3708 προσλαϐόντα.
3529 3643 3623 3696 Ἐκ
3646 3645 3702 3697 δὲ
3739 3646 3948 3702 τούτου

2364 3726 2545 3787 αὐτοῖς
2586 3726 2816 3797 ὑπάρχει
2857 3726 3132 3799 ἀρνεῖσθαι
3183 3728 3281 3799 μὲν
3323 3731 3414 3782 τὸν
3457 3732 3629 3801 μέγαν
3657 3734 3787 3788 Θεὸν
3836 3740 3949 3807 τῆς

2366 3817 2669 3881 συστάσεως
2706 3818 2812 3870 τῶν
2840 3818 3006 3872 ὄντων
3039 3821 3459 3892 προεστηκέναι,
3491 3818 3603 3876 οἷον
3644 3824 3698 3877 δὲ
3733 3827 3947 3896 ἐράνου

2364 3906 2507 3968 τινὸς
2550 3906 2856 3978 πληρωτὴν,
2898 3908 3083 3979 ὀλίγην
3128 3911 3251 3965 τινά
3301 3915 3495 3984 μοῖραν
3542 3916 3623 3978 είς
3675 3914 3768 3988 τὴν
3823 3919 3947 3972 τῶν

2366 3995 2531 4050 ὄντων
2569 3997 2779 4065 γένεσιν
2814 4002 2944 4068 παρ’
2980 4001 3171 4054 ἑαυτοῦ
3206 4003 3643 4076 συμϐεϐλῆσθαι”
3675 4010 3735 4062 οὐ
3770 4009 3947 4080 δυνη-

2368 4086 2548 4150 θέντες
2579 4089 2664 4141 διά
2704 4089 2978 4160 λογισμῶν
3007 4093 3370 4162 ταπεινότητα
3400 4096 3535 4166 πρὸς
3576 4098 3638 4149 τὸ
3679 4098 3812 4167 ὕφος
3860 4103 3941 4170 (5)

2366 4180 2574 4234 ἀπιδεῖν
2621 4183 2717 4252 τῆς
2771 4182 3055 4253 ἀληθείας·
3098 4184 3179 4236 ὅτι
3220 4184 3453 4237 ἐνταῦθα
3498 4186 3596 4256 μὲν
3643 4191 3698 4240 ai
3746 4191 3941 4259 τέχναι

2366 4274 2473 4328 τῶν
2525 4273 2665 4329 ύλῶν
2728 4274 2981 4348 ὕστεραι,
3024 4274 3112 4329 διὰ
3156 4276 3217 4330 τὸ
3261 4277 3550 4346 ἀναγκαῖον
3600 4278 3697 4349 τῆς
3746 4280 3940 4349 χρείας

2367 4367 2811 4437 παρεισαχθεῖσαι
2856 4369 2933 4440 τῷ
2972 4369 3086 4442 βίῳ.
3132 4370 3203 4424 Τὸ
3252 4372 3350 4442 μὲν
3382 4373 3491 4445 γὰρ
3536 4371 3682 4444 ἔριον
3728 4379 3942 4444 προῦπ-

704 4459 853 4514 Lana
873 4460 1016 4513 enim
1056 4460 1203 4528 prius
1236 4461 1441 4514 exstitit
1473 4479 1487 4515 :
1514 4476 1603 4515 ars
1644 4474 1772 4515 vero
1803 4463 2028 4516 textoria
2053 4478 2264 4519 succes-

2369 4457 2557 4529 ἧρχεν,
2596 4461 2628 4529 ὴ
2666 4460 2721 4513 δὲ
2790 4463 3053 4533 ὑφαντικὴ
3115 4464 3421 4531 ἐπεγένετο,
3467 4466 3528 4518 τὸ
3564 4467 3667 4536 τῆς
3716 4466 3941 4536 φύσεως

706 4548 797 4617 sit,
819 4550 1084 4607 defectum
1137 4561 1345 4606 natura:
1390 4567 1456 4606 ex
1497 4567 1555 4607 se
1590 4552 1874 4623 expletura
1935 4553 2025 4608 Sic
2056 4554 2259 4623 lignum

703 4644 919 4715 quidem
948 4654 1064 4698 erat
1094 4660 1107 4697 :
1137 4658 1201 4697 ac
1232 4644 1526 4698 succedens
1554 4660 1643 4699 ars
1671 4645 1919 4714 lignaria,
1952 4648 2175 4699 materia
2200 4648 2263 4701 ad

708 4749 840 4790 usus
867 4735 1109 4802 quotidie
1136 4734 1402 4803 expetitos
1421 4733 1773 4801 conformata,
1808 4734 2074 4805 lignorum
2109 4736 2262 4791 nobis

704 4827 942 4884 ostendit
975 4828 1281 4893 utilitatem,
1318 4826 1500 4882 nautis
1532 4840 1762 4892 remum,
1801 4827 2052 4896 agricolis
2092 4831 2265 4880 venti-

776 5054 887 5129 (95)
921 5056 1110 5129 _Editio
1168 5055 1654 5129 Paristbitdttpoc
1716 5056 1867 5111 ἔσται
1924 5058 2032 5112 τῶν
2085 5056 2260 5114 αὐτῶν

704 5126 1029 5197 πρεσϐείων.
1052 5126 1120 5180 At
1144 5127 1308 5181 editio
1348 5126 1507 5183 Basil.
1545 5126 1615 5183 ita
1641 5138 1694 5181 ut
1729 5129 2010 5183 edidimus.

777 5195 888 5265 (96.)
914 5197 1004 5250 δίο
1031 5209 1233 5265 Septem
1270 5213 1397 5252 mss.
1440 5200 1552 5253 Vox
1579 5199 1801 5253 ἐκείνων
1845 5198 1897 5252 in
1934 5198 2092 5253 editis
2120 5200 2264 5255 desi-

710 5264 994 5411 ὐῗῖδῧῒιε
1024 5334 1189 5411 codex
1229 5336 1469 5411 Combef.
1497 5348 1551 5393 et
1578 5337 1682 5411 alii_
1698 5348 1921 5411 septem.
1955 5337 2130 5411 Editio
2160 5336 2261 5390 Pa-

713 5403 810 5475 ris.
846 5403 1031 5475 [πειτα
1067 5404 1123 5455 δὲ
1149 5406 1381 5475 τοσαύτη
1422 5408 1592 5461 ἐσται.
1645 5403 1820 5463 Editio
1876 5408 2040 5461 Basil.
2079 5406 2266 5462 ἔπειτα

720 5468 1075 5549 μὶνχοσαύτη
1112 5473 1277 5530 ἐστίν.
1318 5468 1432 5529 mox
1459 5478 1608 5532 Colb.
1634 5480 1835 5533 nriuttts
1860 5477 2085 5549 δυνάμει
2136 5479 2258 5531 ἀντ-

720 5535 981 5601 ὶπεξάγου
990 5535 1090 5591 σιν.

798 5602 907 5679 (98)
935 5602 1044 5665 Illa,
1079 5608 1208 5679 eis:
1235 5612 1489 5674 ἐλάττων,
1530 5614 1601 5666 ita
1646 5615 1712 5667 ad
1743 5615 1962 5668 verbum
1996 5617 2261 5679 interpre-

734 5676 828 5749 tati
853 5686 1075 5749 sumus:
1105 5676 1148 5749 si
1172 5693 1284 5727 vero
1317 5680 1533 5749 materia
1567 5683 1865 5746 operatione
1913 5682 2005 5735 Dei
2040 5676 2262 5749 inferior

735 5745 831 5794 ut,
858 5736 957 5791 hoc
972 5748 1073 5800 est,
1104 5742 1148 5791 si
1174 5759 1286 5794 vero
1308 5748 1526 5798 materia
1545 5736 1617 5801 esi
1639 5750 1904 5802 deterioris
1932 5736 2261 5818 conditionis,

2371 4547 2549 4599 ἐνδέον
2584 4552 2711 4619 παρ’
2739 4552 2932 4621 ἑαυτῆς
2979 4553 3343 4625 ἐκπληροῦσα.
3389 4558 3497 4610 Καὶ
3531 4556 3591 4608 τὸ
3637 4559 3733 4626 μὲν
3776 4557 3938 4622 ξύλον

2370 4638 2459 4713 ἦν,
2488 4641 2765 4713 τεκτονικὴ
2805 4643 2859 4695 δὲ
2894 4644 3300 4717 παραλαϐοῦσα,
3342 4648 3479 4719 πρὸς
3507 4648 3583 4716 (4)
3614 4648 3712 4718 τὴν
3741 4649 3937 4721 ἐπιζη-

2369 4734 2637 4805 τουμένην
2687 4734 2944 4787 ἑκάστοτε
2983 4738 3167 4807 χρείαν
3216 4738 3586 4809 διαμορφοῦσα
3632 4738 3731 4810 τὴν
3775 4740 3931 4811 ὓλην,

2370 4829 2466 4899 τὴν
2523 4828 2847 4901 εὐχρηστίαν
2882 4831 3010 4900 ἡμῖν
3053 4832 3160 4885 τῶν
3213 4830 3381 4895 ξύλων
3424 4832 3697 4900 ὑπέδειξε,
3739 4832 3934 4905 κώπην

2367 5076 2521 5127 quam
2558 5071 2611 5113 ut
2652 5060 2741 5113 Dei
2766 5063 2995 5128 operatio
3019 5062 3087 5113 ad
3109 5077 3222 5113 eam
3250 5077 3360 5115 sese
3384 5068 3647 5115 extendat.

2439 5128 2545 5203 (99)
2574 5131 2801 5203 #Editio‘
2818 5129 2978 5203 Basil.
3020 5132 3315 5203 petuautiqui
3357 5148 3451 5186 sex
3497 5134 3619 5186 libri
3668 5132 3851 5197 αὐτοῖς
3903 5136 3925 5188 ἑ

2368 5197 2540 5267 λόγοςζ
2572 5200 2745 5253 Editio
2774 5199 2943 5256 Paris.
2974 5201 3149 5253 αὐτῶν
3172 5203 3199 5253 ό
3223 5197 3398 5269 λόγος.

2441 5272 2515 5338 (l)
2558 5271 2629 5323 lta
2662 5270 2872 5324 codices
2895 5282 3119 5334 septem.
3155 5271 3312 5323 Deest
3338 5289 3389 5325 τι
3421 5272 3471 5325 in
3502 5270 3754 5339 vulgatis.

2372 5340 2696 5463 δλξὲθὲειυ.
2726 5341 2930 5407 primus
2954 5339 3215 5411 ὑπῆχθαι.
3247 5341 3366 5395 Mox
3415 5343 3555 5396 idem
3612 5344 3782 5397 codex
3840 5342 3933 5413 βι-

2480 5427 2621 5463 συαι.

2436 5426 2683 5547 Evado
2722 5480 2952 5551 primus
2977 5481 3057 5542 είς
3092 5481 3153 5534 τὸ
3199 5478 3352 5551 ὕψος.
3390 5479 3554 5534 Paulo
3608 5491 3733 5550 post
3775 5480 3929 5539 Colb.

2368 5551 2629 5621 Seettndits
2660 5549 3126 5621 παρεισήχθησαν.

2439 5619 2526 5692 (lo),
2549 5618 3340 5692 ΕιίἰιίυςΡπίέςζπαραλαϐοῦσα
3368 5620 3459 5673 καὶ
3484 5620 3642 5691 πρὸς.
3676 5618 3782 5673 Sed
3804 5634 3937 5675 αδη-

2363 5688 2567 5762 jutielio
2598 5688 2688 5762 καί
2720 5690 2769 5762 in
2802 5690 2984 5762 multis
3033 5688 3162 5747 inss.
3189 5709 3292 5747 non
3325 5688 3612 5762 reperitur,
3641 5704 3821 5759 neque
3876 5691 3935 5746 ln

2369 5757 2601 5811 editione
2632 5756 2941 5813 Basileensi.
