4098 6326
184 358 267 414 53
1326 341 1612 398 llOMiLlA
1653 339 1696 392 il
1738 338 1801 392 lN

1905 336 2032 389 EXA
2042 334 2318 390 EMERON
2332 373 2343 386 .
3383 325 3452 380 σε

188 474 301 543 μὶν
345 469 606 531 ναύταις.
639 466 904 536 γεωργοῖς
948 463 1002 516 δὲ
1037 461 1223 523 πτύον,
1273 459 1520 520 ὁπλίταις
1554 456 1608 509 δὲ
1649 455 1776 524 δόρυ

1909 453 2122 516 abrum,
2152 459 2206 505 et
2234 449 2462 504 armatis
2491 446 2753 503 militibus
2773 447 2984 502 hastam
3014 444 3456 502 suhministrans.

185 559 572 634 παρεχομένη.
611 558 668 612 '0
705 557 763 609 δὲ
795 556 948 619 Θεὸς,
980 553 1106 625 πρίν
1145 568 1197 604 τι
1231 550 1339 602 τῶν
1383 548 1476 601 νῦν
1514 547 1587 614 (5)
1635 547 1776 616 ὁρω-

190 660 380 730 μένων
430 652 714 722 γενέσθαι,
762 652 842 714 είς
875 648 996 702 νοῦν
1051 644 1345 716 βαλόμενος
1396 642 1488 693 καὶ
1531 638 1780 709 ὁρμήσας

183 751 431 818 ἀγαγεῖν
466 749 546 809 εἰς
593 745 804 814 γένεσιν
849 741 916 794 τά
968 740 1042 812 μὴ
1088 739 1253 801 ὄντα,
1297 734 1432 807 ὁμοῦ
1470 751 1529 786 τε
1561 732 1780 803 ἐνόησεν

185 842 383 894 ὁποῖόν
408 856 529 892 τινα
554 837 660 909 χρὴ
687 836 777 889 τὸν
805 834 1007 904 κόσμον
1039 826 1204 893 εἶναι,
1228 830 1322 884 καὶ
1347 827 1424 896 τῷ
1455 825 1587 879 εἴδει
1614 824 1781 878 αὐτοῦ

188 936 301 1006 τὴν
337 931 682 1004 ἁρμόζουσαν
729 926 862 998 ὓλην
906 923 1362 992 συναπεγέννησε.
1409 920 1520 972 Καὶ
1567 916 1784 989 οὐρανῷ

193 1026 303 1095 μὲν
340 1024 588 1095 ἀφώρισε
633 1020 730 1092 τὴν
761 1017 974 1090 οὐρανῷ
1017 1017 1336 1090 πρέπουσαν
1364 1013 1560 1082 φύσινσ
1607 1010 1684 1082 τῷ
1727 1010 1784 1063 δὲ

190 1115 303 1184 τῆς
347 1115 452 1184 γῆς
483 1114 722 1182 σχήματι
750 1110 849 1180 τὴν
883 1109 1089 1162 οἰκείαν
1117 1107 1253 1177 αὐτῇ
1289 1105 1384 1158 καὶ
1426 1101 1784 1172 ὀφειλομένην

189 1203 394 1256 οὐσίαν
422 1200 682 1255 ὑπέϐαλε.
711 1198 830 1270 Πῦρ
858 1198 913 1251 δὲ
940 1198 1033 1250 καὶ
1075 1194 1218 1266 ὕδωρ
1252 1196 1346 1247 καὶ
1390 1194 1527 1264 ἀέρα
1566 1193 1785 1260 διεσχη-

199 1295 405 1367 μάτισέ
444 1311 502 1346 τε
527 1294 602 1356 ὡς
625 1291 699 1362 (6)
728 1290 996 1352 ἐϐούλετο,
1026 1289 1118 1340 καὶ
1147 1288 1227 1351 είς
1256 1286 1443 1339 οὐσίαν
1473 1285 1679 1356 ἤγαγεν
1711 1285 1787 1347 ὠς

189 1391 226 1441 ὁ
278 1387 508 1441 ἑκάστου
561 1385 716 1453 λόγος
758 1383 866 1436 τῶν
916 1378 1216 1451 γινομένων
1265 1377 1484 1448 ἀπῄτει.
1530 1377 1690 1430 Ὄλον
1732 1375 1790 1428 δὲ

194 1481 294 1533 τὸν
349 1479 550 1547 κόσμον
598 1475 960 1546 ἀνομοιομερῆ
998 1472 1333 1542 τυγχάνοντα
1377 1471 1639 1540 ἀρρήκτῳ
1685 1468 1790 1521 τινὶ

198 1573 392 1641 φιλίας
419 1570 602 1641 δεσμῴ
653 1569 729 1638 (7)
773 1569 852 1630 εἰς
895 1566 1022 1636 μίαν
1069 1564 1354 1620 κοινωνίαν
1385 1564 1479 1617 καὶ
1523 1561 1792 1633 ἁρμονίαν

202 1663 532 1732 συνέδησεν⁹
565 1660 704 1713 ῶστε
745 1658 840 1713 καὶ
872 1658 942 1711 τὰ
971 1658 1220 1711 πλεῖστον
1263 1658 1507 1728 ἀλλήλων
1531 1659 1598 1726 τῇ
1647 1655 1792 1708 θέσει

195 1754 535 1826 διεστηκότα
567 1752 808 1823 ἡνῶσθαι
830 1751 1005 1805 δοκεῖν
1023 1750 1109 1804 διὰ
1135 1751 1233 1820 τῆς
1264 1748 1625 1821 συμπαθείας.
1657 1747 1794 1800 Παυ-

1885 547 1954 599 At
1973 557 2101 598 vero
2125 544 2287 607 Deus.
2312 543 2626 612 priusquam
2646 540 2917 610 quidpiam
2938 554 3123 594 eorum
3158 554 3278 608 qua;
3318 555 3460 595 nunc

1887 637 2138 691 videntur
2171 636 2510 699 exstitisset,
2556 651 2677 690 cum
2728 633 2782 686 in
2817 633 3056 688 animum
3118 633 3420 688 induxisset
3445 673 3460 697 ,

1887 729 2276 796 statuissetque
2300 744 2363 784 ea
2394 744 2514 798 quae
2545 742 2650 782 non
2681 737 2838 783 erant
2861 729 2911 780 in
2942 726 3118 780 lucem
3145 729 3305 781 cdere
3339 749 3349 782 :
3391 728 3466 781 si-

1893 822 1998 877 mul
2024 832 2186 890 atque
2209 822 2462 890 cogitavit
2483 821 2835 890 qualemnam
2868 820 3126 874 mundum
3160 834 3284 874 esse
3313 835 3472 889 (ψογ-

1891 922 2051 978 teret,
2113 913 2393 967 materiam
2453 913 2642 967 forma:
2696 912 2865 980 ipsius
2895 911 3306 965 convenientem
3344 925 3471 979 pro-

1895 1008 2068 1062 duxit.
2105 1008 2169 1062 Et
2206 1007 2346 1062 caelo
2394 1007 2612 1077 quidem
2669 1015 2912 1058 naturam
2954 1005 3268 1074 assignavit,
3324 1004 3468 1058 cmlo

1897 1097 2306 1152 convenientem
2341 1114 2356 1150 :
2401 1097 2588 1166 ﬁgurae
2629 1111 2757 1150 vero
2789 1104 2944 1148 terra:
2982 1109 3276 1162 congruam
3319 1095 3470 1148 debi-

1897 1199 2113 1256 tamque
2142 1188 2501 1242 substantiam
2535 1189 2785 1256 subjecit.
2811 1187 2990 1256 lgnem
3017 1199 3222 1251 autem,
3254 1202 3472 1255 aquam-

1896 1295 2000 1348 que
2029 1287 2081 1333 et
2103 1293 2305 1344 aerem,
2343 1280 2418 1333 uti
2459 1280 2659 1345 voluit,
2703 1280 3061 1334 conformavit
3089 1320 3104 1345 ,
3155 1290 3212 1335 et
3247 1283 3312 1334 ad
3341 1281 3470 1335 suh-

1897 1371 2151 1424 stantiam
2191 1372 2392 1434 evexit,
2435 1380 2591 1439 prout
2621 1372 2949 1441 singularum
3001 1387 3179 1426 rerum
3217 1387 3338 1440 quae
3371 1372 3470 1427 fie-

1899 1465 2048 1530 bant,
2075 1463 2212 1519 ratio
2237 1464 2561 1533 postulabat.
2587 1464 2853 1518 Cancrum
2883 1466 3140 1519 mundum
3178 1475 3346 1520 totum
3385 1467 3470 1521 di-

1900 1559 2074 1612 versis
2122 1557 2368 1626 partibus
2415 1565 2756 1612 constantem
2823 1557 3180 1613 indissolubili
3231 1558 3468 1628 quodam

1900 1651 2150 1703 amicitia:
2181 1649 2394 1704 vinculo
2423 1651 2474 1702 in
2507 1665 2664 1704 unam
2699 1650 3010 1705 societatem
3043 1659 3098 1704 et
3123 1652 3469 1704 harmoniam

1901 1740 2173 1810 colligat-it
2201 1756 2216 1792 :
2251 1741 2383 1794 adeo
2417 1751 2474 1793 ut
2498 1757 2559 1794 ea
2587 1745 2747 1796 etiam
2777 1757 2895 1811 qua:
2928 1742 3213 1812 plurimum
3238 1744 3380 1798 inter
3407 1757 3464 1798 se

203 1847 503 1902 σάσθωσαν
541 1840 637 1898 οῦν
672 1844 910 1916 μυθικῶν
951 1843 1307 1914 πλασμάτων,
1350 1845 1408 1896 ἐν
1445 1843 1511 1911 τῇ
1543 1840 1796 1908 ἀσθενείᾳ

1905 1832 2002 1886 situ
2029 1832 2251 1898 distant,
2272 1831 2519 1902 coniungi
2549 1848 2644 1901 per
2672 1845 2991 1888 concentum
3011 1836 3312 1890 videantur.
3339 1837 3474 1892 Ces-

208 1940 324 1994 τῶν
365 1939 579 1992 οἰκείων
606 1937 881 2008 λογισμῶν
911 1937 1010 2006 τὴν
1038 1934 1423 2003 ἀκατάληπτον
1455 1932 1694 1994 διανοίας
1723 1930 1798 2000 (8)

208 2032 313 2086 καὶ
353 2032 556 2100 ἄφατον
599 2029 877 2091 παντελῶς
921 2026 1234 2100 ἀνθρωπίνῃ
1271 2029 1421 2097 φωνῇ
1453 2025 1683 2095 δύναμιν
1713 2025 1803 2076 ὲκ-

209 2123 565 2195 μετροῦντες.

286 2300 344 2354 5.
397 2298 717 2364 Ἐποίησεν
770 2299 802 2349 ό
858 2297 1004 2362 Θεὸς
1053 2297 1158 2350 τὸν
1216 2294 1475 2364 οὐρανὸν
1534 2293 1631 2346 καὶ
1689 2291 1804 2358 τὴν

212 2390 369 2459 γῆν*
407 2390 503 2442 οὐκ
543 2387 602 2452 ἐξ
643 2388 892 2458 ἡμισείας
939 2390 1217 2459 ἑκάτερον,
1261 2386 1375 2439 ἀλλ’
1411 2384 1530 2437 ὅλον
1578 2383 1804 2454 οὐρανὸν

214 2486 318 2534 καὶ
356 2480 481 2550 όλην
512 2480 636 2549 γῆν,
680 2479 846 2551 αὐτὴν
885 2481 982 2550 τὴν
1022 2478 1204 2531 οὐσίαν
1231 2476 1307 2546 τῷ
1349 2475 1481 2528 εῖδει
1519 2475 1807 2544 συνειλημ-

221 2572 417 2640 αένην.
471 2571 604 2640 Οὐχὶ
664 2571 772 2641 γὰρ
825 2568 1118 2639 σχημάτων
1174 2567 1320 2618 ἐστὶν
1384 2565 1640 2637 εὑρέτης,
1691 2563 1804 2616 ἀλλ’

217 2667 396 2736 αὐτῆς
428 2667 527 2736 τῆς
551 2665 764 2735 φύσεως
789 2664 895 2717 τῶν
917 2664 1083 2716 ὄντων
1108 2660 1457 2732 δημιουργός.
1494 2659 1643 2712 Ἐπεὶ
1670 2661 1804 2712 ἀπο-

211 2759 594 2830 κρινέσθωσαν
623 2757 697 2828 (9)
723 2759 875 2827 ἡμῖν,
912 2755 1029 2814 πῶς
1068 2754 1318 2823 ἀλλήλοις
1354 2751 1642 2820 συνέτυχον
1675 2751 1708 2819 ἦ
1744 2766 1804 2800 τε

204 2851 486 2922 δραστικὴ
522 2850 615 2902 τοῦ
660 2849 793 2902 Θεοῦ
838 2848 1064 2918 δύναμις
1106 2848 1198 2900 καὶ
1239 2849 1271 2914 ἡ
1321 2843 1596 2914 παθητικὴ
1643 2842 1804 2911 φύσις

213 2944 325 3013 τῆς
359 2943 518 3012 ῦληςο
549 2944 580 3012 ή
622 2942 716 3013 μὲν
744 2941 806 2993 τὸ
838 2939 1192 3008 ὑποκείμενον
1238 2936 1587 3008 παρεχομένη
1638 2938 1805 3006 χωρὶς

215 3035 466 3106 μορφῆς,
506 3036 534 3086 ό
575 3035 631 3086 δὲ
663 3033 768 3084 τῶν
803 3030 1096 3101 σχημάτων
1154 3028 1252 3100 τὴν
1306 3030 1618 3098 ἐπιστήμην
1668 3027 1806 3097 έχων

215 3129 358 3181 ἄνευ
385 3128 483 3196 τῆς
515 3126 665 3196 ὕλης,
702 3125 767 3178 ἵν’
793 3125 1036 3196 ἑκατέρῳ
1060 3124 1121 3177 τὸ
1166 3125 1342 3178 ἐνδέον
1385 3125 1534 3194 παρὰ
1578 3124 1805 3195 θατέρου

217 3220 457 3286 γένηται
480 3233 494 3247 ⁸
523 3217 600 3287 τῷ
636 3217 733 3287 μὲν
774 3216 1092 3289 δημιουργῷ
1125 3217 1186 3269 τὸ
1219 3217 1362 3286 ἔχειν
1397 3217 1529 3269 ὅπου
1581 3219 1678 3287 τὴν
1717 3217 1806 3269 τέ-

217 3327 365 3381 χνην
396 3308 786 3381 ἐνεπιδείξηται
814 3310 948 3379 (10),
981 3313 1045 3380 τῇ
1077 3309 1132 3360 δὲ
1163 3308 1262 3378 ὕλη
1291 3307 1352 3360 τὺ
1381 3308 1677 3361 ἀποθέσθαι
1707 3309 1804 3377 τὴν

215 3400 509 3470 ἀμορφίαν
557 3401 648 3454 καὶ
693 3400 787 3454 τοῦ
823 3401 996 3463 εἴδους
1028 3399 1125 3470 τὴν
1158 3399 1431 3471 στέρησιν.
1474 3400 1632 3452 Ἀλλὰ
1677 3400 1806 3470 περὶ

222 3495 332 3566 μὲν
394 3494 596 3546 τούτων
630 3494 720 3546 ἐπὶ
782 3493 1064 3546 τοσοῦτον·
1118 3492 1252 3564 πρὸς
1291 3492 1346 3545 δὲ
1405 3494 1464 3546 τὸ
1513 3491 1572 3557 ἐξ
1631 3493 1804 3563 ἀρχῆς

222 3587 565 3656 ἐπανίωμεν.
603 3586 670 3641 Ἢ
697 3585 764 3638 δὲ
786 3585 860 3656 γῆ
891 3582 968 3656 ἦν
990 3586 1241 3654 ἀόρατος
1265 3586 1363 3638 καὶ
1396 3587 1810 3639 ἀκατασκεύα-

221 3696 383 3744 στος
435 3678 568 3748 (li).
609 3678 828 3740 Εἰπὼν,
886 3679 987 3731 Ἐν
1035 3675 1191 3744 ἀρχῇ
1245 3678 1532 3743 ἐποίησεν
1574 3680 1605 3729 o'
1665 3677 1809 3740 Θεὸς

225 3768 341 3820 τὸν
390 3769 648 3834 οὐρανὸν
688 3771 784 3822 καὶ
830 3770 943 3835 τὴν
989 3767 1136 3836 γῆν.
1189 3767 1354 3821 πολλά
1401 3767 1807 3836 ἀπεσιώπησεν,

226 3861 402 3928 ὕδωρ,
429 3859 586 3928 ἀέρα,
615 3860 747 3930 πῦρ,
771 3860 837 3911 τὰ
864 3863 926 3911 ὲκ
951 3861 1152 3912 τούτων
1183 3859 1601 3929 ἀπογεννώμενα
1630 3861 1774 3928 πάθη
1793 3876 1806 3888 ·

223 3952 264 4005 ἃ,
299 3949 483 4002 πάντα
534 3949 633 4018 μὲν
681 3949 754 4012 ὡς
804 3950 1235 4019 συμπληρωτικὰ
1287 3951 1380 4001 τοῦ
1431 3952 1633 4020 κόσμου
1685 3969 1810 4002 συνσ-

223 4044 448 4114 υπέστη
480 4042 558 4113 τῷ
589 4045 752 4097 παντὶ
784 4043 1024 4114 δηλονότι
1055 4042 1162 4112 (12)
1187 4060 1199 4073 ·
1228 4043 1496 4113 παρέλιπε
1523 4045 1633 4114 au,
1673 4046 1812 4097 ἱστο-

228 4136 352 4205 ρία,
383 4133 473 4186 τόν
503 4135 764 4205 ἡμέτερον
791 4134 911 4186 νοῦν
937 4133 1286 4203 γυμνάζουσα
1316 4133 1450 4204 πρὸς
1475 4136 1808 4205 ὲντρέχεεαν,

226 4226 292 4291 ἐξ
340 4225 536 4294 ὀλίγων
582 4225 843 4295 ἀφορμῶν
905 4225 1245 4296 παρεχομένη
1301 4225 1698 4293 ἐπιλογίζεσθαι
1747 4227 1814 4279 τὰ

227 4319 553 4387 λειπόμενα.
595 4318 746 4370 Ἐπεὶ
773 4314 865 4370 οὖν
907 4318 1004 4370 οὐκ
1041 4316 1254 4389 εἴρηται
1300 4318 1425 4388 περὶ
1463 4317 1556 4369 τοῦ
1602 4317 1810 4379 ὓδατος,

227 4413 318 4464 ὅτι
366 4410 618 4476 ἐποίησεν
655 4411 683 4461 ὁ
717 4408 868 4472 Θεὸς,
901 4410 1110 4478 εἴρηται
1151 4409 1226 4471 δὲ,
1274 4410 1354 4462 ὅτι
1398 4411 1625 4479 ἀόρατος
1666 4405 1732 4479 ἦν
1781 4412 1813 4480 ἡ

229 4501 344 4572 γῆ·
393 4502 581 4555 σκόπει
633 4502 696 4554 σὺ
737 4499 877 4552 κατὰ
926 4499 1146 4552 σεαυτὸν
1191 4499 1295 4550 τίνι
1346 4499 1813 4568 παραπετάσματι

315 4721 396 4794 (5)
428 4724 605 4780 Codex
667 4723 914 4794 Combef.
941 4734 990 4778 et
1045 4725 1132 4778 alii
1194 4739 1287 4777 sex
1319 4721 1423 4774 τῶν
1451 4721 1544 4775 νῦν
1605 4723 1804 4778 Vocula
1840 4729 1881 4782 Ι)

238 4812 342 4851 νυν
367 4796 420 4846 in
451 4796 608 4850 editis
633 4796 838 4851 deerat.
870 4793 990 4847 Mox
1016 4795 1178 4849 Coisl.
1211 4794 1418 4862 primus
1449 4804 1502 4845 et
1524 4794 1674 4847 Colb.
1721 4796 1805 4848 iti-

238 4871 367 4922 dem
407 4867 612 4932 primus
655 4882 775 4919 cum
829 4865 1008 4934 Regiis
1071 4861 1303 4934 quatuor
1345 4861 1668 4934 βαλόμενος,
1714 4874 1807 4918 aut

235 4935 590 5007 βαλλόμενος.
624 4934 761 4990 Editi
800 4946 856 4990 et
875 4933 1138 5007 _duo_ntss.
1177 4933 1487 5007 λαϐόμενος.

312 5003 636 5078 (ὅγΑιιιὶςιιιί
683 5022 776 5061 sex
831 5005 951 5060 libri
977 5003 1392 5074 διεσχημάτισέν
1423 5023 1481 5058 τε
1511 5005 1605 5067 ὡς.
1665 5004 1804 5059 Editi

235 5075 680 5146 κατεσχημάτισε
690 5115 703 5128 .

315 5149 393 5216 (7)
418 5143 600 5216 conc
627 5148 830 5210 primus
858 5157 912 5199 et
950 5143 1420 5216 Coislgssecundus
1465 5144 1636 5216 etialii
1670 5159 1804 5212 qua-

239 5213 549 5285 tuor'Regii
579 5214 838 5286 ἀρρήκτῳ
873 5217 980 5268 τινὶ
1023 5213 1201 5286 φιλίας
1249 5213 1468 5284 θεσμῷ,
1505 5215 1808 5286 jnvincibili

236 5283 752 5360 quadqntjamicilire
783 5283 912 5360 lege.
942 5287 1122 5360 Etlitio
1148 5283 1458 5360 Basil._eutn
1492 5284 1656 5360 Cpisl.
1697 5287 1803 5360 pri-

238 5355 334 5414 rno
367 5355 589 5426 ἀρρήτῳ
609 5357 715 5409 τινὶ
739 5355 917 5424 φιλίας
949 5355 1152 5425 θεσμῷ,
1179 5355 1377 5426 occulta
1409 5355 1634 5423 quadam
1670 5355 1804 5407 ami-

238 5409 768 5505 Eiiaiég'e.'tauiti§
823 5409 995 5505 Pa:ris_.
1037 5409 1184 5505 {inhi
1225 5423 1353 5505 llt'eg.
1399 5409 1592 5505 quarto
1633 5426 1805 5505 ἀρρή-

239 5516 361 5568 κτῳ
396 5497 500 5548 τινὶ
528 5497 714 5568 φιλίας
739 5495 940 5566 δεσμῷ,
970 5493 1318 5568 indissolubili
1363 5493 1586 5568 quodam
1620 5493 1804 5548 amici-

241 5564 567 5621 tiae’vinculo
596 5583 613 5618 :
641 5582 802 5633 quam
841 5564 1162 5633 scripturam
1206 5567 1325 5617 ideo
1383 5564 1550 5618 secuti
1591 5579 1804 5629 sumus,

241 5643 390 5705 quod
418 5639 488 5690 ita
521 5634 708 5703 legerit
753 5646 904 5690 vetus
953 5639 1222 5702 interpres
1273 5633 1609 5694 EuStathius,
1650 5637 1807 5703 cujus

241 5709 362 5788 haec
394 5717 517 5830 sunt
548 5705 734 5772 verba,
779 5705 1159 5761 iuviolabilibus
1193 5705 1472 5775 cujusdam
1515 5709 1807 5762 concordia:

241 5793 392 5830 uncto
421 5793 480 5830 is.

240 5793 480 5832 ωηιισιιε.

565 5874 832 5930 ΡΑτηυιη
871 5871 986 5929 tiu.
1043 5869 1276 5928 XXIX.

1903 1935 2023 1980 sent
2055 1926 2217 1995 igitur
2247 1941 2276 1979 a
2307 1926 2566 1980 fabulosis
2586 1929 2906 1982 commentis
2937 1929 2997 1991 ii,
3032 1928 3123 1996 qui
3150 1938 3471 1998 potestatem

1905 2018 2070 2072 menti
2122 2020 2744 2088 incomprehensibilem.
2797 2028 2848 2074 et
2895 2035 3057 2089 quam
3109 2020 3342 2074 humana
3371 2035 3475 2074 vox

1904 2112 2208 2179 exprimere
2238 2111 2384 2164 nullo
2411 2111 2568 2164 modo
2604 2112 2792 2179 possit,
2833 2111 3222 2182 cogitationum
3254 2127 3473 2167 suarum

1906 2201 2274 2256 imbecillitate
2298 2203 2684 2257 admetiuntur.

1973 2295 2026 2348 5.
2061 2292 2212 2347 Fecit
2245 2294 2384 2348 Deus
2416 2295 2597 2349 caelum
2621 2307 2666 2348 et
2694 2307 2924 2362 terram,-
2969 2305 3255 2365 utrumque
3281 2313 3385 2350 non
3411 2312 3477 2352 ex

1907 2387 2124 2440 dimidia
2150 2399 2325 2455 parte,
2354 2389 2446 2442 sed
2479 2397 2647 2442 totum
2689 2390 2908 2455 caelum,
2951 2400 3228 2459 totamque
3253 2401 3476 2456 terram,

1909 2479 2078 2546 ipsam
2133 2480 2495 2534 subStantiam
2533 2496 2654 2535 cum
2711 2483 2884 2536 forma
2937 2482 3307 2550 conjunctam.
3358 2481 3477 2538 Non

1908 2572 2052 2625 enim
2113 2573 2365 2626 inventor
2403 2585 2481 2627 est
2534 2574 2848 2642 ﬁgurarum,
2905 2574 2996 2628 sed
3048 2574 3217 2644 ipsius
3274 2585 3482 2631 natura:

1909 2678 2087 2716 rerum
2112 2663 2314 2732 cpifex.
2341 2664 2554 2732 Alioqui
2590 2665 2948 2733 respondeant
2998 2664 3151 2718 nobis
3176 2705 3190 2727 ,
3241 2680 3478 2734 quonam

1911 2763 2065 2823 pacto
2104 2755 2244 2808 inter
2265 2767 2325 2808 se
2359 2765 2470 2807 tum
2502 2754 2740 2808 effectrix
2785 2756 2875 2808 Dei
2910 2756 3171 2824 potentia,
3207 2765 3319 2810 tum
3351 2773 3480 2826 pas-

1911 2846 2024 2900 siva
2058 2847 2301 2899 materiei
2341 2856 2528 2900 natura
2556 2849 2928 2912 convenerint,
2955 2849 3066 2902 haec
3101 2849 3316 2916 quidem
3355 2853 3480 2906 abs-

1910 2952 2015 3007 que
2039 2935 2207 2992 forma
2238 2937 2540 3004 subjectum
2575 2941 2854 3004 exhibens,
2890 2939 2977 2993 ille
3013 2955 3138 2994 vero
3165 2942 3281 2996 sine
3311 2953 3478 2998 mate-

1913 3032 1989 3083 ria
2025 3029 2307 3083 scientiam
2334 3031 2536 3084 habens
2569 3031 2884 3099 ﬁgurarum,
2919 3040 2977 3085 ut
3025 3033 3077 3086 id
3124 3036 3265 3103 quod
3298 3036 3484 3092 defue-

1911 3121 2180 3186 ritalteri,
2207 3122 2275 3177 ab
2305 3123 2476 3176 altero
2504 3125 2787 3188 tribuatur,
2821 3126 2998 3195 Opiﬂci
3025 3127 3264 3196 quidem,
3298 3139 3356 3181 nt
3386 3129 3483 3182 ha-

1835 3251 1877 3306 c
1913 3216 2038 3270 beat
2084 3217 2226 3270 unde
2255 3217 2527 3286 specimen
2575 3219 2665 3271 det
2696 3232 2805 3271 sum
2835 3221 2967 3272 artis
2998 3240 3011 3273 :
3053 3221 3297 3275 materiei
3331 3235 3479 3288 vero,

1913 3309 2052 3361 unde
2079 3307 2478 3361 deformitatem
2516 3317 2570 3361 et
2613 3309 2796 3362 forma:
2832 3311 3190 3378 privationem
3222 3313 3477 3381 deponat.

1912 3397 2018 3452 Sed
2047 3399 2218 3454 dehis
2246 3401 2527 3454 hactenus.
2555 3399 2669 3453 Jam
2702 3401 2766 3454 ad
2811 3406 3142 3471 pr0positum
3173 3407 3480 3462 redeamus.

1913 3488 2047 3542 Erat
2097 3502 2272 3544 autem
2329 3501 2467 3543 terra
2517 3491 2790 3545 invisibilis
2831 3511 2891 3545 ac
2935 3497 3295 3564 incomposita.
3348 3498 3482 3553 Cum

1912 3584 2082 3636 dixit:
2120 3583 2184 3636 In
2212 3585 2467 3653 principio
2492 3585 2613 3651 fecit
2636 3585 2773 3639 Deus
2791 3587 2974 3641 calum
2991 3598 3038 3641 et
3067 3598 3283 3654 terram,
3317 3591 3480 3646 mtaita

1916 3673 2104 3739 tacuit,
2139 3689 2356 3742 aquam,
2395 3691 2598 3740 aerem,
2662 3678 2861 3746 ignem,
2913 3689 3247 3751 emergentes
3285 3696 3346 3734 ex
3398 3682 3483 3736 his

1914 3763 2264 3820 affectiones:
2305 3782 2423 3835 qua:
2463 3783 2593 3823 sane
2636 3771 2837 3833 omnia,
2884 3780 3139 3840 tanquam
3176 3788 3294 3842 quae
3324 3789 3484 3829 mun-

1914 3856 2040 3907 dum
2085 3859 2408 3926 compleant,
2445 3862 2627 3928 procul
2656 3863 2818 3915 duhio
2842 3879 2945 3917 una
2978 3879 3098 3919 cum
3128 3867 3486 3923 universitate

1915 3963 2093 4001 rerum
2149 3949 2541 4017 substiterunt;
2579 3955 2781 4009 omissa
2814 3966 2938 4010 sunt
2989 3967 3167 4011 autem
3200 3959 3384 4014 isthmc
3416 3962 3486 4016 ab

1917 4043 2164 4106 historia,
2196 4053 2254 4096 ut
2279 4045 2402 4098 dum
2438 4046 2644 4116 reliqua
2676 4064 2740 4102 ex
2769 4051 2957 4114 paucis
3008 4051 3342 4119 argumentis
3373 4061 3481 4106 tra-

1917 4136 1991 4188 dit
2019 4137 2352 4204 aastimanda,
2383 4149 2614 4192 mentem
2643 4149 2884 4194 nostram
2936 4142 3001 4196 ad
3044 4143 3365 4199 industriam
3406 4146 3487 4200 di—

1918 4225 2300 4294 ligentiamque
2346 4237 2616 4282 exerceat.
2669 4228 2858 4298 Itaque
2883 4247 3006 4286 cum
3049 4233 3251 4287 dictum
3281 4250 3383 4288 non
3416 4236 3486 4290 sit

1920 4317 2085 4370 Deum
2118 4330 2310 4385 aquam
2347 4316 2580 4373 fecisse:
2630 4322 2726 4375 sed
2757 4322 2958 4376 dictum
3010 4322 3112 4392 15
3160 4325 3230 4379 sit
3284 4337 3483 4381 terram

1918 4405 2086 4460 fuisse
2117 4404 2478 4471 invisibilem;
2517 4415 2628 4460 tute
2661 4416 2834 4462 tecum
2861 4419 3046 4475 reputa
3085 4426 3190 4479 quo
3221 4411 3489 4466 velamine

1917 4506 2103 4566 operta
2141 4511 2246 4550 non
2296 4507 2596 4552 appareret.
2650 4495 2837 4567 Neque
2879 4499 3041 4570 igitur
3095 4501 3236 4570 ignis
3269 4502 3489 4571 aperire

1984 4724 2057 4792 (8)
2095 4723 2270 4778 Editio
2302 4723 2465 4778 Basil.
2499 4735 2550 4778 et
2578 4724 2732 4778 Bodl.
2778 4734 2826 4780 et
2872 4725 2962 4778 alii
2994 4727 3162 4780 nostri
3201 4741 3334 4782 mss.
3369 4727 3487 4780 δια-

1913 4794 2100 4857 νοίαις.
2143 4795 2316 4846 Editio
2339 4811 2464 4847 vero
2495 4797 2664 4847 l’aris.
2692 4795 2921 4865 διανοίᾳ.
2948 4795 3065 4850 Mox
3096 4797 3246 4850 Colb.
3281 4797 3487 4864 primus

1913 4865 2227 4936 ἀνθρωπίνῃ
2265 4865 2443 4933 φύσει,
2481 4873 2529 4918 et
2557 4882 2712 4934 quam
2752 4867 2983 4918 humana
3014 4877 3205 4920 natura
3268 4883 3487 4920 narrare

1914 4937 2057 4987 nullo
2090 4945 2240 4988 modo
2263 4938 2444 5000 possit.

1985 5006 2061 5074 (9)
2096 5006 2317 5077 Veteres
2348 5006 2553 5072 aliquot
2584 5006 2704 5059 libri
2737 5006 3252 5077 ἀποκρινάσθωσαν.
3303 5007 3486 5062 Codex

1915 5078 2046 5129 alius
2083 5075 2272 5127 ἔπειτα
2304 5077 2501 5145 ἀποκρ.

1986 5146 2094 5212 (10)
2131 5146 2219 5217 Sic
2256 5145 2405 5213 Regii
2436 5149 2636 5212 primus
2665 5158 2719 5199 ct
2774 5148 3010 5214 quintus.
3071 5145 3200 5217 lteg.
3262 5160 3486 5215 quartus

1916 5215 2320 5278 ἐνεπιδείξεται.
2360 5217 2497 5268 Editi
2544 5233 2662 5269 cum
2725 5217 2880 5272 Culb.
2939 5215 3174 5271 secundi}
3222 5218 3485 5283 ἐπιδείξε-

1913 5303 2022 5337 ται.
2052 5287 2201 5357 (Jolb.
2238 5289 2440 5357 prinnts
2471 5301 2609 5357 cum_
2632 5286 2769 5353 Reg.
2826 5287 2984 5339 tertio
3018 5287 3378 5357 ἐπιδείξηται.

1985 5356 2242 5428 (ΗΜΙΙει,
2303 5357 2334 5424 ὴ
2370 5354 2438 5428 δὲ,
2468 5358 2536 5426 γῆ
2582 5353 2649 5427 ἦν
2700 5358 2929 5428 ἀόρατος
2972 5360 3063 5410 καὶ
3106 5353 3489 5413 ἀκατασκεύα-

1914 5427 2288 5499 στος,ίιιεςυηι
2314 5427 2529 5494 quidem
2561 5430 2611 5481 in
2656 5427 2812 5484 editis
2845 5443 2856 5477 ε
2905 5431 2997 5482 sed
3031 5429 3081 5480 in
3111 5441 3315 5499 septem
3357 5446 3483 5484 mss.

1917 5498 2278 5565 reperiuntur.

1986 5567 2096 5637 (l2)
2126 5565 2307 5638 Codex
2357 5565 2511 5638 Bodl.
2553 5579 2608 5622 et
2659 5576 2890 5638 quatuor
2918 5568 3005 5620 alii
3070 5585 3191 5623 cum
3253 5571 3489 5625 editione

1916 5636 2078 5722 itas".
2123 5636 2384 5691 δηλονότι.
2434 5637 2611 5694 Editio
2659 5636 2831 5694 Paris.
2884 5650 2937 5693 et
2987 5640 3091 5693 duo
3147 5654 3272 5694 mss.
3331 5641 3488 5711 δῆλον

1918 5725 2017 5761 οτι.

3063 5873 3099 5930 2
