4098 6326
611 333 680 388 ss
1927 331 1964 384 s
2029 328 2272 383 BASILII
2315 331 2528 386 MAG-Nl
3813 339 3878 393 εδ

609 463 809 507 terram
835 458 1067 520 poterat.
1097 448 1239 517 Ignis
1264 447 1527 517 siquidem
1582 445 1737 500 atl'ert
1781 445 1975 509 lucem,
2015 461 2077 499 ac
2123 458 2174 497 ea

2292 445 2671 516 καλυπτομένη
2714 447 2810 500 οὐκ
2862 447 3188 516 ἐξεφαίνετο.
3235 448 3371 501 Οὔτε
3418 443 3512 502 οὖν
3544 447 3658 520 πῦρ
3703 450 3881 518 αὐτὴν

616 545 810 613 quibus
846 542 1075 605 accedit,
1112 541 1342 594 illustrat
1383 539 1584 607 potius,
1630 553 1792 609 quam
1833 538 2081 592 tenebras
2104 537 2184 590 of-

609 635 826 690 fendat.
861 632 1046 701 Neque
1083 632 1267 685 itidem
1299 647 1393 686 aer
1424 643 1544 685 erat
1568 640 1694 685 tunc
1731 641 1889 685 terra:
1913 639 2186 699 tegumen-

609 739 742 781 tum.
779 725 919 780 Rara
955 726 1098 781 enim
1127 733 1179 778 et
1203 723 1468 792 pellucida
1497 733 1579 777 est
1628 725 1769 776 aeris
1819 733 2032 786 natura,
2067 738 2184 788 quae

607 829 828 873 cunctas
855 833 1036 872 rerum
1067 817 1357 871 visibilium
1407 817 1612 886 species
1645 817 1848 886 excipit
1871 856 1885 878 ,
1923 825 1975 868 et
2003 819 2068 869 ad
2106 818 2186 868 in-

608 913 869 962 tuentium
905 909 1089 963 oculos
1117 910 1455 963 transmittit.
1483 909 1767 981 Reliquum
1815 911 1974 981 igitur
2000 922 2101 973 est,
2130 920 2186 963 ut

607 1002 904 1070 cogitemus
936 1015 1053 1065 nos,
1095 1017 1290 1069 aquam
1321 1003 1622 1069 superﬁciei
1669 1014 1828 1056 terrae
1858 1005 2134 1057 inuatasse
2163 1043 2177 1064 ,

606 1109 727 1146 cum
772 1093 1007 1146 nondum
1055 1103 1198 1146 esset
1241 1093 1439 1160 liquida
1481 1095 1578 1148 ista
1629 1095 1930 1148 substantia
1981 1096 2032 1147 in
2062 1110 2184 1162 pro-

605 1183 781 1252 priam
820 1185 1000 1238 sedem
1031 1197 1339 1254 segregata.
1375 1185 1508 1239 llinc
1532 1197 1710 1239 autem
1749 1199 1893 1240 terra
1923 1203 2027 1239 non
2061 1196 2178 1240 erat

605 1275 776 1329 solum
825 1275 1139 1338 invisibilis,
1191 1280 1283 1330 sed
1329 1286 1441 1329 erat
1470 1278 1628 1330 etiam
1661 1280 1929 1332 inornata.
1975 1279 2183 1346 Quippe

605 1368 849 1422 humoris
891 1369 1248 1422 redundantia
1300 1370 1598 1423 etiamnum
1648 1372 1917 1425 l'ructuum
1967 1385 2180 1441 partum

604 1458 846 1527 impedit.
875 1460 1076 1514 Eadem
1125 1461 1285 1530 igitur
1318 1475 1482 1515 causa
1523 1471 1626 1524 est,
1672 1476 1768 1516 cur
1801 1471 1854 1517 et
1898 1463 2183 1516 invisibilis

604 1562 748 1606 esset
782 1562 836 1607 et
883 1553 1262 1622 incomposita.
1320 1551 1453 1604 Nam
1510 1561 1668 1607 terra:
1709 1562 2042 1622 apparatus,
2099 1554 2185 1606 ille

605 1645 720 1714 ipse
752 1656 833 1698 est
877 1654 1104 1698 ornatus
1135 1644 1225 1712 qui
1277 1644 1325 1696 ei
1383 1644 1629 1714 proprius
1662 1652 1745 1699 est
1798 1659 1861 1699 ac
1893 1644 2174 1708 naturalis,

601 1745 730 1806 puta
768 1737 1031 1791 undantes
1071 1736 1120 1789 iu
1163 1735 1494 1790 convallibus
1551 1746 1781 1806 segetes,
1821 1746 1974 1805 prata
2005 1735 2186 1790 viren-

603 1831 676 1881 tia
715 1839 768 1883 et
799 1828 1028 1882 diversis
1046 1826 1267 1882 ﬂoribus
1302 1827 1522 1892 referta,
1542 1827 1713 1883 ﬂoridi
1741 1829 1909 1883 saltus
1927 1842 1991 1883 ac
2023 1843 2178 1882 mou-

602 1922 737 1974 tium
768 1922 1048 1976 cacumina
1081 1922 1235 1976 silvis
1270 1923 1575 1975 inumbrata
1615 1939 1630 1976 :
1680 1938 1910 1992 quorum
1939 1923 2178 1976 nondum

598 2007 837 2061 habebat
875 2007 1194 2078 quidquam,
1225 2012 1533 2076 parturiens
1559 2010 1774 2078 quidem
1815 2012 2054 2064 omnium
2086 2026 2178 2064 or-

603 2110 738 2160 tum,
768 2099 837 2152 ob
867 2100 1088 2152 inditam
1119 2099 1219 2153 sibi
1254 2102 1319 2154 ab
1343 2100 1535 2168 Opifice
1573 2100 1903 2167 facultatem,
1929 2103 2020 2155 sed
2043 2113 2177 2154 tem-

601 2202 735 2259 pora
774 2203 1007 2260 congrua
1030 2199 1376 2260 exspectans,
1415 2200 1474 2244 ut
1504 2191 1656 2261 juxta
1695 2193 1932 2247 divinum
1977 2210 2177 2264 przece-

601 2291 756 2351 ptum
793 2281 931 2336 fetus
961 2297 1089 2338 suos
1130 2284 1180 2337 in
1226 2295 1468 2353 apertum
1501 2285 1788 2353 proferret.

671 2556 724 2609 ι.
783 2556 887 2610 Sed
951 2566 997 2609 et
1058 2559 1300 2622 tenebra’,
1355 2561 1449 2622 ait,
1491 2576 1649 2626 super
1703 2561 1971 2629 abyssum.
2043 2562 2173 2616 Ali:B

601 2663 814 2703 rursum
867 2648 1168 2703 fabularum
1230 2653 1585 2713 occasiones.
1634 2665 1686 2707 et
1742 2665 2169 2709 commentorum

600 2741 772 2810 magis
824 2742 1108 2809 impiorum
1143 2757 1359 2808 causae;
1422 2759 1542 2798 cum
1575 2746 1688 2801 haec
1719 2749 1880 2801 verba
1928 2747 1994 2799 ad
2043 2764 2168 2802 snas

601 2832 868 2886 divertant
922 2833 1225 2902 Opiniones.
1283 2836 1562 2891 Tenebras
1635 2840 1779 2892 enim
1855 2855 1959 2893 nou
2007 2856 2171 2909 expo-

601 2933 756 2989 nunt,
803 2934 860 2977 ut
916 2939 1032 2979 mos
1085 2936 1185 2987 est,
1242 2943 1421 2983 aerem
1459 2931 1744 2998 quemdam
1799 2932 1934 2985 lucis
1983 2947 2172 3001 exper-

603 3023 743 3075 tem,
787 3023 880 3066 aut
917 3015 1094 3068 locum
1135 3015 1346 3085 objectu
1371 3019 1611 3088 corporis
1642 3019 2045 3082 obumbratum.
2081 3031 2170 3073 aut

601 3102 836 3171 denique
880 3101 1057 3156 locum
1107 3118 1430 3173 quacunque
1491 3119 1555 3157 ex
1605 3121 1763 3160 causa
1813 3108 2009 3161 lumine
2068 3111 2245 3195 pri—C

598 3204 806 3257 vatum,
846 3194 936 3248 sed
973 3194 1268 3261 potentiam
1325 3195 1520 3248 malam
1559 3212 1571 3247 :
1604 3196 1712 3249 imo
1762 3197 1957 3249 malum
2002 3198 2173 3266 ipsum

602 3302 632 3340 a
669 3287 849 3355 seipso
891 3286 1153 3357 originem
1204 3288 1445 3354 trahens,
1480 3289 1784 3358 oppositum
1823 3291 1911 3345 Dei
1947 3292 2172 3348 bonitati

600 3387 762 3447 atque
794 3378 1154 3432 contrarium.
1197 3378 1406 3432 Etenim
1445 3382 1488 3435 si
1527 3382 1667 3437 Deus
1700 3383 1786 3436 lux
1826 3395 1909 3438 est
1953 3384 2016 3449 ",
2052 3385 2174 3440 abs-

600 3483 705 3539 que
760 3468 940 3533 dubio,
980 3469 1147 3531 aiunt,
1193 3470 1487 3525 adversans
1539 3474 1586 3526 ei
1645 3477 1881 3542 potentia
1939 3477 2174 3532 tenebrae

601 3561 784 3629 utique
816 3559 1030 3626 fuerint,
1060 3562 1218 3631 juxta
1252 3564 1535 3619 sententiae
1567 3572 2030 3635 consequentiam.
2065 3569 2172 3625 Te-

601 3654 781 3706 nebrae
823 3653 890 3706 ab
924 3654 1030 3706 alio
1066 3670 1166 3708 non
1204 3655 1402 3710 habent
1445 3659 1586 3727 quod
1618 3657 1745 3725 sint,
1773 3662 1862 3712 sed
1901 3672 2024 3714 sunt
2063 3679 2171 3715 ma-

599 3741 706 3794 lum
752 3758 844 3810 per
889 3758 945 3796 se
996 3745 1258 3814 genitum.
1311 3746 1570 3803 Tenebrae
1613 3749 1798 3804 hostes
1847 3752 2170 3817 animarum,

601 3834 792 3887 mortis
823 3837 1242 3904 conciliatrices,
1275 3840 1490 3896 virtutis
1522 3842 1848 3898 adversaria?
1876 3860 1890 3898 :
1927 3861 2046 3914 quae
2080 3861 2173 3916 per

601 3923 713 3977 haec
744 3928 1018 3996 prophetae
1062 3929 1248 3993 verba,
1277 3939 1332 3983 ut
1362 3929 1498 3985 falso
1526 3943 1737 4001 putant,
1764 3947 1816 3990 et
1848 3939 2168 4004 subsistere,

598 4031 698 4071 nec
735 4029 909 4072 tamen
934 4035 962 4072 a
989 4018 1096 4074 Deo
1136 4021 1402 4088 prodiisse
1437 4024 1757 4080 indicantur.
1793 4028 1869 4081 Ex
1904 4029 2004 4083 hoc
2039 4045 2171 4085 sane

589 4107 863 4198 principio
889 4109 1013 4177 quid
1051 4124 1155 4163 non
1196 4126 1484 4179 pravorum
1529 4124 1583 4168 et
1631 4116 1912 4185 impiorum
1951 4122 2169 4187 dogma-

592 4209 711 4254 tum
758 4201 1044 4256 conﬁctam
1091 4205 1206 4258 est?
1250 4205 1351 4272 Qui
1407 4208 1513 4278 lupi
1558 4225 1769 4279 graves,
1812 4229 2028 4283 gregem
2074 4215 2167 4269 Dei

599 4290 966 4360 discerpentes
994 4295 1059 4356 '°,
1108 4306 1323 4363 sumpto
1369 4299 1434 4350 ab
1485 4299 1584 4354 hac
1622 4316 1780 4367 parva
1817 4318 1945 4358 voce
1991 4305 2165 4368 initio,

598 4384 804 4437 animas
856 4399 959 4437 non
1013 4385 1366 4440 invaserunt?
1415 4388 1601 4444 Nonne
1655 4393 1779 4446 hinc
1834 4394 2168 4451 Marciones?

2291 539 2584 592 καλύπτειν
2631 539 2873 609 ἠδύνατο.
2927 542 3255 593 Φωτιστικὺν
3305 541 3412 612 γὰρ
3475 543 3570 593 καὶ
3619 541 3884 609 καταφά-

2288 648 2434 684 νειαν
2483 632 2720 702 παρέχον
2765 627 2845 694 οἷς
2895 632 2960 686 ἂν
3004 632 3370 703 προσγένηται
3424 632 3624 702 μᾶλλον
3683 633 3802 702 (15)
3850 634 3883 700 ἢ

2289 722 2554 787 σκοτῶδες
2581 724 2641 776 τὸ
2668 723 2800 795 πῦρ.
2829 725 2903 777 Οὐ
2943 725 3046 795 μὴν
3077 725 3198 777 οὐδέ
3239 725 3343 795 ἀὴρ
3383 725 3765 794 προκάλυμμα
3815 719 3886 793 ἦν

2284 812 2405 865 τότε
2441 813 2538 882 τῆς
2568 814 2692 883 γῆς.
2733 814 2923 886 Ἀραιὰ
2951 817 3055 884 γὰρ
3083 817 3175 868 καὶ
3204 815 3467 885 διαφανὴς
3493 815 3586 866 τοῦ
3634 816 3807 886 ἀέρος
3850 817 3886 882 ἡ

2288 906 2464 974 φύσις,
2511 906 2690 959 πάντα
2725 907 2791 959 τὰ
2838 906 2953 976 εἴδη
3002 907 3108 960 τῶν
3151 907 3364 977 ὁρατῶν
3416 908 3720 976 δεχομένη,
3785 911 3888 961 καὶ

2285 1000 2400 1060 ταῖς
2427 997 2534 1050 τῶν
2568 998 2816 1068 ὁρώντων
2849 999 3002 1068 ὄψεσι
3035 1000 3497 1070 παραπέμπουσα.
3523 1002 3880 1070 Λειπόμενον

2286 1090 2460 1141 τοίνυν
2511 1093 2626 1143 ἐστὶ
2671 1096 2808 1144 νοεῖν
2852 1094 2998 1162 ἡμᾶς
3042 1092 3150 1162 (iri)
3203 1092 3346 1164 ὕδωρ
3395 1093 3755 1156 ἐπιπολάζειν
3811 1097 3885 1165 τῇ

2288 1182 2576 1252 ἐπιφανείᾳ
2601 1184 2698 1252 τῆς
2724 1183 2847 1254 γῆς,
2873 1183 3024 1236 οὔπω
3052 1185 3184 1254 πρὸς
3210 1185 3306 1255 τὴν
3333 1185 3537 1237 οἰκείαν
3574 1185 3731 1254 λῆξιν
3777 1186 3885 1254 τῆς

2289 1273 2460 1341 ὑγρᾶς
2489 1272 2672 1336 οὐσίας
2707 1275 3115 1346 ἀποκριθείσης.
3161 1276 3254 1327 Ἐκ
3292 1276 3347 1328 δὲ
3393 1276 3580 1329 τούτου
3609 1279 3670 1329 οὗ
3706 1277 3884 1346 μόνον

2286 1363 2513 1432 ἀόρατος
2538 1359 2603 1434 ἦν
2637 1366 2667 1434 ἡ
2700 1364 2791 1433 γῆ,
2821 1366 2951 1417 ἀλλὰ
2979 1368 3071 1420 καὶ
3100 1367 3594 1431 ἀκατασκεύαστος.
3648 1368 3710 1419 Ἡ
3760 1366 3884 1436 γάρ

2285 1455 2374 1506 τοῦ
2414 1455 2580 1525 ὑγροῦ
2622 1456 2903 1522 πλεονεξία
2933 1458 3009 1510 ἔτι
3053 1460 3144 1512 καὶ
3189 1458 3283 1512 νῦν
3317 1461 3567 1530 ἐμπόδιόν
3601 1460 3714 1529 ([5)-
3751 1461 3884 1510 ἐστι

2288 1545 2421 1615 πρὸς
2455 1547 2818 1616 καρπογονίαν
2862 1551 2922 1618 τῇ
2949 1552 3037 1619 γῇ.
3077 1551 3139 1602 Ἡ
3175 1548 3264 1604 οῦν
3295 1551 3430 1620 αὑτὴ
3457 1553 3600 1603 αἰτία
3646 1551 3742 1604 καὶ
3779 1549 3880 1602 τοῦ

2290 1638 2364 1708 μὴ
2411 1639 2661 1709 ὁρᾶσθαι,
2692 1641 2784 1693 καὶ
2825 1641 2918 1693 τοῦ
2966 1643 3440 1698 ἀκατασκεύαστον
3486 1640 3658 1698 εἶναι·
3704 1643 3882 1713 εἴπερ

2287 1733 2599 1803 κατασκευὴ
2652 1733 2790 1804 γῆς,
2853 1736 2880 1786 ὁ
2930 1737 3124 1798 οἰκεῖος
3172 1737 3309 1807 αὐτῇ
3365 1737 3458 1790 καὶ
3509 1736 3650 1790 κατά
3699 1737 3882 1803 φύσιν

2287 1821 2520 1892 κόσμος,
2571 1823 2698 1894 λήῖα
2756 1827 2853 1895 μὲν
2897 1829 3018 1890 ταῖς
3081 1825 3385 1896 κοιλότησιν
3429 1825 3878 1896 ὲγκυμαίνοντα,

2285 1913 2546 1984 λειμῶνες
2586 1915 2904 1986 χλοάζοντες
2937 1920 3031 1971 καὶ
3071 1917 3332 1980 ποικίλοις
3359 1917 3540 1970 ἄνθεσι
3578 1917 3878 1988 βρύοντες,

2283 2008 2451 2060 νάπαι
2495 2009 2759 2075 εὐθαλεῖς,
2791 2013 2884 2065 καὶ
2926 2012 3066 2084 ὀρῶν
3115 2012 3351 2083 κορυφαὶ
3395 2015 3511 2074 ταῖς
3557 2011 3710 2074 ὕλαις
3763 2029 3877 2062 κα-

2281 2099 2525 2153 τάσκιον
2561 2095 2634 2155 ὧν
2665 2104 2813 2155 οὐδὲν
2845 2101 2987 2174 εἶχεν
3030 2105 3273 2158 οὐδέπω·
3318 2103 3580 2155 ὠδίνουσα
3616 2103 3716 2171 μὲν
3763 2106 3880 2172 τὴν

2283 2194 2501 2248 πάντων
2548 2196 2766 2269 γένησιν
2795 2197 2882 2251 διὰ
2931 2198 3027 2266 τὴν
3073 2197 3484 2252 ἐναποτεθεῖσαν
3526 2196 3659 2264 αὐτῇ
3709 2197 3881 2265 παρά

2279 2287 2373 2339 τοῦ
2394 2289 2726 2361 δημιουργοῦ
2745 2290 2991 2362 δύναμιν,
3012 2293 3356 2363 ἀναμένουσα
3373 2291 3429 2343 δὲ
3447 2290 3567 2352 τοὺς
3586 2286 3876 2358 καθήκον-

2279 2395 2377 2440 τας
2406 2381 2652 2451 χρόνους,
2691 2383 2776 2436 ἵνα
2805 2384 2881 2454 τῷ
2911 2384 3038 2456 θείῳ
3070 2385 3397 2456 κελεύσματι
3438 2380 3726 2455 προαγάηὶ
3747 2382 3878 2450 (ίδ)

2282 2471 2480 2539 ἑαυτῆς
2509 2473 2587 2534 εἰς
2615 2476 2844 2545 φανερὸν
2871 2480 2937 2530 τὰ
2965 2479 3241 2548 κυήματα.

2336 2562 2406 2637 ,4.
2463 2564 2637 2618 Ἀλλὰ
2670 2568 2764 2618 καὶ
2799 2571 3035 2634 σκότος,
3072 2570 3257 2641 φησὶν,
3294 2568 3493 2622 ἐπάνω
3525 2568 3632 2635 τῆς
3675 2566 3882 2620 ἀϐύσ-

2279 2668 2414 2706 σου.
2453 2654 2617 2707 Πάλιν
2661 2656 2816 2710 ἄλλαι
2861 2658 3043 2727 μύθων
3092 2661 3356 2730 ἀφορμαὶ,
3393 2661 3487 2713 καὶ
3522 2657 3882 2727 πλασμάτων

2278 2743 2712 2818 δυσσεϐεστέρων
2743 2749 2909 2817 ἀρχαὶ
2944 2749 3078 2817 πρὸς
3130 2748 3226 2810 τὰς
3272 2749 3404 2812 ἰδίας
3459 2747 3708 2810 ὑπονοίας
3752 2763 3878 2799 πα-

2281 2838 2656 2906 ρατρεπόντων
2689 2839 2756 2892 τὰ
2791 2839 3031 2910 ῥήματα.
3059 2839 3132 2889 Τὸ
3162 2838 3270 2908 γὰρ
3296 2841 3484 2901 σκότος
3516 2840 3628 2908 οὐχ,
3660 2840 3734 2900 ῶς
3774 2839 3884 2890 πέ-

2280 2945 2475 2995 φυκεν,
2507 2930 2829 3000 ἐξηγοῦνται
2861 2931 2996 3002 ἀέρα
3035 2929 3157 2983 τινὰ
3192 2928 3515 2999 ἀφώτιστον,
3544 2931 3575 2997 ἢ
3605 2931 3772 2980 τόπον
3811 2930 3882 2995 ἐξ

2278 3022 2649 3092 ἁντιφράξεως
2680 3022 2931 3094 σώματος
2958 3020 3314 3092 σκιαζόμενον
3343 3018 3478 3089 (17),
3504 3018 3536 3087 ἢ
3559 3017 3694 3078 ὅλως
3734 3018 3877 3069 καθ’

2278 3113 2560 3164 ὁποιανοῦν
2595 3115 2771 3166 αἰτίαν
2797 3114 2958 3167 τόπον
2991 3112 3168 3182 φωτὸς
3196 3109 3581 3182 ἐστερημένον,
3609 3105 3741 3159 ἀλλά
3782 3107 3882 3159 δύο

2284 3220 2446 3273 ναμιν
2489 3204 2681 3273 κακὴν,
2717 3206 2913 3274 μᾶλλον
2945 3206 3000 3259 δὲ
3027 3204 3157 3258 αὐτὸ
3185 3203 3245 3256 τὺ
3276 3201 3467 3269 κακὸν,
3504 3201 3628 3271 παρ’
3661 3198 3878 3251 ἐαυτοῦ

2283 3295 2379 3364 τὴν
2404 3293 2574 3364 ἀρχὴν
2601 3295 2741 3364 ἕχον,
2774 3296 3144 3366 ἀντικείμενον
3173 3295 3265 3347 καὶ
3300 3291 3540 3345 ἐναντίον
3571 3294 3632 3361 τῇ
3664 3289 3881 3357 ἀγαθό-

2281 3405 2402 3458 τητι
2435 3387 2527 3439 τοῦ
2563 3386 2697 3438 Θεοῦ
2735 3387 3049 3456 ἐξηγοῦνται
3086 3387 3145 3439 τὸ
3189 3386 3396 3449 σκότος.
3429 3387 3491 3438 Et
3527 3383 3631 3454 γὰρ
3666 3386 3692 3435 ὁ
3727 3381 3880 3446 Θεὸς

2282 3480 2397 3547 φῶς
2435 3480 2570 3542 ἐστι,
2605 3478 2841 3549 δηλονότι
2887 3480 2919 3548 ἡ
2961 3478 3490 3550 ἀντιστρατευομένη
3526 3477 3670 3547 αύτῴ
3701 3476 3881 3529 δῦνα-

2285 3589 2374 3642 μις
2415 3573 2600 3636 σκότος
2629 3572 2693 3626 ἂν
2733 3571 2839 3642 εἴη.
2878 3569 3009 3638 φασὶ
3039 3569 3171 3640 (18),
3216 3572 3355 3624 κατά
3395 3571 3454 3623 τὸ
3497 3573 3592 3640 τῆς
3622 3569 3880 3633 διανοίας

2281 3664 2588 3719 ἀκόλουθον.
2649 3664 2866 3729 Σκότος,
2917 3663 2978 3716 ού
3027 3664 3152 3734 παρ’
3199 3663 3386 3732 ἐτέρου
3431 3663 3491 3714 τὸ
3539 3657 3675 3715 εἶναι
3712 3661 3877 3731 ἕχον,

2281 3755 2414 3808 ἀλλὰ
2447 3757 2614 3809 κακὸν
2655 3757 3064 3826 αὐτογέννητον.
3112 3755 3308 3816 Σκότος
3356 3753 3611 3823 πολέμιον
3647 3753 3876 3823 ψυχῶν.

2281 3843 2509 3897 Θανάτου
2564 3847 2864 3916 ποιητικὸν,
2916 3845 3117 3917 ἀρετῆς
3177 3843 3522 3908 ἐναντίωσις·
3576 3844 3708 3913 ὅπερ
3762 3846 3882 3898 καὶ

2281 3936 2594 4003 ὑφεστάναι,
2641 3939 2732 3989 καὶ
2768 3939 2840 4008 μὴ
2889 3939 3039 4009 παρά
3067 3940 3201 3992 Θεοῦ
3249 3936 3594 4008 γεγενῆσθαι,
3639 3936 3728 3988 ὑπ’
3757 3938 3880 3989 αὐ-

2279 4029 2384 4082 τῶν
2422 4030 2715 4099 μηνύεσθαι
2754 4030 2862 4082 τῶν
2899 4031 2991 4082 τοῦ
3022 4034 3296 4102 προφήτου
3331 4034 3502 4100 λόγων
3538 4029 3875 4096 ἐξαπατῶν-

2277 4137 2384 4173 ται.
2431 4120 2523 4172 Ἐκ
2551 4119 2613 4190 δὴ
2640 4118 2830 4172 τούτου
2858 4121 2909 4172 τί
2941 4121 3060 4190 οὐχὶ
3091 4121 3432 4192 ωνεπλάσθη
3464 4122 3571 4173 τῶν
3604 4121 3875 4190 πονηρῶν

2278 4213 2371 4264 καὶ
2412 4211 2584 4264 ἀθέων
2617 4212 2940 4282 δογμάτων;
2982 4215 3129 4267 Ποίοι
3169 4213 3319 4266 λύκοι
3377 4212 3563 4282 βαρεῖς
3593 4212 3701 4279 (19)
3732 4211 3875 4263 διας

2279 4301 2517 4365 σπῶντες
2541 4303 2599 4354 τὸ
2626 4304 2874 4374 ποίμνιον
2905 4303 2997 4357 τοῦ
3027 4303 3182 4369 Θεοῦ,
3221 4303 3360 4375 οὐχὶ,
3387 4301 3495 4357 ἀπὸ
3529 4301 3628 4373 τῆς
3656 4304 3876 4372 μικρᾶς

2274 4395 2476 4462 ταύτης
2509 4396 2690 4465 φωνῆς
2713 4397 2810 4468 τὴν
2841 4398 3014 4468 ἀρχὴν
3054 4397 3329 4463 λαϐόντες,
3356 4397 3698 4451 ἐπεπόλασαν
3731 4399 3872 4460 ταῖς

597 4488 773 4527 nonne
806 4475 1118 4530 Valentini?
1152 4491 1330 4532 nonne
1358 4480 1712 4535 abominanda
1747 4483 2163 4541 Mauichmorum

2280 4486 2503 4554 ψυχαῖς
2545 4487 2675 4556 Οὐχὶ
2722 4489 3078 4557 Μαρκίωνες;
3126 4490 3245 4560 οὐχὶ
3277 4489 3617 4542 Οὐαλεντῖνοι
3674 4488 3872 4542 ἐντεῦ-

595 4562 840 4628 haeresis,
877 4580 1036 4633 quam
1073 4566 1115 4619 si
1155 4565 1275 4631 quis
1321 4568 1657 4634 putrediuem
1703 4571 1930 4640 appellet
1978 4572 2163 4628 Eccle-

666 4743 708 4774 ¹⁹
740 4742 757 4793 ι
786 4741 940 4799 Juau.
978 4760 1017 4806 t,
1049 4744 1098 4796 5.
1180 4747 1222 4777 ¹⁰
1255 4746 1374 4800 Act.
1408 4761 1499 4809 xx,
1531 4744 1625 4799 99.

657 4923 768 4995 (l5)
798 4922 873 4995 lla
931 4925 1095 4995 codex
1127 4925 1370 4981 Combel’.
1419 4940 1473 4984 et
1523 4929 1610 4981 alii
1648 4944 1838 4984 novem
1873 4946 2003 4985 mss.
2033 4948 2155 4987 cum

586 4993 1420 5072 editione‘BasilLEditiou-Paris.
1479 5001 1597 5072 sola
1641 5000 1868 5072 uberius
1918 5004 2155 5072 προσγέ-

589 5083 742 5136 νηται
767 5063 1126 5140 καὶ-ὁτιοῦνγε
1162 5069 1381 5140 μᾶλλον,
1409 5079 1454 5125 ιι
1493 5071 1625 5139 ignis
1653 5078 1728 5122 est
1785 5063 2013 5140 cujusvis
2062 5063 2154 5128 ua-

590 5135 723 5188 tura:
762 5135 932 5204 potius
962 5153 1120 5204 quam
1149 5135 1468 5192 tenebrosus.

658 5205 768 5272 (14)
803 5203 998 5281 Ορόθξ
1018 5212 1315 5281 unus_vos't'v
1345 5209 1506 5281 ὑμᾶς.
1543 5210 1661 5263 Mox
1694 5224 1820 5281 mss.
1856 5226 1963 5264 nou
1995 5215 2149 5281 pauci

584 5269 812 5347 ἀόρατος
842 5269 937 5347 ἦν.
966 5275 1124 5330 Deest
1152 5273 1218 5347 ἦν
1245 5278 1295 5331 iu
1321 5269 1553 5334 editione
1586 5280 1758 5334 Paris.

655 5345 766 5421 (lli)
818 5345 1039 5421 Antiqui
1099 5345 1206 5421 tres
1263 5349 1386 5421 libri
1447 5361 1500 5403 et
1556 5351 1682 5405 editi
1727 5351 2005 5421 ἐμπόδιον.
2041 5354 2146 5409 Alii

584 5417 820 5491 quinque
847 5431 975 5491 mss.
1001 5415 1598 5491 tundato;.__Aliqttatito
1623 5432 1741 5491 post
1761 5415 1955 5477 'codcx
1988 5423 2148 5478 Com-

584 5484 694 5538 bel‘.
719 5484 988 5547 παντοίοις
1020 5484 1109 5538 καὶ
1141 5484 1430 5552 ποικίλοιςξ
1623 5484 1637 5491 ’
1877 5500 1883 5505 ’

654 5556 945 5631 (l6)_Colb.
973 5560 1182 5631 prinlus
1212 5560 1554 5631 προσαγάγῃ.
1597 5562 1746 5615 Haud
1795 5562 1951 5631 longe
1995 5565 2140 5619 Colb.

592 5623 850 5680 «ecun'dus
888 5626 1075 5688 σκότος
1097 5623 1183 5696 ἦν.
1214 5623 1593 5689 ΕὶίίιὶοῬὰἶίδ,
1644 5623 1913 5686 ἐπέκειτᾶ
1935 5634 2144 5689 ἐπάνω.

585 5695 690 5772 βαι)
745 5710 855 5772 sex)
893 5712 1024 5772 mss.
1057 5695 1129 5749 et,
1163 5714 1315 5756 sacer
1364 5711 1539 5758 textus
1590 5703 1902 5772 simpliciter
1955 5705 2145 5770 σκότος

583 5762 763 5818 ἐπάνω
797 5769 893 5838 τῆς
925 5766 1025 5819 ἁδύ
1037 5785 1180 5824 στου.

2274 4574 2396 4639 οεν;
2431 4577 2528 4647 ούχ
2555 4580 2585 4648 ἡ
2623 4576 2882 4648 βδελυκτὴ
2907 4577 3013 4630 τῶν
3043 4579 3359 4650 Μανιχαίων
3383 4578 3614 4649 αἵρεσις,
3653 4580 3716 4649 ἣν
3746 4595 3866 4650 ση-

2335 4935 2446 5005 (17)
2481 4935 2557 4990 ita
2590 4949 2681 4990 sex
2717 4950 2845 4989 mss.
2877 4935 3002 4990 editi
3058 4943 3112 4989 et
3139 4934 3274 4987 alius
3321 4937 3490 4989 codex
3519 4933 3800 4998 ἀποσκιαζ

2262 5004 2442 5076 μενον.
2486 5006 2606 5061 Mox
2644 5007 2747 5059 duo
2798 5021 2925 5060 mss.
2969 5006 3136 5058 τόπον
3185 5006 3330 5057 τινά.
3392 5004 3637 5060 Subinde
3693 5007 3857 5066 Colb.

2259 5075 2466 5146 primus
2485 5076 2858 5145 ἀντικείμενον
2889 5077 2982 5129 καὶ
3010 5075 3443 5146 ἐναντιούμενονι

2331 5147 2440 5216 (l8)
2468 5146 2613 5200 Multi
2657 5143 2785 5216 mss.
2823 5157 2878 5200 et
2925 5147 3090 5201 editio
3129 5143 3290 5200 Basili.
3340 5148 3424 5216 εἴη
3463 5143 3621 5214 φησί.
3668 5145 3856 5205 Editio

2256 5215 2431 5271 Paris.
2462 5217 2613 5286 φασί.
2667 5215 2875 5286 Notabo
2908 5219 3242 5286 praeteriens,
3290 5215 3473 5271 vocem
3531 5217 3670 5283 φασί
3725 5233 3857 5273 raro

2258 5288 2312 5341 in
2348 5285 2480 5343 mss.
2509 5285 2706 5343 nostris
2745 5286 2870 5357 legi.
2909 5285 3053 5343 Mox
3115 5287 3266 5342 Colb.
3320 5287 3529 5357 primus
3566 5288 3698 5358 παρ’
3729 5288 3858 5341 ἑτέ-

2261 5374 2356 5409 ουκ

2311 5410 2442 5497 ’(19)
2474 5427 2691 5495 Legitur
2719 5441 2933 5496 quoque
2981 5426 3241 5481 Actorum
3274 5443 3366 5490 xx,
3397 5425 3491 5497 29,
3546 5428 3598 5481 in
3652 5423 3857 5485 Graeco

2256 5496 2638 5569 λύκοιβαρεῖς,
2674 5497 2782 5566 lupi
2813 5514 3015 5567 graves,
3054 5499 3234 5564 infein
3266 5515 3284 5552 :
3319 5507 3373 5549 at
3411 5496 3462 5550 in
3493 5497 3734 5569 Vulgata
3761 5500 3852 5569 ing

2255 5566 2638 5636 terpretat'ione
2698 5583 2796 5636 pro
2850 5583 3030 5638 graves
3088 5569 3316 5632 legimus
3379 5566 3621 5638 rapaces.
3693 5566 3855 5621 Haud

2256 5639 2411 5707 longe
2456 5649 2562 5694 tres
2604 5652 2732 5694 mss.
2786 5639 3039 5707 ποίμνιον
3096 5638 3190 5691 τοῦ
3234 5637 3496 5708 Χριστοῦ.
3536 5637 3854 5708 Aliquaqu

2255 5706 2372 5777 post
2420 5724 2547 5767 mss.
2602 5709 2838 5765 nonnulli
2888 5706 2947 5761 ob
3011 5706 3376 5780 Μαρκίωνες,
3420 5709 3479 5759 οὐ
3545 5706 3851 5763 Οὑαλεντί-

2256 5795 2356 5833 νοι.
