4098 6326
183 356 248 416 37
1283 354 1569 409 HUMILIA
1607 353 1650 408 11
1691 353 1759 407 IN

1876 351 2293 409 ΞΧΑΕΜΕΙὶΟΝ.
3358 349 3429 407 38

191 479 383 533 πεδόνα
409 495 489 541 τις
511 476 617 529 τῶν
663 469 996 542 Ἐκκλησιῶν
1026 466 1334 542 προσειπὼν
1373 468 1471 537 οὐχ
1509 467 1758 539 ἁμαρτή-

1876 468 2088 530 siarum,
2134 483 2164 521 a
2199 470 2395 524 decoro
2447 481 2552 522 non
2609 464 2915 520 aberrabit?
2967 465 3105 534 Quid
3159 466 3345 536 procul
3399 483 3428 520 a

192 589 338 625 σεται
369 571 481 640 (9.0)
514 567 604 621 τοῦ
642 567 1043 638 προσήκοντοςς
1076 562 1140 615 Τί
1184 560 1399 630 μακρὰν
1441 559 1762 631 ἀποτρέχεις

187 663 282 733 τῆς
309 660 587 730 ἀληθείας,
631 655 905 725 ἄνθρωπε,
946 652 1202 724 ἀφορμὰς
1253 648 1462 720 σεαυτῷ
1509 652 1606 719 τῆς
1653 653 1762 702 ἀπ..

185 752 383 812 ωλείας
408 746 666 811 ἐπινοῶν;
697 743 924 807 Ἀπλοῦς
939 747 966 798 ὁ
983 743 1158 810 λόγος,
1177 738 1266 791 καὶ
1288 741 1451 792 πᾶσιν
1476 737 1758 808 εὔληπτος.

200 845 472 908 Ἄόματος
499 835 575 906 ἦν
605 840 642 904 ἡ
674 835 768 906 γῆ,
795 835 946 912 φησί.
976 835 1071 895 Τίς
1101 834 1134 900 ἡ
1157 830 1342 895 stitia;
1373 828 1588 899 Ἐπειδὴ
1601 831 1763 884 ἄϐυσ-

189 950 279 983 σον
327 925 471 996 εἶχεν
511 928 942 992 ἐπιπολάζουσαν
973 926 1158 994 ἑαυτῇ.
1204 922 1464 975 ’Λίὶὑσσου
1506 921 1561 974 δὲ
1590 922 1763 975 ἔννοια

184 1023 304 1087 τὶς;
337 1023 519 1096 ’Ύδωρ
562 1023 694 1076 πολὺ
728 1020 1049 1087 δυσέφικτον
1088 1016 1206 1088 ἕχον
1257 1015 1450 1072 ἑαυτοῦ
1495 1014 1552 1067 τὸ
1588 1015 1763 1086 πέρας

187 1121 281 1170 ἐπὶ
307 1119 368 1173 τὸ
400 1121 567 1174 κάτω.
618 1115 754 1168 Ἀλλ’
779 1114 1022 1182 ἔγνωμεν
1053 1113 1219 1166 πολλὰ
1248 1113 1354 1165 τῶν
1381 1109 1641 1179 σωμάτων
1671 1108 1764 1162 καί

186 1211 251 1263 δι’
279 1212 468 1274 ὓδατος
504 1209 824 1280 λεπτοτέρου
863 1208 955 1261 καὶ
986 1205 1238 1277 διαυγοῦς
1269 1202 1527 1265 πολλάκις
1552 1204 1764 1269 διαᾳαι-

188 1307 408 1376 νόμενα.
456 1301 580 1364 Πῶς
609 1297 700 1356 οὖν
731 1301 880 1353 οὐδὲν
919 1300 1080 1372 μέρος
1121 1301 1220 1368 τῆς
1245 1297 1348 1365 γῆς
1382 1295 1468 1348 διὰ
1498 1296 1605 1348 τῶν
1643 1292 1765 1346 ὑδά-

188 1415 296 1449 των
341 1394 645 1457 ἐδείκνυτο;
675 1394 796 1444 Ὅτι
835 1391 1089 1463 άλαμπὴς
1130 1390 1206 1441 ἔτι
1250 1389 1342 1442 καὶ
1384 1385 1766 1455 ὲσκοτισμένος

190 1489 304 1557 (21)
334 1481 401 1557 ἦν
426 1486 454 1537 ὁ
480 1487 615 1554 ὑπὲρ
638 1481 802 1536 αὑτοῦ
833 1483 1128 1554 κεχυμένος
1158 1480 1286 1550 ἀήρ.
1329 1481 1509 1543 Ἀκτὶς
1540 1478 1637 1547 μὲν
1658 1474 1765 1544 γὰρ

188 1578 362 1648 ἡλίου,
394 1577 458 1631 δι’
495 1576 698 1630 ὑδάτων
724 1574 1092 1643 διικνουμένη,
1118 1568 1356 1624 δείκνυσι
1388 1569 1644 1631 πολλάκις
1670 1571 1768 1634 τὰς

190 1672 247 1724 ἐν
277 1670 356 1742 τῷ
387 1669 537 1741 βάθει
561 1667 794 1738 ψηφῖδας
819 1685 831 1697 ο
867 1669 924 1718 ἐν
954 1664 1109 1717 νυκτὶ
1154 1664 1210 1717 δέ
1244 1681 1325 1726 τις
1363 1660 1553 1732 βαθείᾳ
1596 1661 1767 1715 οὐδενὶ

189 1763 255 1817 ἂν
286 1764 474 1835 τρόπῳ
503 1760 571 1814 τὰ
597 1760 699 1812 ὑπὸ
723 1761 784 1812 τὸ
825 1756 968 1828 ὕδωρ
1003 1757 1224 1810 κατίδοι.
1256 1756 1418 1808 Ὥστε
1462 1753 1556 1807 τοῦ
1599 1754 1763 1824 ἀέρα-

190 1876 282 1912 τον
317 1853 454 1908 εἶναι
487 1853 582 1925 τὴν
625 1856 728 1923 γῆν
763 1850 1263 1904 κατασκευαστικὸν
1308 1850 1421 1902 ἐστι
1462 1849 1522 1902 τὸ
1566 1849 1767 1915 ἐπαγό-

195 1965 378 2021 μενον,
421 1949 500 2000 ὅτι
522 1949 614 2000 καὶ
644 1943 878 2006 ἄϐυσσος
902 1939 1022 2014 ἦνή
1053 1943 1321 2012 ἐπέχουσα
1354 1941 1484 2014 (22),
1518 1942 1611 1996 καὶ
1631 1940 1766 2012 αὕτη

193 2039 571 2109 ἐσκοτισμένη.
619 2035 755 2089 Οὔτε
815 2030 907 2088 οὖν
945 2034 1177 2098 ἄϐυσσος
1236 2034 1516 2104 δυνάμεων
1565 2033 1767 2102 πλῆθος

195 2130 608 2201 ἀντικειμένων,
634 2128 709 2192 ῶς
749 2145 893 2191 τινες
943 2126 1376 2197 ἐςσαντάσθησαν,
1425 2125 1548 2178 οὔτε
1583 2125 1768 2189 σκότος

196 2225 400 2298 ἀρχικὴ
451 2241 533 2287 τις
566 2223 660 2276 καὶ
717 2219 928 2294 πονηρὰ
976 2220 1204 2289 δύναμις
1249 2219 1649 2291 ἁντεξαγομένη
1692 2218 1768 2290 τῷ

195 2318 403 2388 ἀγαθῷ.
441 2316 542 2370 Δύο
573 2315 681 2386 γὰρ
715 2313 1030 2379 ἐξισάζοντα
1072 2312 1321 2384 ἀλλήλοις
1364 2314 1480 2367 κατ’
1511 2312 1767 2364 ἐναντίω-

198 2429 281 2463 σιν
308 2409 580 2478 φθαρτικὰ
606 2409 756 2460 ἔσται
785 2409 1000 2470 πάντως
1029 2408 1124 2477 τῆς
1149 2405 1393 2475 ἀλλήλων
1425 2406 1734 2466 συστάσεως
1754 2419 1766 2433 ⁸

197 2497 629 2568 καὶίπρὰγματα
672 2496 782 2560 ἕξει
812 2495 1071 2566 διηνεκῶς
1107 2496 1198 2547 καὶ
1227 2492 1449 2565 παρέξει
1482 2491 1774 2555 ἀπαύστως

199 2591 337 2662 πρὸς
361 2589 563 2662 ἄλληλα
594 2588 923 2659 συνεχόμενα
948 2585 1025 2657 τῷ
1048 2585 1284 2658 πολέμῳ.
1323 2584 1438 2638 Κᾶν
1463 2583 1774 2657 ὑπερϐάλλῃ

197 2683 426 2753 δυνάμει
466 2679 572 2735 τῶν
601 2679 992 2751 ἀντικειμένων
1019 2677 1128 2748 (9.5)
1152 2676 1212 2728 τὸ
1245 2677 1452 2747 ἕτερον,
1481 2675 1775 2745 δαπανητι-

199 2774 293 2828 κὸν
327 2774 387 2837 ἐξ
412 2774 647 2836 ἅπαντος
672 2771 764 2825 τοῦ
789 2770 1151 2843 κρατηθέντος
1177 2767 1568 2837 γίνεται.”Ωστε
1597 2770 1643 2820 εί
1678 2767 1775 2838 μὲν

202 2866 489 2936 ἰσόρροπον
536 2864 749 2932 λέγουσι
786 2862 880 2916 τοῦ
925 2862 1095 2915 κακοῦ
1149 2862 1245 2934 τὴν
1286 2861 1421 2932 πρὸς
1471 2859 1531 2913 τὸ
1574 2857 1776 2928 ἀγαθὸν

199 2957 534 3019 ἐναντίωσιν,
562 2955 836 3008 ἄπαυστον
867 2954 1145 3021 εἰσάγουσι
1170 2952 1401 3021 πόλεμον
1433 2954 1526 3005 καὶ
1555 2951 1773 3022 διηνεκῆ

199 3051 296 3122 τὴν
329 3049 554 3121 φθορὰν,
582 3047 924 3121 κρατούντων
952 3047 1009 3098 ἐν
1045 3046 1198 3117 μέρει
1238 3045 1328 3098 καὶ
1361 3043 1771 3114 κρατουμένων·

200 3143 333 3196 εἰδὲ
374 3142 630 3213 ὑπερέχει
675 3140 901 3212 δυνάμει
946 3138 1004 3192 τὸ
1035 3136 1256 3207 ἀγαθὸν,
1305 3136 1388 3199 τίς
1428 3137 1459 3206 ἡ
1499 3135 1643 3187 αίτία
1681 3134 1774 3186 τοῦ

198 3235 296 3307 τὴν
337 3234 500 3306 φύσιν
543 3233 636 3288 τοῦ
674 3235 843 3288 κακοῦ
895 3232 968 3303 μὴ
1009 3228 1288 3293 παντελῶς
1324 3227 1664 3301 ἀνῃρῆσθαις
1711 3227 1775 3279 Ei

199 3327 276 3391 δὲ,
309 3328 337 3379 ὃ
372 3328 447 3398 μὴ
483 3326 592 3396 (24)
624 3325 783 3395 θέμις
823 3325 1016 3383 είπεῖν,
1061 3321 1324 3392 θαυμάζω
1352 3320 1468 3383 πῶς
1494 3319 1614 3390 οὑχ).
1648 3317 1777 3388 φεύ-

201 3433 386 3485 γουσιν
415 3416 566 3468 αὐτοὶ
593 3415 818 3476 ἐαυτους
846 3413 978 3481 πρὸς
1007 3411 1180 3475 οὕτως
1214 3411 1505 3481 ἀθεμίτους
1534 3410 1776 3480 βλασφη-

204 3508 331 3577 μίας
366 3506 780 3577 ὑποφερόμενοι.
826 3504 901 3556 Οὐ
959 3501 1063 3574 μὴν
1094 3502 1213 3554 οὑδὲ
1245 3502 1395 3572 παρὰ
1431 3501 1564 3554 Θεοῦ
1588 3502 1647 3553 τὸ
1679 3517 1778 3554 κα-

201 3601 293 3653 κὸν
322 3601 422 3671 τὴν
457 3599 665 3668 γένεσιν
691 3598 835 3668 ἔχειν
864 3595 1086 3657 εὐσεϐές
1108 3596 1222 3648 ἐστι
1257 3593 1454 3662 λέγειν,
1484 3593 1569 3646 διὰ
1592 3593 1650 3646 τὸ
1686 3610 1779 3664 μη-

199 3692 284 3745 δὲν
318 3691 428 3745 τῶν
467 3689 725 3744 ἐναντίων
759 3687 911 3759 παρὰ
940 3685 1035 3740 τοῦ
1071 3686 1314 3739 ἐναντίου
1343 3683 1605 3754 γίνεσθαι.
1640 3681 1777 3736 Οὔτε

201 3783 308 3855 γὰρ
342 3785 376 3855 ἡ
399 3781 512 3854 ζωὴ
539 3782 766 3836 θάνατον
789 3780 973 3850 γεννᾷ,
1003 3778 1125 3832 οὔτε
1149 3777 1208 3831 τὸ
1239 3776 1425 3840 σκότος
1443 3775 1618 3844 φωτός
1633 3777 1777 3828 ἐστιν

203 3875 364 3946 ἁρχὴ.
397 3874 522 3927 οὕτε
559 3875 592 3944 ὴ
631 3872 783 3935 νόσος
819 3871 1033 3940 ὑγιείας
1065 3867 1416 3940 δημιουργὸς,
1449 3866 1562 3920 ἀλλ’
1589 3868 1645 3918 ἐν
1682 3866 1779 3936 μὲν

202 3969 316 4029 ταῖς
352 3965 673 4036 μεταϐολαῖς
702 3963 807 4017 τῶν
835 3962 1128 4016 διαθέσεων
1149 3962 1213 4013 ἐκ
1238 3961 1344 4012 τῶν
1371 3959 1622 4011 ἐναντίων
1647 3957 1781 4028 πρὸς

202 4057 264 4110 τὰ
298 4055 518 4110 ἐναντία
548 4056 603 4107 αἱ
639 4055 995 4126 μεταστάσεις
1019 4071 1031 4082 ·
1067 4053 1124 4105 ἐν
1152 4051 1207 4105 δὲ
1237 4054 1354 4115 ταῖς
1377 4049 1653 4118 γενέσεσιν
1682 4048 1781 4102 οὑκ

202 4153 262 4202 ἐκ
286 4150 395 4203 τῶν
428 4148 708 4212 ἐναντίων,
745 4145 857 4200 ἀλλ’
884 4148 949 4198 ὲκ
977 4145 1084 4199 τῶν
1117 4142 1391 4214 ὁμογενῶν
1421 4143 1645 4195 ’ἑκαστον
1674 4139 1780 4193 τῶν

201 4242 503 4312 γινομένων
559 4239 906 4312 προέρχεται.
954 4238 1016 4290 Εἰ
1060 4235 1261 4299 τοίνυν,
1296 4237 1427 4305 φησι
1461 4233 1595 4304 (25),
1644 4233 1782 4304 μήτε

202 4335 517 4404 ἀγέννητον,
566 4331 719 4405 παρὰ
748 4330 884 4386 Θεοῦ
926 4330 1168 4400 γεγονὸς,
1215 4329 1377 4383 πόθεν
1409 4328 1519 4399 ἔχει
1558 4327 1654 4399 τὴν
1683 4326 1783 4396 φύ-

206 4445 284 4480 σιν
309 4444 323 4492 ;
350 4427 427 4479 Τὸ
456 4426 564 4497 γὰρ
586 4421 723 4479 εἶναι
755 4424 825 4478 τὰ
860 4423 1006 4477 κακὰ
1032 4422 1204 4486 οὐδεὶς
1236 4423 1454 4493 ἀντερεῖ
1476 4419 1582 4473 τῶν
1619 4436 1780 4490 μετε-

1816 624 1822 628 ,
1863 561 2098 615 veritate
2139 561 2369 624 recedis,
2399 577 2434 616 ο
2458 561 2641 623 homo,
2666 559 2761 612 tibi
2800 559 2896 628 ipsi
2926 558 3074 613 exitii
3106 570 3299 613 causas
3337 575 3432 612 ex-

1865 649 2151 720 cogitans?
2182 647 2418 718 Simplex
2462 662 2544 705 est
2580 648 2770 715 dictio,
2799 657 2851 702 et
2887 648 2954 702 ab
2996 650 3245 704 omnibus
3283 663 3433 703 com-

1865 740 2126 809 prehendi
2158 739 2315 795 facile
2337 749 2535 806 potest.
2566 742 2719 808 Erat,
2755 741 2946 810 inquit,
2974 741 3248 795 invisibilia
3274 750 3437 796 terra.

1867 831 2126 898 Quasnam
2174 840 2257 885 est
2307 830 2511 885 causa?
2546 830 2679 896 Quia
2723 829 3108 888 circumfusam
3142 831 3241 885 sibi
3277 835 3438 902 abys-

1867 939 1987 978 sum
2041 922 2293 978 habebat.
2339 923 2476 992 Quid
2513 934 2692 976 autem
2738 929 2964 998 abyssus
3003 925 3305 994 significat?
3331 924 3440 978 Co-

1866 1019 2073 1087 piosam
2127 1031 2365 1085 aquam,
2418 1015 2575 1085 cujus
2629 1015 2825 1072 fundus
2874 1021 2963 1074 vix
3019 1028 3196 1092 potest
3248 1018 3440 1087 attingi

1867 1112 2120 1166 deorsum
2157 1125 2364 1165 versus.
2408 1113 2479 1166 At
2521 1109 2795 1178 complura
2836 1125 3058 1181 corpora
3089 1128 3187 1182 per
3225 1122 3438 1167 tenuem

1867 1210 1923 1255 et
1967 1200 2388 1256 transluceutem
2450 1217 2647 1272 aquam
2698 1202 2899 1256 scimus
2945 1216 3049 1255 non
3089 1219 3210 1256 raro
3245 1202 3437 1259 videri.

1873 1293 1976 1364 16
2008 1291 2290 1358 Quomodo
2324 1292 2489 1361 igitur
2513 1293 2656 1347 nulla
2691 1301 2850 1347 terrae
2873 1307 3000 1363 pars
3025 1293 3124 1348 sub
3165 1303 3439 1362 aspectum

1868 1388 2096 1440 cadebat
2147 1402 2239 1455 per
2293 1386 2498 1455 aquas?
2528 1387 2661 1453 Quia
2707 1385 2910 1442 ell‘usus
2957 1400 3120 1456 super
3163 1400 3283 1440 eam
3322 1399 3438 1450 aer,

1869 1478 2130 1531 obscurus
2173 1477 2351 1532 adlmc
2405 1488 2546 1544 erat,
2579 1489 2631 1533 et
2683 1480 2919 1535 tenebris
2969 1479 3254 1534 obductus.
3305 1479 3425 1534 Nar

1870 1569 1998 1624 solis
2037 1569 2218 1624 radius
2260 1584 2383 1624 cum
2432 1586 2530 1640 per
2576 1585 2746 1640 aquas
2780 1582 3045 1640 penetrat,
3076 1586 3216 1640 saepe
3250 1571 3302 1624 in
3333 1571 3444 1624 iw;

1871 1662 2083 1732 gurgite
2113 1661 2351 1717 calculos
2375 1664 2645 1728 ostendit;
2680 1673 2736 1718 at
2760 1679 2887 1718 vero
2917 1665 2966 1718 in
2999 1664 3259 1735 profunda
3287 1675 3446 1719 nocte

1873 1770 2031 1807 Itetuo
2078 1768 2141 1807 ea
2183 1769 2303 1823 quae
2341 1753 2440 1808 sub
2485 1769 2622 1824 aqua
2651 1763 2795 1820 sunt,
2822 1754 2928 1809 ullo
2953 1766 3108 1824 pacto
3136 1757 3318 1810 videre
3349 1770 3446 1825 po-

1874 1855 1998 1899 test.
2036 1847 2220 1914 Itaque
2254 1848 2303 1902 id
2333 1849 2478 1918 quod
2514 1849 2882 1920 subjungitur,
2914 1849 3140 1919 abyssus
3167 1848 3446 1904 incumbe-

1873 1937 1978 1998 b‘at,
2017 1948 2070 1991 et
2100 1953 2160 1991 ea
2205 1949 2321 1992 erat
2371 1942 2610 1996 tenebris
2659 1941 2910 2008 obducta,
2950 1941 3001 1995 in
3045 1955 3206 1997 causa
3241 1949 3323 1996 est
3350 1956 3447 1995 cur

1877 2038 2016 2084 terra
2053 2029 2216 2084 fuerit
2246 2029 2552 2085 invisibilis.
2586 2030 2770 2100 Neque
2798 2034 2961 2102 igitur
2991 2034 3219 2104 abyssus
3252 2032 3446 2086 advero

1875 2122 2142 2176 sariarum
2171 2132 2499 2193 potestatum
2527 2134 2612 2180 est
2641 2125 2945 2192 multitudo,
2972 2136 3029 2181 ut
3059 2126 3278 2197 quidam
3309 2126 3447 2180 ima-

1876 2216 2042 2286 giuati
2084 2225 2211 2270 sunt
2244 2233 2258 2270 :
2295 2231 2470 2287 neque
2522 2217 2756 2274 tenebrae
2797 2229 2922 2274 sunt
2953 2218 3266 2291 principalis
3298 2233 3448 2290 que-

1877 2311 1997 2364 dam
2043 2325 2106 2363 ac
2153 2309 2293 2363 mala
2343 2313 2606 2380 potentia,
2649 2313 2788 2366 bono
2831 2313 3094 2382 opposita.
3138 2312 3252 2368 Duo
3300 2311 3446 2367 enim

1884 2405 2024 2456 inter
2071 2416 2130 2457 se
2177 2402 2562 2458 contrarietate
2601 2403 2752 2472 paria
2797 2412 2980 2458 mutuo
3014 2419 3164 2458 suam
3198 2415 3446 2458 naturam

1875 2496 2189 2560 destruent;
2239 2509 2302 2548 ac
2343 2494 2714 2550 indesinenter
2741 2497 2978 2565 capient,
3009 2494 3447 2566 exhibebuntque

1876 2583 2168 2650 molestias,
2201 2585 2315 2656 jugi
2363 2586 2506 2642 i'nter
2536 2600 2595 2641 se
2650 2585 2793 2640 bello
2847 2586 3142 2656 implicata.
3195 2585 3349 2653 Quod
3402 2587 3446 2640 si

1877 2677 2276 2732 adversantium
2304 2676 2537 2732 alterum
2563 2677 2720 2733 alteri
2746 2678 2951 2735 viribus
2981 2689 3223 2750 praestet,
3245 2680 3446 2734 victum

1877 2769 2096 2820 omnino
2127 2769 2382 2825 absumit.
2413 2769 2527 2838 Qua
2541 2786 2596 2826 re
2624 2773 2666 2826 si
2697 2773 2822 2826 mali
2858 2773 3295 2826 contrarietatem
3325 2787 3446 2825 cum

1879 2855 2019 2910 bono
2058 2858 2390 2927 atquilibrem
2450 2875 2572 2914 csse
2620 2863 2834 2925 dicant,
2889 2861 3202 2914 continuum
3251 2860 3446 2915 bellum

1880 2958 2302 3020 perpetuamque
2336 2952 2738 3022 corruptionem
2782 2953 3072 3018 inducunt;
3109 2954 3446 3024 quandoqui-

1878 3041 1997 3095 dem
2053 3043 2248 3111 partim
2298 3043 2559 3106 vincunt,
2618 3044 2812 3113 partim
2862 3044 3169 3110 vincuntur.
3232 3044 3350 3099 Jam
3400 3046 3450 3100 si

1881 3134 2083 3188 viribus
2112 3133 2386 3204 praepollet
2413 3134 2648 3201 bonum;
2683 3138 2809 3207 quid
2842 3137 2940 3191 fuit
2971 3153 3168 3201 causze,
3198 3152 3298 3193 cur
3325 3137 3448 3191 mali

1882 3235 2070 3279 natura
2112 3241 2216 3279 non
2267 3226 2503 3281 funditus
2536 3228 2747 3282 sublata
2795 3229 2905 3283 sit?
2949 3229 3043 3283 Sin
3093 3229 3270 3293 aliter,
3306 3231 3448 3298 quod

1881 3334 1986 3376 non
2021 3318 2142 3372 licet
2169 3319 2370 3379 dicere.
2400 3321 2568 3374 miror
2603 3321 2873 3391 quomodo
2909 3338 2966 3376 se
2991 3322 3088 3392 ipsi
3113 3338 3218 3377 non
3255 3323 3452 3378 abhor-

1883 3420 2055 3472 reaut,
2089 3413 2154 3464 ad
2194 3422 2298 3466 tam
2337 3411 2566 3468 nefanda
2597 3413 2876 3469 maledicta
2909 3414 3128 3484 delapsi.
3169 3417 3236 3471 At
3281 3432 3452 3487 neque

1882 3504 2078 3555 malum
2116 3519 2144 3557 a
2184 3502 2290 3558 Deo
2325 3516 2640 3574 generatqu
2676 3521 2818 3571 esse,
2851 3507 3029 3562 dicere
3062 3508 3143 3562 l'as
3181 3518 3285 3574 est,
3325 3525 3450 3579 pro-

1879 3603 2062 3664 pterea
2113 3597 2252 3662 quod
2294 3597 2496 3651 nullum
2536 3599 2867 3653 contrarium
2902 3615 2931 3652 a
2968 3599 3236 3653 contrario
3266 3600 3453 3669 gigna-

1881 3698 1987 3742 tur.
2020 3687 2205 3757 Neque
2239 3688 2383 3743 enim
2419 3690 2527 3742 vita
2561 3700 2787 3746 mortem
2817 3703 3056 3760 generat,
3095 3705 3270 3760 neque
3305 3698 3454 3744 tene-

1881 3780 1989 3834 bra:
2036 3781 2170 3835 lucis
2218 3782 2542 3852 principium
2594 3792 2739 3847 sunt,
2787 3798 2960 3852 neque
3008 3784 3228 3838 morbus
3273 3785 3454 3852 opifex

1879 3885 1960 3926 est
1997 3875 2247 3929 sanitatis
2282 3895 2293 3929 :
2329 3875 2422 3929 sed
2467 3875 2518 3928 in
2553 3873 2897 3928 aﬂ’ectionum
2925 3874 3456 3945 commutationibus,

1879 3980 1909 4018 e
1936 3967 2225 4019 contrariis
2254 3969 2320 4018 ad
2358 3967 2628 4019 contraria
2674 3966 2808 4019 fiunt
2857 3965 3202 4023 transitiones
3236 3987 3247 4021 :
3282 3967 3334 4021 in
3369 3981 3458 4037 ge-

1881 4055 2255 4110 nerationibus
2302 4070 2452 4123 vero,
2495 4071 2581 4112 res
2626 4058 2851 4128 singulas
2892 4072 3011 4127 qua:
3045 4058 3200 4122 ﬁunt,
3233 4044 3336 4113 non
3386 4073 3455 4113 ex

1880 4147 2192 4210 contrariis,
2216 4145 2309 4202 sed
2354 4163 2419 4202 ex
2464 4150 2854 4218 congeneribus
2893 4151 3281 4217 producuntur.
3324 4150 3457 4206 Pro-

1882 4237 2028 4304 inde,
2058 4238 2327 4308 inquiunt,
2353 4241 2397 4294 si
2431 4256 2603 4312 neque
2647 4241 2946 4311 ingenitum
2986 4253 3067 4296 est
3105 4242 3328 4308 malum,
3360 4259 3453 4298 ue-

1883 4346 1987 4398 que
2030 4346 2061 4385 a
2109 4332 2220 4386 Deo
2269 4333 2534 4402 genitum,
2585 4332 2726 4388 unde
2773 4322 3024 4388 naturam
3079 4333 3281 4389 habet?
3314 4333 3451 4388 Nam

1893 4423 2031 4478 mala
2063 4439 2183 4480 esse
2213 4440 2371 4480 nemo
2400 4425 2523 4479 vitae
2557 4425 2825 4495 particeps
2856 4425 3150 4496 negaverit.
3183 4423 3320 4491 Quid
3352 4425 3455 4494 igi-

206 4523 404 4590 χόντων
439 4517 534 4572 τοῦ
567 4516 705 4586 βίου.
735 4517 801 4570 Τί
819 4513 911 4570 οὖν
934 4532 1152 4587 φαμεν;
1183 4515 1305 4567 Ὅτι
1337 4514 1398 4567 τὸ
1437 4512 1602 4566 κακόν
1636 4513 1771 4565 ἐστιν

1886 4524 1973 4569 tur
2001 4515 2272 4572 dicimus?
2306 4516 2502 4570 Malum
2548 4517 2761 4572 scilicet
2803 4532 2910 4570 non
2944 4515 3302 4571 substantiam
3334 4530 3456 4570 esse

205 4613 320 4684 saxi.
350 4609 511 4665 οὑσία
546 4605 696 4673 ζῶσα
725 4607 820 4674 καὶ
862 4605 1124 4677 ἔμψυχος,
1154 4603 1290 4658 ἀλλὰ
1315 4603 1552 4684 διάθεσις
1582 4604 1639 4656 ὲν
1677 4601 1776 4671 ψυ-

206 4666 298 4775 mh
311 4666 572 4765 ἐναντίως
596 4671 793 4770 ἔχουσα
842 4666 976 4770 πρὸς
1279 4697 1364 4748 δια
1395 4697 1489 4767 τὴν
1516 4666 1644 4749 ΧἹὶτιεὸ
1680 4666 1774 4747 τοῦ

209 4795 366 4848 καλοῦ
403 4795 716 4848 ἀπόπτωσιν
743 4793 855 4854 τοῖς
887 4787 1147 4861 ῥᾳθύμοις
1177 4786 1520 4858 ἐγγινομένη.

273 4888 325 4942 5.
354 4886 451 4955 Μὴ
478 4884 652 4938 τοίνυν
685 4881 880 4948 ἔξωθεν
924 4879 985 4932 τὸ
1038 4879 1205 4933 κακὸν
1248 4877 1592 4951 περισκόπει,
1645 4875 1777 4946 μηδὲ

273 5087 388 5159 (‘20)
418 5089 640 5159 A_ntiqui
687 5097 795 5143 tres
820 5087 939 5142 libri
972 5088 1370 5159 ἁμαρτήσεται.
1397 5086 1548 5159 ΔΕᾱίιί
1591 5087 1770 5159 ἁμαρ-

206 5155 377 5230 τήσει.
435 5155 586 5230 Colb}
636 5160 840 5230 primus
886 5155 1194 5230 ἁμαρτήσει
1224 5156 1360 5230 ᾲτοῦ,
1391 5155 1772 5230 δέοντος.’Μὸι

206 5225 350 5283 (ιὸιι).
372 5225 666 5300 secundus,
697 5225 952 5300 ἀφορμὰς
978 5225 1160 5300 σαυτῷ
1186 5228 1284 5299 τῆς
1339 5225 1613 5291 ἀσεϐείας,
1673 5231 1775 5280 im-

206 5301 410 5360 pietatis
448 5299 763 5352 occasiones.

274 5368 660 5440 (2l)_Vet_eres
725 5369 828 5423 duo
891 5368 1013 5425 libri
1073 5367 1533 5440 διεσκοτισμένος.
1573 5365 1774 5421 Ibidem

209 5437 375 5494 editio
410 5437 576 5493 Basil.
612 5446 667 5492 et
700 5446 929 5508 quatuor
985 5454 1116 5495 mss.
1165 5439 1317 5508 Regii
1355 5437 1478 5492 cum
1540 5449 1770 5504 utroque

209 5509 350 5579 Colb.
381 5512 412 5564 ὁ
448 5509 587 5579 ὑπὲρ
625 5507 788 5562 αὑτοῦ
814 5524 827 5538 ·
876 5524 996 5579 qum
1024 5525 1125 5563 vox
1170 5507 1332 5563 αὑτοῦ
1375 5510 1563 5563 referri
1596 5517 1771 5579 potest

212 5525 350 5564 ωιυ.
381 5525 412 5564 ο
448 5525 548 5563 υπε
625 5525 788 5562 αυτου
814 5525 827 5538 ·
876 5525 996 5579 qum
1024 5525 1125 5563 vox
1170 5527 1332 5563 αυτου
1375 5525 1563 5563 reterrt
1596 5525 1771 5576 potesr

212 5578 274 5651 ad
301 5595 485 5634 vocem
510 5525 675 5651 ὖὲυρ,
707 5593 825 5651 quae
850 5581 1009 5651 paulo
1040 5591 1164 5633 ante
1193 5581 1407 5651 legitur.
1448 5580 1621 5633 Editio
1668 5577 1772 5651 Pa-

214 5648 298 5703 ris.
326 5651 522 5720 οὑπὲρ
549 5648 739 5719 αὐτῆς.
762 5649 1113 5720 arbitramur
1156 5659 1332 5703 autem
1396 5649 1485 5720 it_a_
1513 5650 1771 5703 emenda-

213 5723 324 5801 ltn_
346 5716 414 5801 ab
443 5716 648 5801 aliquo,
678 5716 785 5801 qui.
806 5717 905 5798 sibi
931 5717 1066 5801 falso
1098 5716 1458 5801 persuasissel
1515 5734 1768 5801 necessa-

217 5788 289 5842 rio
312 5789 410 5860 legi
437 5787 693 5860 oportere
728 5787 919 5857 αὑτῆς,
946 5787 1132 5844 utl‘u'c
1167 5803 1457 5856 pronomen
1496 5789 1561 5843 ad
1583 5803 1766 5843 vocem

1885 4606 2177 4672 viventem,
2208 4616 2302 4661 aut
2349 4607 2644 4662 animatam
2683 4609 2825 4664 ιερὰ
2876 4609 3072 4663 animae
3114 4605 3453 4663 affectionem

1882 4694 2071 4747 virtuti
2103 4694 2458 4758 contrariam,
2487 4697 2773 4751 desidiosis
2811 4712 2874 4750 ac
2899 4697 3178 4763 inertibus,
3208 4706 3456 4768 propter-

1883 4800 1944 4839 ea
1972 4787 2115 4854 quod
2145 4800 2173 4838 a
2210 4785 2348 4841 bono
2379 4788 2714 4854 deciderunt,
2750 4791 2993 4846 inditam.

1955 4876 2009 4930 5.
2052 4875 2244 4930 Malum
2303 4879 2480 4948 itaque
2539 4881 2837 4936 forinsecus
2895 4897 2960 4936 ne
3021 4883 3452 4952 circumspicias,

1878 5089 1947 5160 γῆ
1979 5090 2289 5146 referretur.
2325 5089 2491 5145 Paulo
2524 5089 2662 5144 infra
2693 5091 2935 5161 quinque
2963 5105 3092 5144 mss.
3127 5091 3284 5163 ἡλίου
3335 5092 3454 5146 ὑδά-

1874 5176 2062 5352 ῐωέέ-ὶ)
2118 5231 2257 5287 Editi
2319 5228 2386 5304 ἦν
2456 5231 2746 5303 ἐπέχουσα.
2810 5228 2881 5282 At
2939 5245 3068 5285 mss.
3127 5247 3218 5287 sex
3274 5235 3308 5304 ἡ
3357 5234 3458 5287 ιπ.

1911 5316 2096 5352 νουσα.

1911 5316 2269 5444 ξῗξΞῗΙἘιΙὶιίο
2322 5373 2496 5427 Paris.
2527 5372 2622 5444 τοῦ
2673 5372 3070 5444 ἀντικειμένου.
3102 5373 3292 5444 Ειιὶιὶοᾼ
3328 5387 3456 5425 vero

1885 5437 2054 5495 Basil.
2073 5453 2126 5514 et
2160 5443 2331 5497 codex
2379 5443 2622 5498 Combef.
2667 5459 2786 5514 cum
2824 5437 2944 5498 aliis
2978 5455 3185 5514 septem
3227 5442 3336 5496 τῶν
3363 5447 3458 5496 άν-

1883 5513 2225 5585 τικειμένων.
2263 5514 2415 5570 Colit.
2451 5514 2653 5582 primus
2684 5513 2762 5585 τῷ
2790 5513 3172 5585 ἀντικειμένῳ.

1951 5582 2062 5656 (ἓξ)
2097 5586 2154 5656 in
2188 5601 2315 5637 mss.
2352 5600 2455 5638 non
2491 5586 2673 5653 paucis
2705 5582 2946 5656 legitur-6
2976 5582 3133 5656 μηδὲζ

1954 5653 2066 5773 (ξδ)
2102 5652 2178 5709 lla
2210 5672 2340 5710 mss.
2400 5652 2522 5710 cum
2569 5656 2804 5711 editione
2839 5652 3007 5712 Basil.
3039 5652 3248 5711 'Editio
3280 5654 3452 5712 Paris.

1879 5738 1988 5790 φασ
2018 5760 2030 5777 .
