4060 6316
597 351 662 405 59
1945 344 1998 398 S.
2045 345 2191 398 BASl

2326 343 2535 396 MAGNI
3797 342 3869 397 40

599 485 735 523 neve
778 469 1157 539 primigeniam
1196 467 1482 536 quamdam
1530 467 1875 538 malignitatis
1922 474 2168 520 naturam

2301 461 2567 534 ιρχέγονόν
2605 478 2722 514 τινα
2757 458 2916 527 φύσιν
2957 461 3216 532 πονηρίας
3253 456 3362 526 (26)
3389 457 3697 526 φαντάζου·
3731 457 3872 509 ἀλλὰ

600 561 1018 614 comminiscarc
1053 577 1065 611 :
1110 560 1202 612 sed
1243 573 1352 612 sua!
1392 560 1622 629 quisque
1657 557 1875 612 malitiae
1907 572 1962 611 se
2000 555 2170 624 ipsum

600 661 860 721 agnoscat
895 661 1188 705 auctorem.
1228 652 1359 705 Nam
1397 666 1610 721 semper
1647 665 1833 705 eorum
1870 665 1986 719 qua:
2019 649 2172 713 fittnt,

604 743 708 797 alia
734 742 949 812 quidem
987 757 1015 795 a
1049 752 1237 796 natura
1274 743 1425 796 nobis
1463 744 1805 811 contingunt,
1835 751 1892 795 ut
1928 749 2176 795 senectus

604 845 660 890 et
714 836 1054 890 inllrtnitates
1091 853 1104 889 :
1142 835 1243 888 alia
1296 849 1425 888 vero
1474 849 1502 888 a
1543 848 1692 898 casu,
1735 841 1862 901 puta
1916 833 2176 900 inopinati

607 929 961 996 quarumdam
996 943 1175 982 rerum
1207 939 1349 996 saepe
1386 928 1645 989 tristium,
1676 933 1772 980 aut
1817 927 1978 979 etiam
2030 923 2176 976 laua-

605 1034 725 1076 rum
778 1027 1025 1084 eventus,
1066 1035 1129 1074 ex
1181 1017 1374 1074 alienis
1433 1017 1713 1088 principiis
1775 1017 2175 1070 adnascenles:

605 1115 752 1167 velut
801 1124 1019 1184 puteum
1082 1111 1330 1177 fodienti,
1379 1110 1616 1165 thesauri
1673 1109 1930 1173 inventio,
1973 1117 2067 1163 aut
2113 1109 2180 1163 ad

609 1205 782 1260 forum
849 1205 1252 1274 progredienti,
1317 1203 1486 1257 rabidi
1537 1203 1690 1258 canis
1740 1217 2027 1265 occursus;
2079 1201 2180 1255 alia

609 1300 822 1354 tandem
868 1300 920 1352 in
970 1309 1154 1354 nostra
1189 1305 1456 1368 potestate
1483 1305 1535 1350 et
1565 1295 1793 1351 arbitrio
1822 1304 1947 1350 sunt
1982 1296 2180 1364 posita,

609 1405 664 1449 nt
717 1396 1041 1466 cupiditates
1095 1408 1375 1462 superare,
1414 1401 1508 1445 aut
1557 1391 1922 1460 voluptatibus
1963 1391 2181 1446 modum

609 1503 712 1542 non
750 1503 950 1554 ponere
991 1507 1000 1540 :
1036 1485 1182 1540 velut
1217 1485 1354 1538 iram
1399 1483 1702 1547 continere,
1734 1481 1816 1536 vel
1846 1481 1902 1535 in
1937 1495 2057 1535 eum
2093 1483 2182 1552 qui

610 1579 805 1649 injuria
858 1577 1174 1642 lacessivit,
1226 1591 1446 1631 manum
1498 1577 1721 1647 injicere
1759 1594 1771 1628 :
1809 1576 1937 1630 item
1996 1589 2186 1630 verum

608 1670 787 1724 dicere
828 1679 920 1723 aut
970 1669 1188 1723 mentiri
1231 1687 1244 1724 :
1279 1678 1620 1724 mansuetum
1671 1669 1912 1723 moribus
1968 1683 2088 1723 esse
2130 1675 2188 1722 et

611 1763 978 1828 moderatum,
1013 1773 1106 1817 aut
1137 1761 1400 1815 tumidum
1431 1771 1484 1816 et
1512 1761 1764 1831 superbia
1796 1760 2018 1816 elatum.
2052 1759 2188 1827 Quo-

2275 554 2373 624 τῆς
2405 558 2460 606 ἐν
2495 552 2673 622 ἐαυτῷ
2720 551 2914 613 κακίας
2946 551 3172 616 ἕκαστος
3212 549 3400 604 ἑαυτὸν
3446 549 3692 620 ἀρχηγὸν
3728 565 3872 615 γνωο

2279 646 2494 718 ριζέτω.
2546 645 2655 696 Ἀεὶ
2683 645 2790 716 γὰρ
2831 643 2938 696 τῶν
2971 648 3271 714 γινομένων
3304 643 3370 698 τὰ
3415 643 3510 713 μὲν
3548 647 3612 696 ἐκ
3649 643 3872 712 φύσεως

2278 741 2407 810 ἡμῖν
2438 738 2759 806 ἐπιγίνεται,
2797 735 2906 793 οἷον
2951 741 3128 811 γῆρας
3177 745 3272 795 καὶ
3314 740 3589 796 ἀσθένειαι
3627 742 3767 810 (‘27),
3803 737 3875 790 τὰ

2278 833 2332 884 δὲ
2357 833 2464 884 ἀπὸ
2490 835 2852 902 ταυτομὰτου,
2883 829 2992 886 οἷον
3022 834 3077 885 αἱ
3111 833 3293 901 ἄλογοι
3321 832 3689 908 περιπτώσεις
3720 834 3877 888 dno-

2279 929 2456 1001 τρίαις
2502 932 2697 1004 ἀρχαῖς
2755 931 3264 1001 ἐπισυμὸαίνουσαι,
3331 929 3672 1004 σκυθρωπῶν
3714 946 3878 984 τινων

2283 1022 2612 1091 πολλάκιςῆ
2664 1023 2757 1074 καὶ
2803 1024 2911 1076 τῶν
2967 1021 3373 1094 φαιδροτέρωψ
3426 1025 3500 1086 ὡς
3552 1018 3631 1090 τῷ
3693 1023 3877 1092 φρέαρ

2283 1120 2564 1188 ὀρύσσοντι
2599 1116 2631 1184 ἡ
2677 1115 2769 1168 τοῦ
2809 1117 3084 1186 θησαυροῦ
3137 1115 3373 1188 εὕρεσις.
3410 1117 3442 1187 ἦ
3486 1117 3564 1188 τῷ
3599 1114 3740 1186 πρὸς
3780 1117 3880 1185 τὴν

2283 1210 2488 1280 ἀγορὰν
2523 1210 2839 1282 ὡρμημένῳ
2872 1212 2904 1280 ἡ
2930 1210 3022 1262 τοῦ
3050 1210 3354 1273 λυσσῶντος
3401 1214 3561 1276 κυνὸς
3593 1209 3836 1272 ἔντευξις
3864 1229 3878 1240 ο

2285 1305 2350 1357 τὰ
2384 1303 2438 1356 δὲ
2475 1303 2556 1372 ἐφ’
2598 1305 2729 1374 ἡμῖν
2766 1303 3046 1373 τυγχάνει,
3086 1304 3160 1367 ὡς
3200 1305 3262 1357 τὸ
3309 1305 3584 1375 κρατῆσαι
3625 1304 3736 1358 τῶν
3765 1304 3884 1354 ἐπι-

2286 1395 2516 1466 θυμιῶν,
2551 1397 2583 1468 ἢ
2629 1397 2703 1469 μὴ
2751 1397 2975 1450 κολάσαι
3000 1395 3097 1456 τὰς
3130 1397 3348 1467 ἡδονάς·
3382 1397 3457 1459 ὡς
3485 1399 3546 1450 τὸ
3584 1395 3884 1464 κατασχεῖν

2286 1487 2543 1559 ὀργῆς,ἢ
2596 1493 2782 1560 χεῖρας
2840 1489 3131 1555 ἐπαφεῖναι
3173 1487 3252 1558 τῷ
3291 1486 3653 1558 παροξύναντι
3681 1506 3693 1517 ·
3748 1485 3885 1554 ἁλη-

2288 1578 2486 1645 θεύειν,
2529 1578 2561 1650 ἢ
2595 1577 2916 1648 ψεύδεσθαι·
2956 1576 3174 1646 ἐπιεικῆ
3209 1579 3271 1632 τὸ
3303 1575 3433 1650 ἦθος
3464 1571 3606 1629 εἶναι
3652 1577 3746 1630 καὶ
3779 1575 3883 1646 μέ-

2286 1689 2456 1744 τριον,
2487 1672 2520 1742 ἢ
2559 1671 2867 1741 ὑπέρογκον
2900 1670 2995 1722 καὶ
3041 1668 3380 1733 ἀλαζονείαις
3419 1669 3880 1738 ὑπεραιρόμενον.

2290 1757 2391 1819 Ὧν
2417 1765 2592 1819 τοίνυν
2616 1764 2778 1827 αὑτὸς
2809 1759 2859 1817 εἷ
2883 1764 3089 1836 κύριος,
3122 1764 3328 1819 τούτων
3355 1764 3450 1828 τὰς
3481 1761 3655 1835 ἀρχὰς
3684 1761 3756 1832 μὴ
3782 1761 3884 1830 ζη-

612 1869 730 1907 rum
781 1855 963 1923 itaque
1018 1861 1070 1906 tu
1121 1853 1236 1922 ipse
1279 1853 1530 1906 dominus
1563 1867 1643 1915 es,
1681 1865 1812 1906 cave
1845 1866 2052 1920 quaeras
2092 1849 2188 1903 ho-

2301 1861 2464 1932 τήσῃς
2494 1855 2602 1927 (28)
2640 1854 2924 1926 ἑτέρωθεν,
2950 1829 3085 1909 ἀλλὰ
3113 1855 3348 1928 γνώριζε
3381 1856 3440 1908 τὸ
3478 1829 3695 1926 κυρίως
3714 1829 3886 1906 κακον

615 1959 732 1997 rum
780 1944 1044 2014 principia
1091 1944 1191 2013 17
1248 1943 1464 1997 aliunde
1505 1956 1521 1995 :
1562 1941 1657 1997 sed
1714 1943 1912 1996 malum
1975 1939 2189 2010 proprie

611 2037 816 2089 dictum
870 2036 1086 2089 noveris
1145 2053 1173 2088 a
1226 2035 1544 2089 voluntariis
1599 2035 1840 2105 lapsibus
1897 2033 2187 2100 incepisse.

613 2130 747 2184 Nam
775 2130 820 2184 si
852 2129 1048 2184 malum
1081 2145 1183 2184 non
1215 2137 1358 2183 esset
1383 2128 1770 2192 voluntarium,
1796 2142 1895 2182 nec
1926 2127 1978 2181 in
2009 2139 2192 2183 nostra

614 2231 882 2294 potestate
912 2222 1100 2286 situm,
1133 2221 1383 2290 iniuriam
1430 2221 1786 2276 inferentibus
1827 2235 1933 2273 non
1985 2219 2194 2289 impen-

613 2319 764 2372 deret
819 2326 999 2371 tantus
1051 2317 1212 2370 timor
1266 2331 1293 2369 a
1353 2315 1582 2385 legibus,
1634 2313 1820 2380 sicque
1864 2311 2192 2381 iudiciorum

616 2425 788 2478 patum
814 2425 934 2480 quae
965 2411 1212 2465 meritam
1245 2408 1502 2462 maleficis
1534 2407 1835 2476 rependunt
1863 2407 2185 2469 mercedem,

616 2503 792 2558 forent
841 2501 1199 2556 inevitabiles.
1253 2500 1415 2567 Atqui
1472 2498 1584 2553 time
1642 2498 1771 2552 mihi
1823 2499 1888 2553 de
1937 2513 2000 2552 eo
2047 2496 2191 2566 quod

616 2596 834 2668 proprie
875 2595 1074 2648 malum
1118 2602 1225 2656 est,
1258 2593 1398 2646 dicta
1432 2592 1560 2646 sint.
1595 2590 1836 2646 Morbum
1867 2591 2033 2654 enim,
2059 2603 2192 2658 pau-

624 2693 910 2754 pertatem,
945 2682 1320 2753 ignominiam,
1360 2693 1613 2745 mortem,
1648 2690 1700 2735 et
1727 2681 1905 2733 omnia
1936 2693 2193 2748 qumcun-

618 2791 724 2844 que
772 2777 1084 2831 hominibus
1127 2773 1356 2828 molesta
1397 2780 1524 2827 sunt
1568 2773 1620 2825 in
1663 2771 1928 2826 malorum
1970 2783 2196 2824 numero

620 2882 718 2936 par
753 2884 859 2921 non
899 2878 982 2922 est
1015 2882 1297 2924 recensere
1338 2885 1351 2921 :
1390 2880 1454 2920 eo
1486 2865 1628 2935 quod
1663 2879 1836 2934 neque
1868 2878 1929 2917 ea
1963 2878 2082 2935 quae
2114 2863 2198 2918 his

620 2971 988 3029 opponuntur,
1039 2961 1183 3013 inter
1246 2959 1478 3013 maxima
1527 2958 1666 3012 bona
1713 2971 2135 3012 annumeramus
2181 2973 2195 3011 :

623 3067 852 3124 quorum
885 3051 1064 3119 aliqua
1117 3051 1303 3103 insunt
1361 3060 1550 3104 natura
1589 3069 1601 3105 :
1642 3051 1818 3119 aliqua
1858 3065 1986 3104 vero
2033 3051 2197 3104 etiam

623 3148 828 3202 utiliter
857 3143 1038 3200 multis
1086 3143 1352 3198 accidisse
1387 3152 1616 3196 constat.
1663 3142 1887 3195 Omnem
1925 3142 2086 3211 igitur
2117 3141 2198 3194 in-

625 3241 1089 3308 terpretationem,
1132 3237 1300 3306 tropis
1336 3243 1391 3289 et
1424 3232 1696 3304 allegoriis
1741 3240 2108 3296 constantem,
2145 3232 2196 3286 in

625 3330 911 3398 praesentia
962 3330 1473 3400 prmtermittentes,
1523 3325 1868 3383 tenebrarum
1922 3323 2198 3380 notionem

625 3421 944 3490 simpliciter
974 3433 1028 3475 et
1055 3422 1192 3475 citra
1223 3422 1618 3486 curiositatem,
1657 3435 1873 3476 sensum
1909 3419 2203 3489 Scriptura:

625 3513 821 3577 secuti,
859 3512 1206 3580 accipiamus.
1259 3509 1490 3578 lnquirit
1521 3519 1701 3566 autem
1751 3511 1909 3576 ratio,
1943 3525 2008 3562 an
2044 3508 2204 3563 simul

627 3620 749 3658 cum
786 3605 986 3659 mundo
1019 3603 1171 3657 facta:
1195 3602 1302 3655 sint
1338 3601 1591 3664 tenebrae,
1627 3610 1683 3654 et
1717 3610 1895 3654 utrum
1928 3600 2201 3669 antiquio-

629 3714 715 3752 res
746 3699 855 3750 sint
887 3696 1029 3761 luce,
1055 3705 1107 3748 et
1140 3709 1236 3747 cur
1274 3694 1323 3747 id
1364 3693 1505 3761 quod
1537 3691 1771 3746 deterius
1799 3700 1880 3745 est
1914 3691 2063 3760 prius
2102 3705 2202 3744 ex-

626 3789 866 3845 stiterit?
908 3788 1143 3841 Dicimus
1178 3787 1342 3856 igitur
1379 3786 1539 3838 basce
1577 3785 1826 3839 tenebras
1864 3799 1967 3838 non
2002 3798 2202 3839 secun-

628 3882 754 3936 dum
810 3881 1168 3936 substantiam
1217 3877 1572 3932 substitisse:
1613 3878 1706 3932 sed
1758 3875 1924 3931 fuisse
1976 3876 2028 3930 in
2079 3890 2206 3931 aere

630 3973 995 4040 affectionem,
1039 3988 1104 4027 ex
1152 3972 1371 4025 luminis
1422 3971 1725 4041 privatione
1773 3970 2203 4041 provenientem.

632 4062 695 4116 Et
725 4078 852 4117 vero
893 4062 1075 4116 mundi
1113 4062 1261 4116 locus
1303 4061 1582 4129 cnjnsnam
1613 4061 1749 4115 lucis
1781 4062 1924 4116 illico
1957 4062 2209 4116 inventus

629 4167 712 4209 est
742 4170 952 4217 exsors,
984 4156 1116 4206 adeo
1164 4164 1222 4206 ut
1270 4155 1505 4207 tenebra:
1555 4169 1717 4222 super
1751 4168 1944 4222 aquam
1986 4153 2210 4208 essent?

632 4249 775 4302 Sane
821 4249 865 4301 si
913 4248 1038 4316 quid
1073 4254 1195 4299 ante
1225 4255 1361 4310 erat,
1394 4261 1554 4314 quam
1591 4247 1679 4299 hic
1715 4246 1949 4300 mundus
1987 4246 2209 4300 sensibi-

632 4342 699 4396 lis
724 4353 886 4410 atque
925 4340 1257 4409 corruptioni
1291 4339 1561 4393 obnoxius
1602 4338 2047 4402 constitueretur,
2081 4352 2208 4406 pro-

633 4433 774 4490 fecto
810 4435 859 4488 id
901 4434 1227 4487 arbitramur
1270 4433 1321 4485 in
1371 4431 1573 4485 lumine
1615 4429 1802 4485 fuisse.
1837 4429 2022 4499 Neque
2060 4433 2203 4486 enim

631 4529 948 4597 angelorum
980 4526 1284 4595 dignitates,
1312 4539 1484 4594 neque
1513 4524 1764 4579 ccelestes
1789 4533 2055 4593 quotquot
2083 4533 2209 4579 sunt

2293 1952 2357 2004 ἐκ
2391 1948 2498 2002 τῶν
2529 1947 2929 2020 προαιρετικῶν
2959 1949 3376 2019 ἀποπτωμάτων
3402 1947 3500 2020 τὴν
3528 1949 3704 2020 ἀρχὴν
3741 1948 3886 2015 εἱλη-

2295 2043 2410 2112 φός.
2451 2040 2525 2093 Οὑ
2557 2039 2664 2112 γὰρ
2697 2040 2784 2105 ἂν,
2819 2041 2976 2113 εἴπερ
3006 2039 3258 2095 ἀκούσιον
3288 2039 3355 2113 ἦν
3389 2042 3523 2113 (29),
3565 2042 3658 2094 καὶ
3693 2041 3768 2112 μὴ
3801 2041 3886 2108 ἐφ’

2296 2136 2446 2205 ἡμῖν,
2483 2131 2736 2196 τοσοῦτος
2772 2133 2869 2204 μὲν
2908 2136 2971 2186 ἐκ
3001 2133 3109 2186 τῶν
3137 2134 3318 2204 νόμων
3350 2137 3378 2186 ὁ
3423 2133 3586 2202 φόΰος
3621 2136 3736 2194 τοῖς
3771 2134 3886 2185 ἀδι-

2297 2224 2481 2278 κοῦσιν
2513 2222 2811 2296 ἐπήρτητο,
2850 2224 2990 2279 οὓτω
3017 2224 3072 2277 δὲ
3103 2225 3468 2295 ἀπαραίτητοι
3502 2223 3610 2274 τῶν
3635 2222 3888 2290 δικαστη-

2301 2318 2429 2388 ρίων
2475 2320 2531 2373 αί
2584 2318 2853 2384 κολάσεις,
2903 2318 2964 2370 τὸ
3012 2316 3148 2388 πρὸς
3207 2316 3364 2383 ἀξίαν
3393 2317 3504 2380 τοῖς
3557 2313 3889 2384 κακούργοις

2297 2413 2739 2486 ἀντιμετροῦσαι.
2779 2412 2965 2466 Ταῦτα
3007 2411 3063 2465 δέ
3096 2429 3185 2482 μοι
3223 2409 3463 2483 εἰρήσθω
3508 2406 3760 2480 περὶτοῦ
3789 2424 3888 2458 κυ-

2233 2574 2238 2580 1
2302 2509 2432 2579 ρίως
2467 2507 2660 2563 κακοῦ.
2695 2508 2868 2560 Νόσον
2911 2507 3019 2576 γὰρ
3067 2506 3160 2558 καὶ
3194 2505 3383 2558 πενίαν
3418 2505 3512 2558 καὶ
3543 2502 3764 2566 ἀδοξίαν
3795 2499 3891 2551 καὶ

2299 2600 2550 2665 θάνατον,
2587 2599 2681 2653 καὶ
2722 2600 2822 2650 ὅσα
2853 2596 3076 2668 λυπηρὰ
3105 2601 3219 2660 τοῖς
3255 2596 3587 2667 ἀνθρώποις,
3616 2591 3771 2644 οὔπω
3796 2590 3891 2642 καὶ

2298 2695 2355 2746 ἐν
2377 2697 2442 2764 τῇ
2485 2694 2649 2764 μοίρᾳ
2671 2690 2779 2743 τῶν
2809 2691 2995 2744 κακῶν
3025 2689 3476 2758 καταλογίζεσθαι
3502 2688 3671 2752 ἄξιον,
3714 2683 3802 2736 διὰ
3832 2682 3893 2734 τὸ

2303 2786 2438 2856 μηδέ
2471 2785 2541 2838 τὰ
2560 2783 2912 2854 ἀντικείμενα
2946 2782 3155 2846 τούτοις
3191 2785 3246 2835 ἐν
3278 2784 3390 2843 τοῖς
3432 2778 3715 2850 μεγίστοις
3745 2777 3894 2847 ἡμᾶς

2299 2879 2407 2933 τῶν
2442 2876 2662 2946 ἀγαθῶν
2696 2876 2982 2947 ἀριθμεῖν’
3043 2869 3118 2928 ῶν
3148 2875 3215 2928 τὰ
3253 2875 3351 2946 μὲν
3383 2875 3446 2926 ἐκ
3497 2871 3716 2942 φύσεώς
3754 2873 3893 2932 ἐστι,

2301 2972 2369 3025 τὰ
2401 2972 2458 3025 δὲ
2484 2972 2579 3024 καὶ
2615 2969 3002 3042 συμφερόντως
3047 2968 3260 3031 πολλοῖς
3285 2969 3676 3037 ἀπαντήσαντα
3706 2963 3894 3033 φαίνε-

2302 3083 2411 3118 ται.
2453 3066 2642 3118 Πᾶσαν
2674 3060 2766 3116 οὖν
2804 3063 3070 3134 τροπικὴν
3107 3064 3199 3115 καὶ
3237 3063 3302 3115 δι’
3335 3060 3592 3122 ὑπονοίας
3636 3058 3894 3127 ἐξήγησιν

2304 3156 2361 3208 ἓν
2391 3173 2454 3223 γε
2482 3155 2558 3225 τῷ
2605 3155 2835 3222 παρόντι
2882 3154 3363 3221 κατασιγάσαντες,
3395 3151 3489 3204 τοῦ
3535 3151 3760 3213 σκότους
3796 3145 3897 3218 τὴν

2308 3247 2515 3299 ἔννοιαν
2540 3246 2727 3309 ἁπλῶς
2756 3245 2851 3299 καὶ
2881 3245 2986 3297 ἀπε
2997 3262 3074 3315 ριε
3086 3245 3332 3316 ργὰστως
3363 3244 3496 3314 (50).
3535 3243 3793 3312 ἑπόμενοι
3819 3239 3897 3309 τῷ

2312 3339 2609 3409 βουλήματι
2635 3338 2736 3408 τῆς
2768 3337 3014 3406 Γραφῆς,
3059 3336 3422 3408 ἐκδεξώμεθα.
3463 3335 3744 3405 Ἐπιζητεῖ
3784 3334 3840 3385 δὲ
3871 3335 3898 3384 ό

2311 3432 2489 3503 λόγος,
2522 3434 2570 3486 εί
2601 3430 3121 3502 συγκατεσκευάσθη
3142 3430 3218 3501 τῷ
3258 3431 3447 3502 κόσμῳ
3473 3429 3532 3482 τὸ
3564 3430 3777 3490 σκότος,
3802 3425 3899 3478 καὶ

2312 3529 2360 3579 εί
2387 3526 2736 3597 ἀρχαιότερον
2762 3524 2855 3577 τοῦ
2902 3523 3097 3593 φωτὸς,
3131 3524 3224 3575 καὶ
3269 3523 3355 3576 διὰ
3377 3524 3429 3575 τί
3459 3522 3519 3574 τὸ
3545 3525 3727 3591 χεῖρον
3773 3535 3900 3584 πρε-

2314 3618 2594 3689 σϐύτερον.
2639 3619 2887 3687 Λέγομεν
2923 3617 3100 3670 τοίνυν
3142 3617 3234 3668 καὶ
3274 3616 3432 3667 τοῦτο
3473 3613 3532 3665 τὸ
3564 3613 3756 3672 σκότος
3813 3609 3890 3678 μὴ

2312 3709 2430 3761 κατ’
2453 3709 2638 3761 οὐσίαν
2671 3709 3057 3778 ὑφεστηκέναι,
3091 3708 3228 3761 αλλὰ
3265 3706 3434 3768 πάθος
3468 3699 3608 3757 εἶναι
3651 3703 3780 3772 περὶ
3804 3702 3897 3753 τὸν

2313 3798 2450 3870 ἀέρα
2482 3799 2735 3869 στερήσει
2760 3800 2936 3867 φωτὸς
2966 3798 3366 3868 ἐπιγινόμενον.
3392 3797 3552 3849 Ποίου
3576 3795 3756 3847 τοίνυν
3787 3811 3898 3861 φω-

2313 3890 2404 3954 τὸς
2439 3889 2664 3963 ἄμοιρος
2710 3892 2992 3962 αἰφνιδίως
3017 3895 3044 3946 ὁ
3075 3894 3131 3945 ἐν
3157 3891 3234 3962 τῷ
3265 3891 3455 3961 κόσμῳ
3481 3889 3642 3952 τόπος
3675 3887 3895 3958 εὑρέθη,

2317 3984 2455 4037 ὣστε
2482 3985 2543 4037 τὸ
2575 3985 2762 4050 σκότος
2793 3986 2977 4040 ἐπάνω
3007 3983 3142 4039 εἶναι
3179 3985 3271 4038 τοῦ
3302 3983 3526 4048 ὑδατος;
3558 3981 3897 4051 Λογιζόμεθα

2316 4076 2494 4129 τοίνυν
2521 4077 2623 4141 ὅτι,
2673 4077 2828 4150 εἴπερ
2857 4097 2910 4131 τι
2937 4074 3005 4149 ἧν
3039 4079 3150 4148 (5|)
3199 4076 3304 4148 πρὸ
3354 4077 3452 4147 τῆς
3490 4073 3582 4127 τοῦ
3635 4073 3896 4143 αἰσθητοῦ

2317 4170 2503 4221 τούτου
2533 4172 2626 4222 καὶ
2675 4169 2912 4240 φθαρτοῦ
2943 4171 3147 4240 κόσμου
3199 4169 3528 4231 συστάσεως,
3582 4171 3638 4220 ἐν
3669 4168 3806 4237 φωτὶ
3835 4166 3898 4218 ἂν

2315 4255 2381 4328 ἦν
2409 4261 2667 4330 δηλονότι.
2709 4261 2842 4312 Οὑτε
2873 4260 2979 4331 γὰρ
3031 4262 3084 4314 αἱ
3119 4259 3228 4312 τῶν
3273 4259 3516 4328 ἀγγέλων
3561 4258 3728 4324 ἀξίαι,
3780 4256 3898 4309 οὗτε

2317 4351 2487 4403 πᾶσαι
2514 4355 2566 4404 αί
2604 4354 2912 4423 ἐπουράνιοι
2956 4354 3230 4424 στρατιαὶ,
3263 4351 3384 4404 οὔτε
3416 4351 3552 4413 ὅλως
3594 4352 3646 4401 εἴ
3671 4351 3723 4401 τί
3755 4352 3898 4401 ἐστιν

2317 4441 2702 4513 ὠνομασμένον
2729 4444 2760 4511 ἢ
2791 4444 3231 4512 ἀκατονόμαστον
3254 4442 3362 4495 τῶν
3391 4441 3622 4509 λογικῶν
3661 4440 3897 4510 φύσεων,

2318 4534 2412 4586 καὶ
2443 4535 2550 4588 τῶι¹
2588 4535 2977 4606 λειτουργικῶν
3017 4535 3347 4605 πνευμάτων
3384 4536 3440 4587 ἐν
3487 4534 3662 4603 σκότῳ
3691 4533 3896 4602 διῆγεν,

727 4812 821 4884 26)
857 4811 1009 4866 Colb.
1063 4809 1561 4884 secuntltts_cpt5crtv_
1601 4810 1897 4884 πονηράν.--
1936 4810 2193 4884 Aliquaut

2301 4846 2303 4862 .
2334 4812 2524 4881 picari,
2563 4814 2707 4882 ipsas
2743 4813 3050 4884 retinendas
3095 4827 3214 4867 esse
3240 4813 3308 4884 ob
3345 4813 3486 4866 banc
3529 4811 3794 4866 Eustatbii
3829 4815 3899 4867 in-

633 4895 758 4955 post
787 4879 896 4937 tres
928 4898 1052 4936 mss.
1086 4884 1133 4933 εί
1167 4881 1276 4952 γὰρ
1307 4881 1436 4937 τῶν.
1467 4882 1611 4937 Edili
1638 4879 1759 4937 cum
1787 4879 1940 4936 Colb.
1977 4882 2216 4935 secundo

635 4956 722 5007 ἀεὶ
751 4954 858 5007 γὰο
891 4952 1021 5007 τῶν.

635 4952 722 5010 ἆεὶ
751 4954 858 5010 γὰρ
891 4952 1021 5008 τῶν.

709 4970 1448 5093 ἷξξᾟῖξῗὲωυωειηροιι).
1484 5021 1755 5078 secundus
1805 5022 1899 5076 καὶ
1932 5019 2210 5075 ἀσθένεια.

637 5091 757 5148 Mox
793 5091 1129 5148 unus'codex
1166 5092 1234 5146 τὰ
1259 5091 1315 5144 δὲ
1341 5091 1421 5156 ἐξ.

706 5164 820 5233 (28)
850 5163 1002 5218 Colb.
1044 5165 1309 5218 secundus
1347 5162 1420 5233 μὴ
1448 5162 1622 5233 ζήτει.

711 5227 822 5304 (‘29)
857 5234 1035 5288 Codex
1086 5233 1235 5288 Bodl.
1271 5243 1325 5286 et
1348 5227 1453 5288 sex
1502 5227 1614 5305 alii
1643 5233 1898 5287 ἀκούσιον
2094 5233 2210 5305 Vox

645 5301 828 5357 ultima
868 5305 918 5356 in
940 5305 1098 5357 editis
1125 5305 1480 5356 desideratur.
1508 5301 1706 5356 Ibidem
1729 5305 1896 5360 editio
1924 5301 2100 5359 Paris.
2122 5304 2215 5356 καὶ

647 5375 723 5498 μὴ
753 5377 834 5443 ἐφ’
863 5376 992 5457 ἡμῖν
1026 5375 1085 5428 τὸ
1144 5374 1330 5453 κακόν.
1378 5373 1736 5428 Montaeutius
1790 5385 1970 5456 autem
2000 5417 2014 5441 ,
2080 5384 2214 5430 teste

697 5462 861 5498 uczeo.
897 5447 1123 5498 alltrmat
1150 5445 1304 5498 illud.
1343 5444 1401 5495 τὸ
1433 5444 1622 5498 κακόν.
1655 5461 1720 5498 ex
1751 5444 2022 5498 almurbus
2080 5460 2211 5498 mss.

697 5444 861 5507 ucaeo,
897 5447 1123 5498 allirmat
1150 5445 1304 5508 illud,
1343 5444 1401 5495 τὸ
1433 5444 1622 5505 κακόν,
1655 5461 1720 5498 ex
1751 5444 2022 5513 aliquibus
2080 5460 2211 5498 mss.

643 5516 885 5569 additum
918 5517 1100 5571 fuisse.
1131 5515 1235 5569 Sed
1286 5525 1460 5566 tamen
1487 5518 1567 5568 Ine
1612 5515 1728 5569 dua:
1756 5531 1918 5568 voces
1949 5530 2125 5585 neque
2159 5520 2210 5569 in

644 5587 884 5640 editione
900 5586 1082 5649 Basil.,
1121 5599 1294 5653 neque
1323 5587 1372 5638 in
1403 5585 1576 5638 Duczei
1611 5587 1910 5650 codicibus,
1941 5600 2118 5654 neque
2156 5586 2209 5640 in

645 5656 913 5720 Combef.,
952 5672 1122 5723 neque
1157 5658 1207 5710 in
1239 5656 1411 5719 Bodl.,
1441 5670 1612 5721 neque
1651 5656 1702 5708 in
1732 5665 1933 5723 septem
1975 5658 2095 5710 aliis
2126 5671 2210 5710 re-

646 5729 949 5796 periuntur.
990 5727 1140 5781 Ulltle
1169 5742 1260 5780 eas
1293 5736 1365 5780 tot
1388 5727 1632 5778 codicum
1666 5727 1983 5780 auctoritate
2001 5743 2206 5795 expun-

651 5813 775 5866 gere
810 5813 911 5851 non
943 5797 1326 5854 dubitavimus.
1360 5796 1532 5852 Possit
1567 5809 1744 5850 autem
1777 5799 2046 5867 qttiSpiam
2087 5811 2206 5852 sus-

2335 4885 2797 4948 terpretationem,
2836 4883 3016 4950 Neque
3043 4886 3177 4936 enim
3211 4883 3256 4935 si
3282 4883 3479 4935 malum
3503 4898 3566 4935 ex
3592 4886 3896 4937 necessitate

2323 4955 2679 5017 descenderet,
2709 4964 2883 5006 tantus
2912 4953 3244 5017 peccantibus
3279 4955 3448 5021 legum
3483 4964 3649 5004 metus
3697 4955 3897 5006 incum-

2325 5024 2458 5074 beret
2491 5041 2508 5077 :
2536 5026 2584 5076 id
2630 5033 2808 5077 tamen
2844 5039 2948 5076 non
2981 5028 3235 5077 continuo
3276 5023 3462 5093 colligi
3516 5024 3716 5079 debere
3753 5034 3894 5093 puta-

2324 5109 2462 5147 mus.
2499 5093 2632 5148 Hinc
2669 5095 2814 5148 enim
2856 5108 2960 5146 non
2999 5093 3229 5147 efficitur
3275 5092 3615 5147 Eustathium
3651 5092 3814 5148 voces
3837 5094 3894 5146 τὸ

2323 5165 2491 5217 κακόν
2541 5165 2815 5218 invenisse
2857 5164 2909 5216 in
2957 5165 3136 5234 aliquo
3162 5164 3481 5232 exemplari,
3527 5164 3619 5217 sed
3655 5167 3894 5232 sequitur

2325 5235 2732 5288 ilttntaxateum
2765 5238 2860 5288 has
2890 5249 3072 5299 voces,
3120 5250 3238 5301 quae
3281 5250 3386 5288 non
3427 5236 3657 5288 obscure
3716 5235 3895 5287 subin-

2327 5306 2726 5375 telligebantnr,
2775 5307 2840 5357 de
2894 5319 2991 5359 suo
3043 5322 3073 5358 e
3123 5303 3494 5371 superioribus
3549 5303 3888 5371 supplevisse.

2314 5376 2512 5428 Statim
2545 5377 2613 5430 ibi
2655 5375 2884 5430 Basilius
2916 5377 3149 5442 loquitur
3168 5375 3234 5428 de
3264 5391 3328 5430 eo
3367 5375 3506 5443 quod
3539 5375 3754 5442 proprie
3787 5391 3897 5427 tua-

2313 5445 2420 5497 ltnn
2447 5458 2550 5508 est,
2587 5449 2673 5501 ubi
2711 5446 2927 5514 intelligi
2961 5455 3242 5512 peccatum
3269 5461 3428 5500 nemo
3455 5460 3558 5498 non
3589 5445 3761 5496 videt.

2308 5587 2331 5636 ἑ
2381 5517 2495 5626 £50)
2537 5519 2671 5587 ltcg.
2709 5527 2892 5571 sextus
2938 5515 3143 5569 ἔννοιαν
3195 5516 3412 5570 ἃπασαν
3448 5514 3896 5585 ἀπεριεργάστως

2339 5603 2587 5636 πλαενοι-

2339 5603 2406 5638 πο
2416 5605 2565 5642 μενοι
2578 5633 2587 5642 .

2379 5637 2502 5727 (ἑνί)
2523 5637 2696 5727 έίπερ
2722 5675 2769 5709 τι
2794 5652 2883 5728 ἦν,
2912 5668 3042 5724 etc.,
3065 5656 3205 5712 Sane
3228 5660 3271 5711 si
3298 5656 3423 5726 quid
3443 5663 3564 5728 ante
3591 5665 3707 5708 erat
3740 5672 3894 5726 quam

2303 5727 2384 5780 hic
2422 5726 2674 5788 mum/us,
2699 5726 3016 5798 etc.'Legas
3045 5729 3202 5783 velim
3246 5739 3424 5784 notam
3458 5726 3506 5794 ὁ,
3535 5740 3660 5798 pag.
3700 5729 3732 5782 5
3765 5738 3885 5796 (not.

2303 5800 2390 5862 54,
2423 5816 2578 5867 supra
2606 5801 2702 5853 col.
2737 5799 2846 5866 1‘2).
