4060 6316
159 382 215 439 ιι
1290 378 1573 439 HOMILIA
1617 381 1661 437 ll
1702 383 1769 438 IN
1811 383 2307 441 HEXAEMEHON.
3335 399 3404 454 42

159 506 263 562 ἀλλ’
290 505 347 556 ἐν
380 502 519 571 φωτὶ
562 502 655 556 καὶ
702 502 851 574 πάσῃ
895 500 1203 574 εὐφροσύνῃ
1246 505 1588 573 πνευματικῇ
1636 503 1728 574 τὴν

1835 506 2129 572 exercitus,
2159 523 2329 576 neque
2364 510 2574 564 tandem
2604 512 2649 565 si
2676 527 2795 581 qua:
2825 515 2940 569 alim
2965 528 3088 570 sunt
3116 518 3403 574 rationales

157 598 464 670 πρέπουσαν
493 596 705 657 ἑαυτοῖς
733 593 1064 649 κατάστασιν
1088 589 1221 663 εἶχε.
1265 594 1375 647 Καὶ
1403 595 1612 659 τούτοις
1634 596 1727 648 οὐ-

156 692 258 753 δεὶς
291 691 528 760 ἀντερεῖ,
570 688 766 743 οὔκουν
792 689 937 751 ὅστις
977 704 1040 756 γε
1080 687 1192 755 (52)
1241 688 1301 739 τὸ
1342 688 1728 760 ὐπερουράνιον

158 784 264 854 φῶς
286 785 342 837 ἐν
370 786 490 847 ταῖς
516 782 625 835 τῶν
647 781 861 851 ἀγαθῶν
891 780 1244 849 ἐπαγγελίαις
1272 781 1570 851 ἐκδέχεται,
1602 783 1729 853 περὶ

156 870 211 931 οὗ
240 876 492 948 Σολομὼν
518 893 650 947 φησι
671 892 686 906 ο
731 874 857 939 Φῶς
883 874 1135 941 δικαίοις
1164 875 1263 929 διὰ
1290 879 1514 942 παντός
1532 894 1544 906 ·
1585 878 1675 930 καὶ
1700 878 1729 930 6

166 970 480 1035 Ἀπόστολος
503 987 516 1000 ·
561 967 1081 1037 Εὑχαριστοῦντες
1113 967 1191 1033 τῷ
1242 967 1362 1033 Θεῷ
1405 969 1502 1022 καὶ
1545 970 1729 1037 Πατρὶ

157 1068 258 1138 (33)
293 1064 368 1130 τῷ
401 1064 761 1118 ἱκανώσαντι
807 1059 966 1131 ἡμᾶς
1001 1062 1070 1115 ἐν
1100 1061 1172 1130 τῇ
1197 1061 1392 1130 μερίδι
1442 1062 1548 1116 τοῦ
1584 1061 1730 1129 κλή-

150 1178 256 1229 pov
286 1158 406 1213 τῶν
437 1158 619 1226 ἁγίων
656 1157 725 1210 ἐν
752 1154 832 1221 τῷ
866 1156 1034 1225 φωτί.
1062 1157 1124 1208 Ei
1147 1157 1253 1224 γάρ
1282 1156 1330 1206 οἱ
1366 1155 1726 1219 καταδικαζό-

162 1270 302 1323 μενοι
324 1254 635 1321 πέμπονται
670 1251 747 1313 εἰς
769 1248 829 1301 τὸ
860 1248 1050 1311 σκότος
1080 1248 1141 1299 τὸ
1174 1246 1459 1319 ἐξώτερον,
1486 1246 1728 1318 δηλονότι

159 1350 202 1399 oi
231 1347 296 1399 τὰ
314 1347 414 1415 τῆς
440 1344 707 1413 ἀποδοχῆς
734 1342 859 1407 ἀξια
881 1340 1255 1412 εἰργασμένοι,
1291 1342 1349 1394 ἐν
1378 1340 1458 1410 τῷ
1492 1341 1727 1411 ὑπερκο-

160 1439 292 1510 σμίῳ
322 1436 463 1506 φωτὶ
509 1437 608 1506 τὴν
638 1436 942 1489 ἀνάπαυσιν
989 1434 1202 1503 ἔχουσιν
1242 1432 1377 1503 (54).
1448 1434 1597 1486 Ἐπεὶ
1636 1426 1728 1485 οὖν

158 1532 364 1598 ἐγένετο
399 1532 428 1582 6
457 1528 681 1599 οὐρανὸς
718 1527 1103 1598 προστάγματι
1148 1524 1283 1577 Θεοῦ
1332 1524 1541 1595 ἀθρόως
1575 1540 1729 1594 περι-

158 1621 329 1684 ταθεὶς
364 1623 480 1685 τοῖς
513 1621 662 1683 ἐντὸς
689 1621 793 1674 ὐπὸ
824 1621 923 1690 τῆς
953 1619 1156 1682 οἰκείας
1185 1616 1347 1672 αὐτοῦ
1379 1614 1728 1687 περιφερείας

159 1713 603 1784 ἀπειλημμένοις,
641 1712 796 1783 σῶμα
827 1713 964 1782 ἔχων
999 1710 1236 1780 συνεχὲς,
1279 1708 1459 1761 ἱκανὸν
1488 1708 1595 1760 τῶν
1623 1704 1727 1771 ἔξω

157 1807 436 1876 διαστῆσαι
472 1806 540 1858 τὰ
578 1804 725 1857 ἔνδον
767 1804 901 1875 (55),
955 1802 1266 1869 ἀναγκαίως
1308 1800 1398 1852 τὸν
1445 1799 1722 1853 ἐναπολει-

1839 608 2070 665 naturai,
2098 610 2192 654 aut
2215 602 2259 655 si
2290 601 2382 670 qui
2414 602 2504 655 alii
2534 614 2657 657 sunt
2687 605 2993 660 administri
3023 608 3265 675 spiritus,
3294 612 3405 664 sive

1836 692 2072 748 habeant
2103 710 2318 760 nomen,
2350 697 2464 751 sive
2515 714 2643 762 non,
2676 701 2941 770 degebant
3004 703 3055 756 in
3112 705 3352 758 tenebris
3388 722 3401 760 :

1835 786 1926 838 sed
1961 784 2013 838 in
2046 785 2163 841 luce
2192 795 2243 840 et
2278 788 2328 840 in
2364 789 2511 843 omni
2548 790 2727 845 laetitia
2772 793 3036 861 spirituali
3067 803 3263 849 statum
3301 796 3403 851 sibi

1836 877 2248 933 convenientem
2282 880 2572 937 habebant.
2605 882 2779 953 Atque
2814 885 2898 939 his
2936 889 3269 943 contradicet
3308 906 3403 942 ne-

1834 981 1947 1031 tno,
1978 982 2083 1021 non
2138 968 2182 1022 is
2232 979 2402 1034 certe,
2432 973 2521 1040 qui
2570 974 2622 1027 in
2672 975 2933 1030 bonorum
2975 980 3257 1045 promissis
3293 995 3403 1032 coe-

1834 1056 2026 1113 lestem
2061 1058 2232 1114 lucem
2262 1072 2562 1129 exspectat,
2594 1065 2660 1119 de
2689 1080 2792 1134 qua
2830 1066 3082 1122 Salomon
3127 1071 3202 1121 ait
3238 1090 3252 1124 :
3290 1068 3405 1122 Lua:

1826 1149 1987 1217 justis
2028 1151 2312 1218 semper“;
2346 1152 2707 1223 etApostolus
2750 1174 2765 1210 :
2798 1156 3013 1212 Gratias
3057 1171 3261 1228 agentes
3300 1162 3406 1213 Deo

1834 1250 1882 1295 et
1926 1240 2076 1295 Patri
2105 1244 2193 1311 qui
2225 1242 2409 1312 dignos
2451 1260 2543 1298 nos
2589 1247 2708 1315 fecit
2744 1250 2797 1301 in
2829 1261 2979 1317 parte
3011 1252 3165 1304 sortis
3198 1262 3406 1304 sancto-

1836 1348 1950 1385 rum
1988 1333 2041 1385 in
2076 1334 2271 1387 lumine
2312 1338 2379 1388 ²¹.
2417 1337 2628 1392 Etenim
2682 1342 2726 1394 si
2766 1341 3003 1395 damnati
3042 1343 3322 1396 mittuntur
3352 1344 3403 1395 in

1837 1424 2090 1479 tenebras
2133 1429 2430 1483 exteriores
2463 1431 2508 1461 ³³
2544 1449 2557 1485 :
2595 1433 2781 1503 utique
2816 1436 2906 1504 qui
2958 1449 3119 1503 opera
3156 1437 3312 1491 laude
3344 1451 3407 1490 ac

1834 1520 2302 1576 commendatione
2332 1522 2491 1591 digna
2520 1537 2863 1594 peregerunt,
2898 1527 2949 1579 in
2972 1527 3176 1581 cmlesti
3208 1529 3406 1583 lumine

1835 1613 2076 1680 requiem
2138 1614 2435 1682 possident.
2473 1617 2739 1683 Quoniam
2795 1620 2955 1691 igitur
2990 1620 3081 1676 Dei
3123 1621 3279 1688 jussu
3324 1629 3406 1675 est

1834 1704 2029 1759 caelum
2061 1705 2283 1773 factum,
2318 1710 2398 1762 sic
2437 1719 2495 1762 ut
2547 1712 2707 1766 rebus
2748 1713 2889 1767 intra
2921 1729 3073 1769 suam
3106 1715 3269 1783 ipsius
3299 1716 3404 1768 cir-

1835 1794 2248 1851 cumferentiam
2292 1802 2561 1855 contentis
2610 1804 2901 1872 derepente
2944 1806 3405 1861 circumfundere-

160 1901 353 1968 φθέντα
421 1898 567 1966 αὐτῷ
618 1898 783 1948 τόπον
821 1896 932 1965 ('56)
984 1894 1200 1962 ἀφεγγῆ
1254 1893 1576 1962 κατέστησε,
1637 1892 1728 1961 τὴν

1839 1898 1962 1957 ιυι·;
2020 1892 2351 1962 haberetque
2382 1908 2576 1964 corpus
2617 1897 2924 1950 continuum
2954 1899 3095 1965 quod
3128 1900 3191 1953 ab
3223 1910 3396 1952 exter-

160 1992 348 2058 ἔξωθεν
399 1990 574 2058 αὐγὴν
641 1986 921 2055 διακόψας.
955 1984 1093 2055 Τρία
1133 1984 1241 2053 γὰρ
1284 1984 1363 2036 δεῖ
1404 1984 1732 2055 συνδραμεῖν

162 2086 245 2136 ἐπὶ
266 2085 364 2151 τῆς
396 2082 574 2143 σκιᾶς,
609 2080 669 2131 τὸ
695 2079 832 2147 φῶς,
862 2077 922 2130 τὸ
957 2078 1135 2149 σῶμα,
1181 2078 1271 2130 τὸν
1298 2077 1521 2147 ἀλαμπῆ
1546 2077 1725 2129 τόπον.

162 2177 228 2229 Τὸ
264 2174 444 2227 τοίνυν
493 2171 784 2242 ὲγκόσμιον
837 2171 1025 2234 σκότος
1058 2172 1124 2238 τῇ
1175 2170 1302 2238 σκιᾷ
1334 2168 1427 2221 τοῦ
1477 2168 1729 2237 οὐρανίου

164 2265 405 2336 σώματος
450 2263 799 2335 παρυπέστη.
850 2263 1062 2330 Νόησον
1094 2261 1149 2312 δέ
1202 2277 1291 2329 μοι
1336 2260 1443 2312 ἀπὴ
1474 2259 1733 2331 παραδεί-

162 2375 357 2427 γματος
399 2356 665 2425 ἐναργοῦς
698 2356 757 2408 τὸ
786 2354 1095 2423 λεγόμενον,
1135 2354 1191 2403 ἐν
1226 2352 1469 2423 σταθηρᾷ
1506 2352 1614 2421 (57)
1645 2370 1733 2422 με-

164 2453 401 2523 σημϐρίᾳ
439 2451 645 2519 σκηνήν
685 2464 806 2499 τινα
838 2449 899 2498 ὲκ
932 2444 1141 2512 πυκνῆς
1182 2445 1274 2497 καὶ
1313 2446 1576 2513 στεγανῆς
1602 2444 1731 2514 ὕλης

164 2544 331 2615 ἐαυτῷ
353 2543 777 2613 περιστήσαντα,
807 2538 900 2591 καὶ
934 2540 991 2589 ἐν
1037 2538 1214 2606 σκότῳ
1249 2537 1576 2607 αὐτοσχεδίῳ
1608 2539 1732 2589 ἐαυ-

162 2637 245 2689 τὸν
282 2635 699 2707 καθειργνύντα.
737 2632 990 2685 Τοιοῦτον
1036 2627 1130 2684 οὐν
1176 2632 1399 2685 κάκεῖνο
1438 2632 1498 2684 τὸ
1543 2632 1732 2693 σκότος

166 2729 373 2791 ὐπόθου,
402 2729 463 2781 οὐ
492 2726 916 2799 προηγουμένως
948 2724 1271 2794 ὑφεστηκὸς,
1298 2723 1412 2776 ἀλλ’
1442 2722 1733 2775 ἐπακολου-

166 2821 328 2889 θῆσαν
373 2820 601 2892 ἑτέροις.
653 2819 821 2871 Τοῦτο
856 2818 919 2885 δὴ
978 2817 1038 2867 τὸ
1084 2816 1273 2876 σκότος
1306 2814 1398 2867 καὶ
1437 2813 1734 2868 ἐπιϐαίνειν

195 2913 369 2981 ἐγεται
412 2916 483 2984 τῇ
527 2911 766 2980 ἀϐύσσῳ,
796 2907 983 2977 ἐπειδὴ
1007 2907 1073 2960 τά
1107 2907 1310 2977 ἔσχατα
1331 2905 1425 2959 τοῦ
1449 2906 1610 2979 ἀέρος
1639 2907 1735 2960 πέ-

166 3024 293 3075 φυκε
333 3010 455 3068 ταῖς
490 3000 830 3072 ἐπιφανείαις
876 3001 983 3054 τῶν
1025 3001 1292 3070 σωμάτων
1346 3000 1732 3054 συνάπτεσθαι.

166 3100 288 3153 Τότε
342 3098 398 3150 δὲ
451 3096 595 3166 ὕδωρ
640 3090 708 3165 ἦν
755 3096 866 3157 τοῖς
912 3095 1075 3147 πᾶσιν
1129 3090 1471 3154 ἐπιπολάζον.
1536 3092 1735 3164 Διόπερ

166 3190 469 3258 ἀναγκαίως
510 3188 570 3241 τὸ
628 3188 815 3252 σκότος
860 3189 1043 3241 ἐπάνω
1077 3187 1341 3257 ὑπάρχειν
1391 3184 1604 3255 εἴρηται
1636 3188 1736 3257 τῆς

167 3285 415 3338 ἀϐύσσου.

1834 1983 1917 2036 nis
1970 1982 2180 2037 interna
2229 1985 2511 2055 sejungere
2542 1998 2723 2056 posset
2756 1990 2861 2057 ις)
2896 1993 3199 2044 necessario
3231 1993 3403 2045 locum

1832 2088 1861 2128 a
1892 2089 1950 2130 se
1976 2075 2295 2131 derelictum
2334 2092 2397 2131 ac
2430 2090 2738 2148 separatum
2769 2084 3119 2148 obnubilavit,
3151 2085 3405 2139 interciso

1832 2166 2038 2222 scilicet
2074 2179 2297 2223 externo
2334 2170 2640 2240 splendore.
2682 2174 2807 2229 Tria
2856 2178 2999 2230 enim
3047 2178 3111 2231 ad
3160 2178 3404 2233 umbram

1833 2272 2160 2315 concurrere
2208 2272 2443 2332 oportet,
2492 2265 2689 2329 lucem,
2729 2281 2945 2335 corpus,
2984 2270 3272 2324 obscurum
3326 2270 3407 2324 lo-

1834 2366 1978 2409 cum.
2017 2353 2202 2424 ltaque
2247 2370 2343 2424 per
2393 2358 2633 2414 cmlestis
2684 2363 2927 2430 corporis
2970 2362 3213 2415 umbram
3249 2378 3405 2416 mun-

1833 2445 1973 2499 dataa
2002 2447 2365 2503 constiterunt
2397 2453 2652 2507 tenebrm.
2684 2454 2835 2520 Quod
2869 2464 3044 2508 autem
3073 2455 3322 2520 dicimus,
3350 2454 3407 2511 id

1832 2536 2165 2595 intellexeris
2199 2540 2434 2596 evidenti
2464 2544 2733 2614 exemplo,
2766 2547 2809 2599 si
2846 2547 2898 2598 in
2941 2547 3167 2601 meridie
3192 2544 3408 2602 ferven-

1835 2628 2039 2682 tissima
2076 2631 2483 2688 tabernaculum
2519 2636 2738 2705 aliquod
2772 2652 2837 2691 ex
2871 2639 3035 2691 densa
3079 2648 3133 2693 et
3165 2639 3407 2708 impene-

1833 2720 2013 2775 trabili
2063 2724 2288 2779 materia
2341 2725 2436 2781 tibi
2486 2728 2599 2799 ipse
2631 2730 3105 2800 circumposueris,
3143 2742 3305 2802 atque
3352 2733 3404 2786 in

1835 2811 2073 2868 tenebris
2104 2818 2568 2886 extemporalibus
2612 2823 2842 2890 teipsum
2894 2822 3199 2879 incluseris.
3237 2823 3404 2877 Velim

1833 2904 1996 2974 igitur
2034 2922 2203 2975 ponas
2250 2918 2303 2963 et
2349 2911 2448 2966 has
2488 2914 2740 2967 tenebras
2783 2913 2919 2969 tales
2961 2914 3150 2980 fuisse,
3181 2930 3279 2970 nec
3311 2930 3407 2983 per

1834 3013 1891 3053 se
1924 3000 2255 3065 substitisse,
2286 3004 2379 3058 sed
2428 3004 2559 3059 alias
2607 3004 2924 3061 subsecutas
2966 3019 3104 3063 esse.
3145 3004 3237 3061 Ηαι
3274 3021 3407 3061 sane

1836 3092 2069 3145 tenebrat
2099 3092 2262 3146 etiam
2302 3096 2502 3164 abysso
2549 3098 2786 3152 insidere
2831 3099 3105 3162 dicuntur,
3135 3096 3276 3167 quod
3312 3112 3405 3152 ex—

1837 3193 2021 3238 trema:
2048 3184 2190 3238 aeris
2222 3194 2401 3254 partes
2431 3203 2551 3241 cum
2585 3203 2872 3258 corporum
2907 3191 3197 3261 superﬁcie
3232 3190 3407 3245 solent

1760 3262 1804 3321 Ο
1838 3280 2110 3349 conjungi.
2143 3279 2295 3336 Tunc
2340 3292 2518 3337 autem
2569 3298 2706 3353 aqua
2752 3286 3003 3340 omnibus
3041 3283 3401 3353 superstabat.

168 3381 491 3451 Quapropter
552 3377 860 3434 necessario
926 3377 1179 3429 tenebras
1248 3388 1411 3441 super
1471 3372 1724 3442 abyssum
1764 3375 2037 3429 exstitisse
2067 3376 2265 3429 dictum
2295 3388 2397 3431 est.

230 3474 279 3528 6.
300 3476 408 3532 Καὶ
446 3474 683 3544 πνεῦμα
723 3470 889 3535 Θεοῦ,
943 3470 1127 3540 φησὶν,
1176 3469 1495 3538 ἐπεφέρετο
1531 3467 1731 3522 ἐπάνω

219 3633 257 3663 ⁹¹
292 3632 452 3687 Prov.
483 3647 603 3696 xui,
627 3630 678 3685 9.
759 3632 803 3662 “
829 3628 1035 3685 Coloss.
1064 3644 1103 3694 ι,
1134 3627 1217 3682 12.

235 3818 341 3887 (32)
376 3818 519 3872 Editi
542 3819 759 3887 ἀντερεῖ
782 3818 930 3880 ὅστις
956 3835 1040 3885 γε.
1072 3822 1140 3872 At
1167 3818 1330 3874 Coisl.
1378 3820 1650 3875 secundus
1678 3830 1731 3875 et

170 3889 400 3960 Combef.
427 3891 666 3960 ἀντερεῖ,
688 3888 881 3941 οὐκουν
909 3889 1055 3960 ὅστις
1096 3906 1189 3957 γε·
1222 3890 1309 3943 ubi
1360 3888 1553 3942 οὐκουν
1592 3891 1730 3945 male

173 3959 219 4012 in
251 3960 514 4026 aliquibus
545 3959 819 4015 Codicibus
853 3959 1112 4014 scribitur
1162 3975 1281 4013 cum
1336 3971 1561 4013 accentu
1616 3962 1727 4015 cir-

173 4030 422 4083 cumﬂexo
453 4030 667 4083 οὐκοῦν.
733 4031 928 4083 Ibidem
984 4032 1112 4085 editi
1172 4033 1228 4083 ἐν
1262 4033 1381 4092 ταῖς
1415 4030 1521 4083 τῶν
1558 4032 1727 4098 ἀγίων

174 4100 611 4168 ὲπαγγελίαις,ἱη
643 4113 941 4153 sanctorum
974 4104 1265 4168 promissis.
1302 4102 1477 4155 Nostri
1522 4114 1725 4166 septeni

177 4187 295 4225 mss.
332 4187 451 4224 cum
486 4173 670 4224 codice
708 4169 951 4224 Combef.
983 4180 1036 4222 et
1074 4187 1192 4223 cuin
1227 4181 1454 4238 utroque
1504 4171 1633 4223 Duc.
1665 4172 1722 4223 ἐν

174 4244 282 4311 ταῖς
304 4241 405 4294 τῶν
434 4240 655 4311 ἀγαθῶν
696 4242 920 4307 ἐπαγγ.,
952 4242 1004 4293 in
1029 4240 1277 4293 bonorum
1314 4241 1600 4306 promissis,
1632 4258 1723 4294 seu

177 4310 225 4361 in
250 4315 387 4364 bouis
422 4312 693 4378 promissis
729 4325 745 4361 :
772 4326 887 4375 quze
920 4311 1096 4373 lectio,
1129 4311 1201 4363 uti
1248 4319 1426 4363 monet
1479 4312 1719 4375 Ducreus,

177 4380 357 4447 legitur
379 4386 519 4448 apud
544 4380 958 4435 Tbeodoretutn.
980 4381 1199 4434 Accedit
1238 4381 1417 4438 etiam,
1451 4382 1590 4446 quod
1626 4398 1723 4433 au-

179 4452 417 4504 etoritale
445 4452 708 4505 Eustatliii
743 4450 1050 4506 conlirniari
1086 4452 1272 4516 possit,
1309 4450 1394 4518 qui
1436 4452 1514 4502 sic
1566 4452 1727 4505 inter-

179 4532 406 4587 pretatur
436 4540 447 4575 :
476 4522 529 4573 in
559 4521 807 4574 bonorum
837 4520 1262 4588 promissionibus
1300 4519 1545 4586 operitur.

1909 3469 1961 3523 6.
2007 3470 2072 3521 Et
2106 3473 2319 3537 spiritus
2353 3472 2466 3537 Dei,
2498 3474 2689 3542 inquit,
2722 3475 2985 3542 ferebatur
3034 3491 3189 3544 super
3215 3490 3404 3544 aquas.

1294 3629 1339 3659 ³³
1366 3627 1553 3682 Matth.
1584 3645 1717 3694 xxn,
1753 3629 1838 3684 15.

1836 3818 1989 3875 Colb.
2020 3820 2286 3873 secundus
2314 3833 2434 3873 cum
2469 3819 2672 3873 duobus
2713 3820 2895 3885 Regiis
2928 3818 3401 3887 ὲναπολειφθέντα,

1838 3892 2073 3943 relictum
2116 3905 2148 3941 a
2179 3905 2232 3941 se
2262 3889 2454 3943 locum.
2488 3890 2664 3944 Editio
2686 3890 2857 3944 Paris.
2895 3900 2948 3944 et
2994 3889 3145 3959 Regii
3177 3894 3282 3945 duo
3320 3893 3405 3945 ὲν-

1837 3959 2238 4029 αποληφθὲντα,
2275 3960 2697 4026 comprehensum
2734 3978 2765 4013 a
2795 3978 2848 4015 se
2878 3962 3068 4014 locum.
3094 3960 3403 4017 Lectioneni

1836 4030 2061 4099 primam
2092 4040 2305 4083 secutus
2328 4040 2411 4082 est
2438 4029 2771 4092 Eustathius,
2804 4031 2893 4099 qui
2944 4032 3023 4085 sic
3075 4032 3404 4096 interpreta-

1837 4110 1923 4153 tur
1955 4117 1968 4152 :
1995 4100 2071 4154 0b
2123 4101 2219 4151 hoc
2265 4103 2557 4152 necessario
2597 4114 2708 4168 post
2744 4117 2796 4153 se
2838 4102 3098 4167 regionem
3142 4102 3401 4164 relictam,

1833 4180 2095 4223 carentem
2121 4172 2233 4241 luce
2264 4171 2557 4233 constituit,
2586 4182 2760 4237 utpote
2804 4172 3008 4239 fulgore
3041 4172 3129 4241 qui
3181 4172 3403 4240 desuper

1832 4242 2093 4301 radiabat,
2120 4240 2348 4292 excluso.
2381 4241 2443 4293 Et
2470 4242 2540 4293 ita
2580 4241 2861 4303 legendum
2893 4256 3009 4293 esse
3054 4240 3218 4309 puto,
3279 4258 3399 4295 cum

1831 4326 1925 4379 per
1948 4310 2114 4382 lucem
2144 4321 2445 4373 externam,
2478 4311 2574 4382 τὴν
2601 4310 2817 4374 ἔξωθεν,
2850 4327 2908 4363 ea
2939 4312 3131 4382 debeat
3154 4312 3397 4380 intelligi,

1831 4396 1949 4448 qua:
1992 4380 2218 4443 desuper
2245 4382 2503 4433 radiabat.
2533 4380 2612 4421 V—
2658 4381 3191 4449 Ἐναῖτολειςρθέντα
3224 4382 3400 4447 αὐτῷ

1831 4452 2036 4512 τόπον,
2066 4450 2234 4521 iocum
2263 4468 2295 4502 a
2328 4467 2379 4502 se
2409 4452 2730 4503 derelictum.
2769 4451 3074 4521 Legeudinn
3106 4453 3299 4519 potius,
3345 4465 3400 4507 ut

1835 4521 2037 4593 inedit.
2067 4519 2237 4593 Paris.
2280 4531 2332 4572 et
2360 4521 2564 4573 duobus
2592 4521 2772 4589 Regiis
2804 4519 3099 4593 codicibus,
3136 4523 3400 4593 ἐναπολη-

243 4592 347 4661 (53)
379 4591 555 4646 Codex
586 4592 825 4645 Cotnbcl'.
862 4606 979 4643 cum
1011 4589 1139 4661 Reg.
1170 4601 1360 4657 quarto
1389 4588 1463 4661 τῷ
1484 4590 1601 4660 Θεῷ
1636 4592 1728 4644 καὶ

1835 4590 2054 4660 φθέντα,
2107 4592 2273 4643 locum
2328 4607 2357 4641 a
2398 4606 2450 4641 se
2502 4594 2943 4657 comprehensum.
3004 4591 3201 4645 Ibidem
3257 4588 3396 4647 enini

243 4596 347 4714 (532
379 4596 555 4646 Codex
586 4596 825 4645 Combel‘.
862 4606 979 4643 cum
1013 4596 1139 4655 Heg.
1170 4601 1360 4657 quarto
1389 4596 1463 4641 τώ
1484 4596 1601 4660 Θεῷ
1636 4596 1728 4644 καὶ

180 4661 316 4733 Harp
347 4706 359 4725 ,
392 4679 513 4732 qua:
548 4663 701 4715 lectio
726 4661 1019 4733 notaturin
1049 4657 1393 4733 Testamento
1420 4642 1729 4715 ()xoniensi.

180 4730 300 4784 Nec
341 4730 501 4787 aliter
551 4733 671 4802 legit
725 4731 1054 4793 Eustathius,
1107 4731 1195 4798 qui
1258 4734 1416 4784 vertit
1466 4748 1476 4780 :
1532 4735 1732 4801 gratias

180 4813 369 4869 agentes
398 4805 504 4856 Deo
542 4817 585 4856 et
613 4803 784 4856 Patri.

246 4873 350 4941 (5i)
384 4876 565 4929 Codex
602 4889 737 4926 unus
763 4871 858 4943 τὴν
892 4873 1184 4925 ἀπόλαυσιν
1217 4870 1447 4940 ἔχουσιν.
1500 4871 1619 4924 Mox
1644 4888 1732 4927 co-

184 4943 316 5014 dices
364 4946 469 4999 duo
525 4948 553 4998 6
600 4943 844 5014 οὐρανός.
911 4943 1067 4996 Deest
1118 4943 1373 4997 articulus
1433 4946 1483 4997 in
1556 4943 1732 5012 Vulga-

186 5021 262 5067 lis.

249 5085 355 5155 (55)
392 5084 568 5137 Durati
604 5085 653 5137 in
692 5086 832 5138 hunc
862 5086 1033 5137 locum
1082 5084 1244 5155 verba
1276 5098 1378 5135 non
1418 5083 1614 5151 pigebit
1648 5099 1733 5155 re-

185 5150 345 5208 ferref
368 5156 598 5216 Rursus,
634 5156 824 5223 inquit,
856 5155 995 5223 quod
1023 5154 1283 5223 sequitur,
1304 5150 1519 5206 inverso
1547 5154 1733 5205 ordine

186 5226 385 5280 exhibet
406 5222 798 5287 TheOtiﬂreltlS,
838 5222 1015 5278 ἱκανὸν
1041 5222 1149 5276 τῶν
1176 5223 1319 5277 ἔνδον
1351 5223 1635 5292 διαστῆσαι
1667 5224 1732 5276 τὰ

186 5292 294 5357 ἔξω.
324 5301 457 5362 quod
481 5297 643 5365 possit
677 5311 735 5347 ea
763 5313 879 5360 quia
901 5298 1029 5361 foris
1074 5295 1365 5365 sitahsunt,
1392 5309 1633 5357 separare
1666 5296 1728 5345 ab

185 5366 260 5422 its,
289 5382 399 5432 qua:
454 5363 595 5419 intra
638 5383 689 5419 se
716 5367 1120 5428 comprehendit.
1174 5363 1236 5416 Ει
1285 5367 1417 5417 hanc
1462 5365 1625 5417 fuisse
1658 5365 1728 5417 le-

190 5436 403 5489 ctionem
459 5437 643 5489 Basilii
712 5452 773 5489 ex
836 5436 1110 5487 Eustatbio
1164 5433 1352 5499 conjici
1402 5443 1594 5497 potest,
1640 5436 1726 5502 qui

188 5507 329 5574 vertit
361 5526 371 5559 :
416 5507 488 5561 Ut
541 5508 699 5570 possit
732 5524 789 5557 eu
824 5523 936 5574 qttn'
977 5509 1290 5557 extrinsecus
1328 5505 1617 5563 habentur,
1665 5506 1727 5556 ab

189 5572 511 5630 interioribus
574 5572 841 5641 separare.
891 5574 1003 5628 Huc
1033 5592 1197 5641 usque
1232 5576 1308 5624 vir
1361 5574 1723 5628 doctissimus.

192 5642 251 5697 Ut
279 5656 330 5697 ut
359 5648 466 5700 lure
500 5658 646 5712 sunt,
692 5663 876 5698 omnes
909 5648 1072 5699 nostri
1108 5645 1224 5698 libri
1262 5656 1365 5696 tum
1406 5645 1611 5696 calamo
1641 5661 1729 5695 no-

191 5718 293 5784 tati,
330 5728 434 5767 lunt
466 5720 607 5784 typis
634 5717 813 5771 excusi
841 5717 1037 5771 habent
1073 5726 1381 5771 constanter
1418 5713 1599 5767 ἰκανὸν
1621 5714 1725 5766 τῶν

190 5782 281 5845 ἔξω
310 5782 583 5857 διαστῆσαι
610 5788 676 5840 τά
707 5786 869 5839 ἔνδον.

253 5858 357 5930 (56)
384 5856 777 5921 'l'beodoretus,
808 5857 970 5913 editio
1020 5856 1204 5923 Basil.,
1235 5865 1452 5925 uterque
1509 5857 1641 5911 Duc,
1671 5866 1721 5909 ρι

1836 4663 2078 4715 similiter
2102 4661 2315 4729 legitur,
2349 4664 2460 4723 τοῖς
2495 4663 2711 4725 ἐντὸς...
2740 4662 3169 4731 ἀπειλημμένοις
3192 4702 3209 4722 ,
3248 4666 3396 4716 rebus

1838 4734 1973 4784 intra
1997 4733 2158 4797 ipsius
2184 4731 2653 4799 circumferentiam
2671 4735 2946 4788 contentis.
2984 4734 3150 4801 Negat
3173 4731 3399 4788 Basilius

1839 4805 2085 4855 tenebras
2112 4812 2355 4854 naturam
2394 4818 2511 4856 esse
2540 4818 2567 4855 a
2598 4802 2703 4856 Deo
2740 4814 2977 4857 creatam
3019 4820 3032 4856 :
3071 4805 3163 4858 sed
3210 4819 3395 4857 earum

1834 4872 2097 4940 originem
2123 4873 2201 4925 sic
2241 4874 2447 4938 repetit.
2477 4873 2532 4926 Si
2559 4874 2682 4941 quid
2718 4884 2840 4926 ante
2880 4876 3131 4927 mundum
3163 4875 3398 4929 sensibi-

1836 4941 2027 4995 leniet
2084 4944 2481 5009 corruptibilem
2544 4945 2766 5007 exstitit,
2825 4945 2968 4997 idin
3025 4945 3224 4998 lumine
3272 4945 3393 5008 fuit,

1836 5028 2008 5081 neque
2040 5014 2180 5064 enim
2215 5014 2385 5080 angeli
2418 5016 2464 5065 in
2493 5015 2726 5067 tenebris
2750 5015 3031 5081 degebant,
3058 5016 3146 5069 sed
3178 5014 3229 5067 in
3255 5013 3391 5070 luce.

1836 5082 1942 5136 Sed
1994 5085 2105 5136 inec
2131 5082 2216 5135 lux
2241 5085 2482 5150 corporis
2520 5085 2671 5150 opaci
2717 5083 2995 5151 interjectu
3027 5085 3271 5139 intercidi
3299 5088 3389 5139 de-

1835 5154 1967 5208 buit.
1994 5154 2169 5221 Quare
2221 5170 2340 5207 cum
2376 5154 2590 5218 cadunt,
2623 5158 2760 5221 quod
2788 5164 2867 5207 est
2911 5170 3106 5223 corpus
3143 5171 3389 5224 opacum,

1834 5234 2071 5277 creatum
2100 5234 2203 5287 est,
2258 5240 2589 5293 qrmcuuque
2630 5226 2766 5278 intra
2816 5225 2956 5278 illius
3007 5224 3387 5280 circumferen-

1834 5293 1959 5346 tiam
1992 5293 2373 5360 comprehensa
2415 5294 2649 5357 fuerunt,
2688 5295 2801 5348 luce
2826 5295 2935 5357 illa,
2961 5309 3077 5362 qua:
3120 5304 3203 5349 est
3239 5308 3391 5349 extra

1833 5365 2086 5433 mundum
2129 5366 2433 5418 sensibilein
2469 5374 2522 5418 et
2549 5366 2968 5433 corruptibilein,
2996 5379 3237 5419 Caruere.
3266 5365 3391 5421 Coe-

1832 5432 1937 5487 lum
1960 5450 2085 5504 ergo
2118 5449 2219 5488 non
2246 5436 2415 5487 locum
2439 5453 2471 5488 a
2511 5453 2563 5488 se
2598 5438 2895 5489 derelictum
2925 5436 3279 5503 obnubilavit,
3303 5438 3390 5488 sed

1830 5504 2001 5557 locum
2033 5522 2063 5555 a
2093 5520 2145 5557 se
2170 5505 2609 5573 comprehensum.
2645 5506 2856 5559 MARAN.

1901 5575 2010 5649 (57)
2048 5573 2176 5649 Reg.
2241 5586 2427 5629 sextus
2473 5575 2690 5649 ὑπόθου
2725 5592 2831 5649 μοι
2868 5578 2925 5629 ἐν
2984 5575 3247 5649 σταθηρᾷ.
3286 5574 3393 5631 Sed

1831 5644 2245 5717 ἱΙΙιιιΙ,“νύπόθου
2309 5664 2417 5717 μοι,
2461 5662 2630 5714 neque
2684 5644 2734 5699 in
2788 5648 2905 5700 aliis
2934 5662 3088 5710 mss.,
3121 5644 3291 5716 neque
3339 5649 3386 5700 in

1828 5716 2251 5790 editislegitur._
2291 5716 2461 5771 Voces
2508 5721 3000 5788 περιστήσαντα...
3037 5717 3397 5790 καθειργνύν-

1826 5787 2167 5908 invidentur
2191 5787 2438 5842 adbibit-.1:
2478 5789 2643 5843 fuisSe
2694 5787 2742 5843 in
2788 5791 2999 5844 modum
3034 5787 3391 5845 casus'abso-

1850 5870 1941 5908 ull.

1850 5870 1941 5910 ult.
