4098 6326
661 353 736 411 ιε
1998 358 2055 413 S.
2095 354 2244 411 BASI

2374 357 2585 414 MAGNI
3827 363 3897 417 44

666 481 797 535 Sive
837 473 1082 548 spiritum
1125 475 1268 531 hunc
1321 475 1467 532 dicat
1516 474 1858 532 diﬂusioncm
1901 490 2022 531 esse
2071 476 2229 538 aeris,

2351 476 2440 530 τοῦ
2475 477 2708 543 ὕδατος.
2746 478 2868 532 Εἴτε
2909 477 3018 548 (58)
3063 477 3218 532 τοῦτο
3258 477 3404 546 λέγει
3447 477 3508 531 τὸ
3543 477 3780 549 πνεῦμα,
3801 478 3894 532 τοῦ

664 580 847 643 partes
924 569 1106 624 mundi
1171 568 1264 623 tibi
1333 585 1361 623 a
1436 570 1698 639 scriptore
1770 569 2079 624 enumerari
2152 567 2232 620 iu-

669 663 880 734 telligas
935 681 947 716 :
1003 665 1203 732 quippe
1276 659 1403 714 fecit
1473 659 1614 714 Deus
1685 660 1918 724 emittm,
1993 665 2231 721 terram,

665 769 884 824 aquam,
918 769 1124 818 aerem,
1153 766 1385 822 eumque
1435 750 1682 806 diﬂ‘usum
1727 751 1839 820 jam
1893 759 1947 802 et
1991 749 2231 804 diﬂluen-

665 857 796 901 tem.
830 845 979 909 Sive,
1021 845 1162 914 quod
1192 855 1246 900 et
1276 845 1456 898 verius
1487 853 1588 907 est,
1618 852 1670 897 et
1702 842 1997 912 majoribus
2032 841 2235 895 nostris

665 938 1101 1007 comprobatum,
1140 936 1378 1006 Spiritus
1399 936 1512 1000 Dei,
1543 935 1775 990 Sanctus
1809 937 1895 990 ille
1915 935 2093 989 dictus
2127 936 2233 988 sit:

664 1044 731 1083 eo
756 1032 898 1100 quod
947 1029 1292 1084 observatum
1334 1040 1417 1084 est
1446 1029 1781 1098 Scripturam
1817 1045 1940 1083 eum
1973 1028 2233 1096 ejusmodi

671 1120 1029 1189 appellatione
1071 1121 1418 1191 peculiariter
1461 1137 1525 1175 ac
1584 1124 1859 1192 praecipue
1905 1124 2136 1189 dignari,
2173 1137 2238 1177 ac

674 1214 876 1269 nullum
933 1216 1098 1268 alium
1133 1214 1394 1283 Spiritum
1430 1216 1519 1269 Dei
1571 1217 1876 1279 nominare,
1920 1232 2079 1285 quam
2107 1230 2235 1268 san-

672 1317 817 1362 ctum
839 1309 1009 1371 illum,
1042 1310 1130 1376 qui
1158 1309 1392 1362 divinam
1421 1320 1473 1362 et
1506 1311 1718 1361 beatam
1747 1307 2061 1362 Trinitatem
2091 1325 2239 1363 com-

672 1399 801 1468 plet.
846 1397 994 1452 llanc
1031 1412 1243 1466 quoque
1268 1399 1591 1451 sententiam
1621 1398 1664 1450 si
1692 1398 1995 1462 admiseris,
2028 1398 2145 1467 plus
2174 1415 2238 1452 ex

673 1505 737 1545 ea
759 1500 1113 1560 percepturus
1143 1503 1202 1542 es
1225 1489 1591 1545 emolumenti.
1645 1488 1924 1554 Quomodo
1961 1490 2121 1559 igitur
2160 1490 2238 1544 fe-

677 1584 900 1638 rebatur
945 1598 1105 1651 super
1141 1582 1347 1650 aquas?
1392 1582 1573 1637 Dicam
1621 1583 1713 1637 tibi
1756 1597 1860 1636 non
1909 1599 2106 1648 meam,
2147 1588 2241 1638 sed

678 1678 776 1730 viri
809 1675 929 1746 Syri
955 1675 1300 1740 sententiam,
1333 1676 1424 1745 qui
1452 1685 1662 1728 tantum
1700 1691 1730 1729 a
1774 1677 1954 1730 mundi
2010 1677 2244 1732 distabat

677 1766 966 1836 sapientia,
1014 1775 1272 1830 quantum
1313 1766 1377 1818 ad
1430 1781 1611 1818 rerum
1671 1781 1925 1818 verarum
1960 1769 2238 1822 scientiam

680 1858 1172 1927 appropinquabat.
1216 1856 1404 1909 Aiebat
1456 1857 1620 1926 igitur
1659 1873 1844 1912 vocem
1883 1857 2139 1929 Syrorum
2191 1871 2245 1915 et

678 1949 1160 2018 signiﬁcantiorem
1188 1957 1396 2011 esse,et
1417 1949 1484 2001 ob
1514 1963 1664 2002 suam
1692 1964 1813 2003 cum
1849 1947 2112 2005 Hebraica
2141 1951 2246 2004 lin-

679 2057 780 2110 gua
813 2042 1210 2110 cognationem,
1257 2041 1486 2108 quodam
1521 2043 1680 2094 modo
1727 2043 1793 2095 ad
1839 2042 2242 2112 Scripturarum

681 2147 896 2187 sensum
927 2133 1145 2201 pr0pius
1175 2132 1456 2186 accedere.
1485 2131 1670 2201 Itaque
1695 2133 1854 2187 talem
1885 2134 2098 2188 dicebat
2126 2149 2246 2190 esse

683 2226 840 2290 hujus
870 2224 998 2279 dicti
1039 2225 1386 2281 sententiam.
1420 2225 1575 2289 Illud,
1606 2225 1900 2294 inquiebat,
1921 2228 2142 2281 verbum
2168 2228 2242 2296 fe-

683 2318 916 2383 rebatur,
959 2317 1379 2386 interpretantes
1405 2327 1624 2371 sumunt
1662 2331 1761 2380 pro
1790 2317 1976 2378 verbo,
2009 2319 2247 2386 confove—

682 2407 792 2471 bat,
828 2414 882 2461 et
905 2407 976 2461 ita
1001 2414 1207 2460 naturae
1228 2422 1488 2476 aquarum
1512 2407 1619 2459 vim
1640 2405 1907 2460 tribuebat
1936 2405 2247 2471 fetilicandi,

682 2501 854 2554 instar
904 2497 1211 2553 incubantis
1258 2498 1374 2553 avis
1395 2538 1411 2561 ,
1441 2507 1496 2552 et
1524 2497 1740 2553 vitalem
1770 2497 2056 2568 quamdam
2086 2496 2252 2552 facul-

683 2597 850 2644 tatem
878 2588 944 2643 iis
976 2604 1096 2658 qua:
1126 2589 1383 2644 foveatur
1408 2588 1790 2656 impartientis.
1854 2587 2036 2642 Talem
2081 2603 2252 2658 quan—

684 2684 808 2734 dam
847 2680 1255 2750 intelligentiam
1301 2680 1453 2734 aiunt
1491 2680 1592 2734 hac
1619 2693 1751 2734 voce
1799 2678 2045 2733 indicari.
2081 2679 2251 2734 Nimi-

683 2785 804 2823 rum
855 2769 1120 2837 ferebatur
1147 2769 1366 2838 spiritus
1402 2786 1557 2838 super
1584 2786 1771 2836 aquas,
1814 2771 1918 2824 hoc
1947 2778 2030 2824 est
2053 2809 2068 2835 ,
2098 2779 2251 2823 natu-

687 2875 803 2914 ram
845 2875 999 2929 aqua:
1046 2859 1110 2914 ad
1159 2860 1388 2915 feturam
1447 2863 1807 2928 praeparabat.
1833 2857 2009 2924 Quare
2045 2861 2186 2928 quod
2221 2876 2250 2912 a

686 2948 1007 3014 quibusdam
1038 2949 1323 3016 quaeritur,
1354 2946 1486 3000 satis
1511 2960 1578 3000 ex
1606 2946 1709 3001 hoc
1743 2945 1931 3017 liquet,
1963 2962 2154 3018 nempe
2184 2948 2252 3002 ab

687 3046 809 3095 actu
843 3036 1060 3092 creandi
1092 3037 1349 3107 Spiritum
1381 3047 1624 3094 sanctum
1656 3053 1761 3095 non
1786 3038 2039 3095 abfuisse.

759 3221 812 3276 7.
850 3219 919 3274 Et
944 3221 1078 3274 dixit
1107 3221 1268 3283 Deus,
1309 3220 1544 3274 Fiatlux
1577 3221 1642 3273 “.
1690 3220 1865 3276 Prima
1897 3222 1989 3275 Dei
2030 3237 2130 3277 vox
2167 3222 2247 3276 lu-

685 3311 766 3367 cis
813 3319 1062 3365 naturam
1101 3311 1345 3373 creavit,
1401 3308 1678 3378 dissipavit
1731 3310 2000 3373 tenebras,
2032 3312 2250 3379 dispulit

687 3404 1027 3466 maestitiam,
1080 3403 1334 3456 mundum
1376 3401 1686 3468 illustravit,
1723 3410 1777 3456 et
1801 3403 2091 3456 acervatim
2122 3417 2250 3471 gra-

687 3504 806 3548 tum
856 3507 921 3548 ac
970 3493 1263 3564 jucundum
1305 3504 1576 3564 aspectum
1627 3493 1892 3549 universis
1932 3495 2247 3564 impertivit.

689 3584 821 3639 Nam
852 3595 907 3640 et
950 3586 1146 3640 caelum
1195 3585 1466 3653 apparuit,
1514 3595 1670 3639 antea
1705 3585 1758 3638 in
1784 3586 2023 3641 tenebris
2062 3585 2249 3640 delite-

688 3693 885 3742 scens;
919 3677 1032 3731 visa
1069 3685 1152 3732 est
1182 3687 1236 3731 et
1271 3678 1438 3746 ipsius
1476 3675 1839 3745 pulchritudo,
1887 3691 2054 3744 eaque
2102 3687 2246 3732 tanta

689 3778 948 3839 quantam
1001 3769 1166 3826 etiam
1203 3785 1344 3824 nunc
1391 3769 1528 3824 oculi
1573 3777 1857 3824 testantur.
1896 3767 2000 3837 19
2025 3768 2254 3824 Illustra-

690 3862 852 3916 batur
900 3869 1080 3916 autem
1131 3877 1265 3927 aer;
1316 3862 1422 3916 imo
1463 3862 1774 3931 permistatn
1813 3860 1916 3915 sibi
1961 3859 2133 3915 lucem
2168 3861 2258 3915 lia-

760 4027 807 4058 "
833 4024 970 4081 Gen.
1005 4042 1045 4092 ι,
1075 4027 1128 4082 5.

763 4174 874 4246 (58)
933 4175 1156 4230 Codices
1215 4191 1316 4230 non
1382 4175 1536 4246 pauci
1593 4174 1725 4227 εἴτε.
1786 4173 2084 4244 Ειίίιίείγε.
2132 4176 2254 4231 Μοι

691 4243 1145 4315 ΟοΙΙ).“εεειιηόυε
1188 4243 1751 4315 συγκαταριθμοῦντα.

763 4315 877 4386 (59)
908 4314 998 4368 Sic
1061 4330 1190 4386 mss.
1218 4385 1221 4386 ν
1245 4314 1490 4386 septem.
1521 4314 1660 4369 Editi
1710 4329 1840 4386 vero
1891 4317 1984 4368 κα).
2023 4316 2254 4386 μάλιστα

693 4384 1088 4455 ἀληθέστερον.
1148 4385 1348 4439 Ibidem
1410 4384 1538 4455 editi
1605 4400 1725 4439 cum
1788 4384 2053 4452 aliquibus
2121 4402 2252 4442 mss.

694 4453 971 4528 ἐγκριθέν.
989 4453 1090 4528 Alii
1126 4470 1254 4509 mss.
1270 4453 1558 4528 »ἐκκριθέψ

767 4523 1350 4598 (10)_Colb.secuntlus
1390 4523 1660 4598 μακαρίας
1689 4527 1781 4578 καὶ
1808 4525 1967 4595 άγίας
1998 4527 2118 4597 Τρι.
2148 4524 2255 4581 lbi-

694 4594 817 4652 dein
851 4594 993 4650 idem
1017 4597 1187 4649 codex
1224 4594 1444 4665 μείζονά
1477 4594 1596 4646 τινα
1627 4597 1725 4665 ἁτε.

767 4665 878 4733 (Μ)
913 4666 1003 4718 Sic
1045 4665 1194 4719 multi
1227 4663 1364 4719 'mss.
1425 4664 1584 4717 Deest
1627 4663 1782 4718 τοῦτο
1831 4666 1882 4719 in
1921 4666 2096 4719 editis.
2133 4667 2252 4721 Mox

696 4735 833 4791 ἀλλὰ
855 4735 1026 4806 Σύρου
1057 4734 1266 4806 ἀνδρός,
1310 4735 1400 4788 sed
1423 4734 1524 4806 vir_t'
1553 4733 1698 4806 Syri,
1734 4745 1836 4788 etc.
1888 4736 2065 4790 Monet
2093 4737 2255 4791 Tulic-

699 4802 1278 4876 montius'lticiutelligi
1304 4819 1460 4875 posse
1479 4802 1764 4858 Eusebium
1796 4806 2251 4870 Satnosatensem;

696 4878 791 4930 sed
846 4876 1101 4931 convenit
1154 4877 1266 4930 fere
1310 4879 1447 4928 inter
1482 4876 1670 4928 doctos
1697 4915 1710 4936 ,
1767 4876 2037 4943 designari
2081 4881 2256 4943 potius

698 4948 932 5014 Ephrem
970 4945 1251 5000 diaconum
1298 4946 1512 5014 Syrum.
1546 4944 1699 5010 Quod
1735 4955 1909 4997 autem
1961 4948 2153 5000 attinet
2190 4948 2254 4998 ad

700 5019 797 5069 viri
835 5018 976 5070 illius
1004 5017 1126 5086 Syri
1151 5016 1605 5086 eXplaualionetu,
1651 5030 1769 5066 eam
1801 5017 2028 5086 omnino
2060 5018 2256 5068 conlir-

702 5098 810 5138 mat
843 5083 1232 5156 Hieronymus,
1265 5097 1390 5137 tom.
1428 5083 1503 5143 ll.
1543 5083 1968 5156 Qua’slrllebru
2007 5087 2255 5138 columna

701 5156 823 5209 5:38.
857 5175 873 5205 ι
913 5155 1114 5218 Proeti,
1141 5155 1332 5224 inquit,
1350 5157 1491 5221 quod
1525 5156 1574 5206 iu
1606 5155 2091 5224 nostriscodicibus
2122 5160 2255 5209 scri-

704 5239 852 5290 ptum
889 5236 1004 5286 est,
1034 5223 1300 5291 ferebatur
1327 5265 1339 5282 .
1392 5226 1443 5276 in
1483 5225 1705 5278 llebrteu
1751 5223 1946 5290 habet,
1989 5227 2253 5293 nterefeth,

703 5297 844 5362 quod
863 5312 959 5349 nos
986 5296 1254 5364 appellare
1292 5311 1575 5363 possumus
1606 5296 1906 5352 incubabat,
1944 5298 2056 5350 sive
2088 5299 2258 5362 con/'0-

703 5368 870 5427 νεῦσε,
900 5366 951 5418 iu
975 5366 1379 5418 similitudinem
1410 5365 1663 5422 volucris.
1687 5381 1785 5417 ova
1817 5365 1993 5418 Calorc
2016 5364 2258 5418 animau-

706 5437 792 5488 tis.
829 5455 847 5487 ι
878 5433 1306 5488 Montfauconins
1333 5445 1533 5499 noster,
1565 5437 1650 5501 qui
1685 5437 1904 5486 verbum
1939 5433 2257 5488 Hebraicum

703 5509 785 5560 sic
815 5505 1072 5559 exscribit
1105 5505 1296 5558 litteris
1322 5503 2260 5575 Grmeisﬁuapaeqpéo,interpretatur

705 5575 879 5629 locum
927 5577 1087 5628 istum
1126 5577 1224 5630 hoc
1258 5577 1416 5627 modo
1448 5593 1462 5626 :
1512 5573 1576 5626 Et
1607 5573 1825 5643 spiritus
1861 5573 1953 5627 Dei
1985 5576 2260 5626 motitabat

704 5662 861 5710 super
879 5646 1039 5714 facies
1071 5661 1343 5712 aquarum.
1394 5644 1533 5698 LXX
1567 5654 1876 5700 verterunt.
1925 5646 2258 5715 ἐπεφέρετο,

707 5720 1149 5783 superlerebntur.
1182 5715 1286 5768 Alii
1323 5729 1431 5769 tres
1470 5717 1808 5779 interpretes,
1847 5715 2032 5777 Aquila
2056 5755 2069 5776 ,
2102 5717 2259 5782 Sym-

706 5788 929 5842 tuacltus
964 5797 1017 5842 ct
1053 5785 1367 5846 Tlteodotio.
1421 5785 1832 5856 ἐπιψερὸμενον.
1882 5784 2029 5841 Iluuc
2075 5785 2255 5841 Basilii

2334 568 2494 638 ἀέρος
2521 569 2619 640 τὴν
2657 570 2831 640 χύσιν,
2856 571 3004 635 δέξαι
3029 572 3097 626 τὰ
3136 572 3275 642 μέρη
3311 571 3403 623 τοῦ
3447 570 3651 641 κόσμου
3677 589 3897 643 καταριο

2335 659 2577 730 Θμοῦντά
2609 679 2689 714 σοι
2727 664 2814 715 τὸν
2841 665 3175 734 συγγραφέα,
3205 665 3285 718 ὅτι
3313 665 3565 734 ἐποίησεν
3597 667 3626 717 ό
3654 664 3786 729 Θεὸς
3808 667 3898 719 0'3-

2340 753 2520 823 ρανὸν,
2571 753 2695 823 γῆν,
2734 753 2896 826 ὕδωρ,
2933 757 3091 826 ἀέρα,
3142 757 3233 808 καὶ
3276 755 3463 808 τοῦτον
3503 756 3758 826 χεόμενον
3800 758 3897 827 ἤδη

2335 845 2428 898 καὶ
2455 846 2643 917 ῥέοντα
2663 863 2676 875 ·
2705 847 2834 908 εἴτε,
2857 846 2884 898 ὃ
2919 847 3010 899 καὶ
3038 847 3233 916 μᾶλλον
3270 845 3628 917 ἀληθέστερόν
3659 846 3768 914 (59)
3793 849 3900 899 ἐστι

2339 938 2566 1000 καὶτοῖς
2602 938 2702 1007 πρὸ
2732 938 2889 1008 ἡμῶν
2917 939 3182 1008 ἐγκριθέν,
3214 938 3435 1009 Πνεῦμα
3469 936 3631 998 Θεοῦ,
3664 937 3726 988 τὸ
3755 935 3902 1003 ἅγιον

2338 1027 2585 1098 εἴρηται·
2621 1028 2708 1081 διὰ
2761 1028 2821 1080 τὸ
2861 1028 3188 1098 τετηρῆσθαι
3241 1027 3398 1082 τοῦτο
3451 1028 3767 1091 ἰδιαζόντως
3812 1029 3903 1078 καὶ

2339 1117 2629 1188 ἐξαιρέτως
2672 1119 2770 1188 τῆς
2825 1116 3332 1191 τοιαύτης⁹μνήμης
3378 1120 3482 1173 ὑπὸ
3528 1119 3631 1188 τῆς
3687 1119 3905 1189 Γραςῆς

2339 1211 2637 1276 ἀξιοῦσθαι,
2665 1213 2757 1265 καὶ
2795 1212 2958 1282 μηδὲν
2993 1211 3117 1265 ἄλλο
3147 1213 3363 1283 Πνεῦμα
3399 1212 3556 1276 Θεοῦ,
3602 1213 3635 1284 ἢ
3668 1211 3732 1263 τὸ
3757 1212 3906 1278 ἆγιον

2339 1304 2399 1356 τὸ
2426 1305 2525 1374 τῆς
2559 1304 2705 1368 Θείας
2742 1307 2835 1358 καὶ
2876 1305 3148 1374 μακαρίας
3174 1305 3398 1375 Τριάδος
3419 1306 3530 1375 (40)
3581 1305 3908 1376 συμπληρω-

2340 1395 2488 1447 τικὸν
2533 1396 2910 1465 ὀνομάζεσθαι.
2956 1395 3064 1448 Καὶ
3099 1397 3301 1464 ταύτην
3330 1396 3766 1468 προσδεξάμενος
3813 1393 3908 1465 τὴν

2341 1486 2595 1550 διάνοιαν,
2635 1488 2854 1558 μείζονα
2899 1489 2995 1558 τὴν
3027 1488 3119 1541 ἀπ’
3144 1487 3308 1557 αὐτῆς
3341 1489 3608 1557 ὠφέλειαν
3639 1489 3907 1559 εὑρήσεις.

2343 1577 2467 1640 Πῶς
2502 1576 2592 1632 οὖν
2635 1580 2933 1650 ἐπεφέρετο
2971 1576 3126 1630 τοῦτο
3173 1577 3286 1646 (ιΗ)
3334 1579 3514 1631 ἐπάνω
3547 1578 3643 1631 τοῦ
3687 1578 3905 1638 ῦδατοςς

2357 1669 2494 1742 Ἐρῶ
2530 1688 2608 1724 σοι
2637 1675 2736 1726 οὐκ
2758 1670 2995 1742 ἐμαυτοῦ
3024 1671 3199 1738 λόγον,
3233 1669 3365 1721 ἀλλὰ
3394 1670 3561 1740 Σύρου
3603 1671 3796 1741 ἀνδρὺς
3827 1687 3910 1722 σο-

2346 1763 2471 1832 φίας
2499 1765 2762 1835 κοσμικῆς
2791 1764 3039 1818 τοσοῦτον
3072 1763 3459 1831 ἀφεστηκότος,
3491 1764 3614 1814 ὅσον
3651 1765 3816 1832 ἐγγὺς
3845 1758 3910 1833 ἦν

2345 1857 2442 1926 τῆς
2472 1855 2578 1908 τῶν
2599 1856 2863 1928 ἀληθινῶν
2895 1857 3220 1926 ἐπιστήμης.
3255 1855 3445 1922 Ἔλεγε
3479 1855 3659 1906 τοίνυν
3687 1859 3784 1925 τὴν
3810 1857 3910 1908 τῶν

2347 1952 2533 2022 Σύρων
2567 1952 2744 2022 φωνὴν
2787 1953 3239 2024 ἐμφατικωτέραν
3283 1970 3344 2005 τε
3386 1948 3545 2015 εἶναι,
3578 1953 3673 2005 καὶ
3698 1954 3786 2006 διὰ
3819 1956 3912 2022 τὴν

2346 2044 2482 2115 πρὸς
2510 2043 2608 2114 τὴν
2654 2044 2903 2115 Ἐὅραῒδα
2945 2047 3238 2112 γειτνίασιν
3281 2044 3476 2115 μᾶλλόν
3517 2049 3721 2115 πωςτῇ
3748 2047 3914 2116 ἐννοίᾳ

2345 2135 2452 2187 τῶν
2481 2136 2519 2187 Γ
2523 2134 2711 2204 ραφῶν
2771 2136 3169 2204 προσεγγίζειν.
3209 2134 3362 2190 Εἶναι
3410 2132 3502 2190 οὖν
3532 2137 3631 2208 τὴν
3685 2138 3913 2190 διάνοιαν

2346 2227 2438 2281 τοῦ
2486 2228 2650 2299 ῥητοῦ
2708 2227 2984 2299 τοιαύτην.
3034 2230 3127 2290 Τὸ,
3169 2231 3548 2300 Exegi—Spero,
3598 2231 3788 2300 ιρησὶν,
3834 2229 3914 2291 ἐξ·

2348 2318 2603 2390 ηγοῦνται
2640 2320 2762 2373 ἀντὶ
2806 2319 2922 2386 τοῦ,
2969 2320 3332 2379 συνέθαλπε.
3377 2325 3469 2376 καὶ
3512 2322 3797 2391 ἐζωογὸνει
3825 2319 3914 2389 τὴν

2348 2409 2456 2460 τῶν
2483 2410 2687 2463 ὑδάτων
2719 2412 2898 2480 φύσιν,
2929 2411 3068 2465 κατὰ
3091 2412 3191 2482 ’μὴν
3235 2413 3416 2465 εἰκόνα
3441 2413 3540 2483 τῆς
3564 2411 3914 2478 ἐπωαζούπς

2347 2499 2585 2572 ὄρνιθος,
2633 2501 2727 2553 καὶ
2787 2501 3018 2574 ζωτικὴν
3071 2522 3192 2556 τινα
3245 2502 3472 2573 δύναμιν
3526 2504 3764 2575 ἐνιείσης
3813 2505 3916 2564 101';

2351 2592 2833 2661 ὑποθαλπομένοις.
2882 2593 3131 2646 Τοιοῦτόν
3171 2595 3292 2648 τινά
3331 2613 3490 2664 ςιασιν
3521 2595 3632 2664 (49.)
3676 2594 3784 2646 ὑπὸ
3824 2593 3915 2662 τῆς

2351 2686 2532 2756 φωνῆς
2556 2684 2758 2753 ταύτης
2794 2683 3228 2755 παραδηλοῦσθαι
3257 2687 3346 2738 τὸν
3373 2686 3515 2746 νοῦν⁹
3564 2687 3640 2748 ὼς
3663 2687 3918 2752 ἐπιφεροο

2345 2777 2532 2846 μένου
2581 2774 2686 2829 τοῦ
2713 2776 3084 2842 πνεύματος·
3127 2774 3395 2836 τουτέστι,
3452 2775 3588 2842 πρὸς
3633 2773 3920 2841 ζωογονίαν

2352 2869 2448 2939 τὴν
2480 2868 2574 2921 τοῦ
2609 2868 2801 2930 ὓδατος
2841 2867 3001 2936 φύσιν
3041 2863 3545 2938 παρασκευάζοντος
3568 2882 3581 2894 ο
3630 2865 3768 2916 ὥστε
3807 2866 3918 2917 ἰκα-

2353 2961 2459 3024 νῶς
2490 2963 2553 3014 ἐκ
2581 2959 2768 3012 τούτου
2803 2960 2863 3012 τὸ
2893 2959 3042 3028 παρά
3070 2975 3230 3010 τινων
3266 2955 3690 3026 ἐπιζητούμενον
3711 2956 3917 3009 δείκνυ-

2357 3053 2500 3116 σθαι,
2533 3053 2613 3105 ὅτι
2648 3052 2768 3105 οὐδέ
2796 3051 2894 3121 τῆς
2921 3050 3314 3122 δημιουργικῆς
3349 3047 3626 3121 ἐνεργείας
3669 3049 3729 3101 τὸ
3759 3047 3918 3101 Πνεῦ-

2275 3157 2318 3215 C
2355 3164 2429 3218 μα
2461 3145 2520 3198 τὸ
2559 3144 2709 3212 ἅγιον
2735 3144 3083 3196 ἀπολείπεται
3120 3143 3254 3211 (65).

2422 3233 2472 3286 7.
2497 3230 2606 3286 Καὶ
2641 3225 2808 3283 εἶπεν
2838 3232 2870 3282 d
2895 3229 3059 3293 Θεὸς,
3079 3227 3393 3295 Γενηθήτω
3418 3226 3560 3295 φῶς.
3583 3226 3778 3297 Πρώτη
3812 3241 3922 3292 φω-

2353 3323 2417 3391 νὴ
2450 3320 2582 3372 Θεοῦ
2625 3321 2803 3388 φωτὸς
2833 3320 2993 3387 φύσιν
3017 3318 3435 3388 ἐδημιούργησε,
3466 3319 3525 3370 τὺ
3556 3319 3748 3381 σκότος
3779 3319 3918 3386 ἠφά-

2357 3427 2492 3472 νισε,
2525 3409 2618 3479 τὴν
2652 3411 2948 3479 κατήφειαν
2981 3408 3208 3468 διέλυσε,
3266 3409 3356 3461 τὸν
3386 3408 3588 3478 κόσμον
3615 3411 3919 3481 ὲφαίδρυνε,

2356 3505 2521 3557 πᾶσιν
2557 3501 2768 3573 ἀθρόως
2799 3501 3093 3572 χαρίεσσαν
3136 3502 3256 3573 ὄψιν
3287 3501 3381 3555 καὶ
3413 3502 3592 3572 ἡδεῖαν
3621 3504 3919 3570 ἐπήγαγεν.

2355 3595 2593 3667 Οὐρανός
2624 3611 2684 3646 τε
2715 3595 2822 3665 γὰρ
2840 3592 3069 3666 ἐξεφάνη
3101 3593 3509 3666 κεκαλυμμένος
3542 3593 3678 3658 τέως
3702 3592 3777 3664 τῷ
3801 3593 3925 3646 σκό-

2358 3707 2453 3756 τῳ,
2501 3687 2596 3741 καὶ
2629 3687 2688 3741 τὸ
2707 3686 2818 3757 (44)
2849 3687 2942 3740 ἀπ’
2971 3685 3135 3739 αὐτοῦ
3170 3686 3362 3750 κάλλος
3394 3685 3665 3749 τοσοῦτον,
3696 3687 3814 3739 ὅσον
3839 3684 3924 3738 ἔτι

2359 3779 2452 3830 καὶ
2477 3778 2570 3832 νῦν
2603 3778 2869 3850 ὀφθαλμοὶ
2897 3778 3248 3850 μαρτυροῦσι.
3279 3779 3686 3850 Περιελάμπετο
3712 3779 3768 3832 δὲ
3792 3777 3918 3850 ἀὴρ.

2364 3870 2560 3938 μᾶλλον
2598 3872 2653 3924 δὲ
2703 3874 3105 3944 ἐγκεκραμένον
3134 3872 3312 3943 ἐαυτῷ
3343 3871 3461 3928 ὅλον
3490 3871 3663 3925 διόλου
3692 3866 3803 3941 εἶχε
3861 3869 3922 3923 τέ)

2360 4179 2536 4232 locum
2600 4170 2917 4228 Ambrosius
2963 4168 3029 4222 de
3087 4182 3234 4223 more
3280 4166 3331 4220 in
3374 4179 3527 4220 suum
3561 4162 3918 4232 Hexaemeron

2364 4228 2665 4300 iranstuiit.
2698 4242 2936 4307 Denique
2976 4238 3167 4310 Syrus,
3205 4238 3396 4310 inquit,
3438 4235 3536 4310 qui
3569 4232 3784 4310 vicinus
3821 4228 3919 4282 lle-

2360 4319 2505 4370 braeo
2539 4326 2642 4379 est,
2673 4321 2724 4367 et
2751 4306 3295 4365 sermone'consonai
3325 4308 3377 4379 in
3405 4306 3678 4375 plerisque
3711 4309 3768 4356 et
3794 4315 3921 4354 con-

2360 4388 2523 4455 gruit,
2549 4377 2840 4455 sic'habet:
2869 4381 2935 4433 Et
2961 4379 3193 4455 Spiritus
3217 4377 3538 4455 Deilove‘bttt
3574 4389 3760 4454 aquas,
3791 4381 3917 4455 etc...

2363 4441 2452 4510 iib.
2492 4441 2521 4508 ι’
2546 4454 2824 4523 Heraean,
2861 4441 3082 4523 cap.
3116 4465 3261 4523 num.
3300 4441 3392 4503 9.9.
3422 4445 3560 4523 Q_u_in_
3594 4443 3760 4523 etiam
3799 4441 3920 4523 Dio-

2358 4527 2520 4580 dorus
2567 4541 2669 4577 non
2716 4521 2870 4574 aliter
2924 4514 3183 4573 intellexit
3229 4533 3414 4571 vocem
3469 4514 3811 4575 Hebraicatn,
3843 4520 3920 4562 at-

2357 4612 2459 4664 que
2503 4596 2581 4648 vir
2619 4594 2706 4646 ille
2740 4591 2930 4664 Syrus,
2962 4590 3347 4664 ttt‘vitlere_es_t_
3375 4585 3600 4664 iu_notis
3648 4592 3760 4664 tum
3815 4580 3917 4659 Du-

2369 4655 2485 4726 ca'i,
2525 4675 2636 4718 tum
2660 4655 2829 4715 nostri
2866 4659 3272 4713 Montfaucouii.
3308 4655 3457 4710 llaud
3507 4655 3783 4726 immerito
3804 4655 3918 4703 exi-

2357 4723 2540 4788 stimat
2573 4733 2952 4787 Ttllemoutius
2975 4745 3096 4783 esse
3146 4727 3456 4788 verisimile,
3489 4723 3848 4792 Augustinum
3889 4733 3916 4770 e

2359 4805 2536 4858 Basilii
2567 4816 2730 4872 opere
2761 4803 3100 4872 excerpsisse
3128 4813 3376 4872 ea,-qum_
3396 4796 3642 4864 leguntur
3669 4794 3736 4872 de
3762 4792 3915 4872 docto

2357 4879 2584 4938 quodam
2603 4859 2750 4937 ’διτο
2775 4872 2866 4925 lib.
2903 4859 3023 4923 ι’οε
3046 4859 3229 4923 Genesi
3252 4859 3320 4920 (id
3339 4859 3473 4931 lim,
3491 4883 3638 4919 nutu.
3668 4861 3758 4916 56.
3782 4859 3917 4928 Lege

2357 4945 2513 4998 Praef.
2540 4961 2684 4996 num.
2717 4941 2806 4997 92.

2428 5016 2541 5084 (42)
2562 5013 2634 5066 Ita
2657 5028 2783 5084 mss.
2805 5022 3026 5084 septem.
3056 5008 3191 5084 Editi
3210 5019 3258 5061 et
3279 5005 3429 5084 Col_b.
3444 5006 3716 5060 secundus
3736 5005 3914 5077 φησίν.

2360 5077 2555 5140 Ibidem
2590 5083 2736 5136 (lolb.
2774 5077 2975 5148 primus
3001 5079 3085 5131 διὰ
3118 5079 3218 5147 τῆς
3249 5077 3449 5148 φωνῆς.

2430 5155 2538 5225 (45)
2569 5155 2655 5225 Sic
2691 5144 2866 5225 plu-res
2915 5144 3200 5225 IHSSLEtIIIi
3231 5146 3609 5225 ἀπολείπηται.
3645 5144 3766 5225 Slus
3813 5145 3917 5225 [rrec

2358 5216 2540 5287 verba,
2566 5224 2664 5293 τὴν
2692 5216 3005 5290 ’κατήφειαν
3033 5218 3295 5278 διέλυσεν,
3329 5220 3521 5293 desunt
3551 5218 3599 5293 i_u
3630 5216 3816 5277 editis,
3849 5219 3915 5268 le-

2359 5307 2557 5363 guntur
2591 5286 2717 5345 vero
2750 5294 2798 5343 in
2831 5286 3039 5358 septem
3072 5303 3410 5363 mss.._guam
3446 5286 3730 5363 lectionem
3757 5300 3916 5363 agno-

2360 5355 2435 5418 “in
2467 5364 2801 5424 Eustathius,
2836 5355 2923 5428 qui
2962 5361 3123 5412 vertit
3153 5377 3166 5411 :
3207 5355 3580 5423 Mmoremque
3608 5356 3876 5428 dissoluit.

2432 5436 2543 5504 (44)
2575 5434 2665 5487 Sic
2702 5426 3109 5504 Regii—primus,
3152 5429 3365 5504 tertius,
3407 5434 3632 5504 quartus
3655 5464 3675 5504 ,_
3701 5426 3916 5504 quintus

2360 5495 2618 5559 etSex'tns
2662 5495 2803 5556 cum'
2820 5495 2970 5555 Coll).
3029 5498 3263 5552 secundo
3298 5505 3496 5551 etcum
3529 5495 3697 5547 Coisl.
3740 5495 3917 5549 itidem

2361 5577 2614 5629 secundo.
2648 5573 2709 5624 At
2740 5568 3035 5644 editi/tim;
3063 5567 3370 5644 rqrxdsptp,
3402 5566 3494 5644 καὶ
3508 5565 3586 5617 τό.
3613 5564 3921 5644 ldcmntnen-

2363 5648 2485 5699 dum
2523 5648 2572 5698 iu
2626 5644 2787 5696 libros
2827 5643 2997 5694 editos
3036 5633 3191 5705 paulo
3231 5633 3354 5694 ante
3403 5637 3721 5707 irrepserat.
3759 5633 3917 5690 Coisl.

2362 5716 2621 5772 vetustior
2650 5714 2784 5777 τέως
2818 5711 2894 5782 τῷ
2933 5709 3133 5764 σκότει.
