4060 6316
616 374 687 432 ιτ
1962 372 2020 427 s.
2061 374 2306 429 essu."
2348 378 2561 433 MAGNI
2664 338 2667 345 λ
3808 388 3869 444 t8

615 495 825 543 tantum
856 485 987 539 nilnl
1019 494 1184 555 queat
1211 488 1530 555 praedicare,
1563 496 1826 556 quantum
1867 501 2062 544 sensus
2098 505 2190 545 an-

2298 493 2454 545 καλδν
2496 495 2557 547 ὲκ
2585 495 2684 565 τῆς
2734 494 2872 567 πρὸς
2905 492 3110 563 ἄλληλα
3150 494 3263 549 τῶν
3313 492 3495 566 μερῶν
3518 492 3633 565 (52)
3661 510 3870 566 συμμε-

613 588 887 635 tevertens
922 578 1187 635 declarat.
1224 578 1331 636 Sed
1362 582 1408 637 si
1444 579 1693 649 corporis
1734 580 2082 652 pulchritudo
2120 597 2185 638 ex

610 672 845 742 partium
877 671 1020 726 inter
1047 684 1107 727 se
1136 673 1477 744 symmetria,
1520 687 1588 729 ae
1637 680 1933 746 apparente
1988 674 2189 731 coloris

609 763 855 820 bonitate
896 766 1093 831 oritur,
1149 764 1420 837 quomodo
1456 764 1510 821 in
1538 765 1659 820 luce
1683 781 1803 836 qua:
1828 774 2020 820 natura
2052 766 2186 821 sim-

608 856 736 926 plex
765 864 871 925 est,
902 857 1278 928 similibusque
1315 867 1530 914 constat
1572 859 1839 929 partibus,
1886 857 2189 928 pulchritu-

610 948 755 1005 diuis
785 951 928 1007 ratio
954 952 1352 1007 conservatur?
1390 951 1526 1007 Num
1559 960 1843 1022 propterea
1875 950 2018 1020 quod
2048 951 2188 1007 lueis

613 1046 935 1113 temperatio
973 1057 1081 1098 non
1132 1045 1186 1098 in
1224 1046 1459 1117 propriis
1506 1044 1674 1115 ipsius
1700 1044 1966 1115 partibus,
2004 1044 2099 1099 sed
2134 1045 2186 1100 in

612 1136 845 1205 quadam
888 1135 1170 1194 hilaritate
1212 1148 1267 1195 et
1310 1137 1529 1193 lenitate
1555 1137 1693 1192 visui
1721 1152 1780 1193 se
1809 1135 2071 1193 oﬂ‘erente
2105 1138 2189 1192 in-

611 1242 733 1283 esse
756 1227 1112 1299 perhibetur?
1139 1229 1228 1283 Sic
1264 1229 1410 1281 enim
1441 1228 1550 1298 30
1579 1226 1860 1297 pulchrum
1907 1236 1991 1283 est
2024 1229 2186 1283 etiam

610 1333 825 1382 aurum,
854 1321 999 1389 quod
1023 1334 1125 1373 non
1146 1332 1211 1372 ex
1249 1318 1482 1387 partium
1504 1332 1843 1383 commensu,
1866 1319 1960 1372 sed
1987 1330 2055 1372 ex
2075 1317 2185 1373 sola

611 1412 811 1469 coloris
843 1413 1105 1477 bonitate,
1140 1411 1388 1475 illicium,
1412 1418 1467 1464 et
1498 1409 1889 1479 iucunditatem
1921 1410 1987 1463 ad
2012 1412 2184 1466 visum

611 1500 1026 1557 cxhilarandum
1071 1500 1299 1557 obtinet.
1358 1498 1634 1572 Hesperus
1667 1515 1879 1571 quoque
1905 1502 2184 1559 stellarum

611 1604 697 1649 est
731 1594 1155 1663 pulcherrimus,
1180 1608 1286 1649 non
1320 1595 1536 1664 quodin
1566 1595 1809 1664 partibus
1842 1596 2036 1666 quibus
2064 1610 2187 1649 con-

608 1695 736 1751 stat,
781 1686 906 1742 insit
939 1686 1213 1757 proportio
1242 1695 1295 1742 et
1320 1688 1657 1760 symmetria,
1694 1688 1787 1742 sed
1826 1690 1967 1759 quod
1993 1689 2185 1757 jucun-

2291 582 2466 654 τρίας,
2523 583 2759 655 καὶτῆς
2806 586 3237 658 ἐπιφαινομένης
3293 585 3566 664 εὐχροίας,
3625 585 3689 639 τὺ
3742 581 3872 643 εἶναι

2291 668 2425 739 ἔχει,
2444 669 2563 735 πῶς
2593 670 2685 724 ἐπὶ
2714 670 2808 724 τοῦ
2844 671 3021 742 φωτὸς
3054 674 3228 730 ἁπλοῦ
3265 676 3363 750 τὴν
3399 674 3560 746 φύσιν
3598 674 3757 740 ὄντος
3787 680 3873 732 καὶ

2292 762 2678 835 ὁμοιομεροῦς,
2710 763 2739 815 ὁ
2775 764 2867 816 τοῦ
2906 762 3071 820 καλοῦ
3098 765 3426 834 διασώζεται
3454 766 3649 836 λόγος;
3694 768 3767 821 Ἥ
3798 769 3874 823 ὅτι

2290 852 2368 923 τῷ
2391 856 2530 923 φωτὶ
2549 856 2609 910 τὸ
2640 855 2957 927 σύμμετρον
2978 859 3081 912 οὐκ
3110 859 3167 911 ἐν
3200 860 3313 922 τοῖς
3349 860 3494 925 ἰδίοις
3524 858 3692 913 αὑτοῦ
3723 860 3872 932 μέρε-

2291 964 2396 1011 σιν,
2450 949 2565 1002 ἀλλ’
2594 951 2653 1003 ὲν
2691 948 2769 1019 τῷ
2801 950 2939 1020 πρὸς
2980 952 3079 1023 τὴν
3116 950 3237 1022 ὖψιν
3274 952 3466 1027 ἀλύπῳ
3496 953 3593 1009 καὶ
3617 956 3875 1025 προσηνεῖ

2294 1045 2683 1113 μαρτυρεῖταις
2715 1040 2874 1095 Οὕτω
2905 1042 3016 1113 γὰρ
3059 1044 3155 1099 καὶ
3203 1044 3403 1115 χρυσὸς
3448 1048 3634 1112 καλὸς,
3666 1046 3767 1099 οὐκ
3812 1048 3872 1098 ὲκ

2288 1136 2387 1205 τῆς
2441 1133 2549 1189 τῶν
2581 1135 2762 1208 μερῶν
2820 1138 3187 1207 συμμετρίας,
3220 1136 3334 1191 ἀλλ’
3378 1138 3442 1191 ἐκ
3479 1142 3579 1211 τῆς
3621 1135 3872 1207 εὐχροίας

2293 1226 2481 1297 μόνης,
2513 1228 2573 1281 τὸ
2600 1227 2891 1297 ἐπαγωγὸν
2938 1228 3075 1298 πρὸς
3115 1231 3211 1301 τὴν
3241 1228 3363 1299 θέην
3412 1231 3507 1284 καὶ
3551 1233 3615 1285 τὸ
3647 1229 3873 1302 τερπνὸν

2290 1317 2645 1387 κεκτημένος.
2679 1318 2788 1371 Καὶ
2815 1317 3092 1391 Ἕσπερος
3112 1320 3357 1395 ἀστέρων
3386 1319 3772 1387 κάλλιστος,οὐ
3792 1322 3871 1376 διὰ

2287 1409 2347 1462 τὸ
2372 1410 2736 1480 ἀναλογοῦντα
2766 1409 2911 1481 ἔχειν
2934 1412 3005 1464 τὰ
3040 1411 3178 1485 μέρη
3204 1414 3316 1483 (55)
3344 1412 3405 1477 ἐξ
3427 1406 3501 1465 ὧν
3525 1417 3869 1487 συνέστηκεν,

2289 1502 2426 1556 ἀλλὰ
2471 1503 2559 1558 διὰ
2587 1505 2648 1557 τὸ
2675 1503 2880 1557 ἄλυπόν
2918 1521 3038 1557 τινα
3069 1504 3163 1556 καὶ
3197 1508 3379 1579 ἡδεῖαν
3403 1506 3502 1576 τὴν
3553 1506 3652 1559 ἀπ’
3714 1508 3868 1562 αὑτοί

2290 1596 2464 1668 αὐγὴν
2516 1597 2813 1669 ἐμπίπτειν
2849 1600 2962 1661 τοῖς
2996 1597 3257 1668 ὄμμασιν.
3313 1601 3546 1653 Ἔπειτα
3573 1598 3672 1651 νῦν
3707 1602 3741 1668 ἡ
3782 1600 3868 1653 τα]

2288 1686 2425 1740 Θεοῦ
2478 1689 2659 1760 κρίσις
2688 1687 2933 1760 περὶτοῦ
2965 1688 3157 1749 καλοῦ,
3186 1691 3250 1743 οὐ
3290 1693 3505 1753 πάντως
3537 1689 3679 1758 πρὸς
3708 1689 3767 1741 τὸ
3816 1691 3869 1742 ἑν

609 1777 709 1830 dus
744 1778 965 1846 quidam
1014 1787 1069 1832 et
1117 1778 1299 1834 suavis
1347 1779 1600 1849 splendor
1632 1792 1697 1834 ex
1752 1781 1868 1850 ipso
1895 1781 1961 1834 ad
2001 1778 2185 1833 oculos

2298 1778 2409 1849 ὗψει
2437 1777 2667 1850 τερπνὸν
2710 1778 3131 1843 ἀποϐλέποντος,
3173 1781 3310 1836 ἀλλὰ
3354 1786 3445 1837 καὶ
3479 1780 3616 1853 πρὸς
3660 1782 3760 1850 τὴν
3799 1782 3870 1843 εἷς

610 1870 856 1924 accedat.
907 1869 1178 1927 Praeterea
1212 1872 1314 1926 hoc
1358 1869 1448 1925 Dei
1492 1870 1558 1926 de
1608 1871 2010 1942 pulchritudine
2032 1869 2184 1939 judi-

2298 1868 2517 1941 ὕστερον
2551 1869 2645 1921 ἀπ’
2681 1869 2846 1922 αὐτοῦ
2862 1869 3128 1939 ὠφέλειαν
3157 1874 3538 1945 προορωμένου
3562 1873 3865 1944 γεγένηται.

611 1959 783 2027 cium,
813 1976 916 2017 non
938 1963 1098 2017 modo
1121 1966 1189 2017 ad
1216 1967 1363 2018 visus
1386 1962 1801 2019 delectationem
1824 1962 2183 2032 respicientis,

614 2052 709 2107 sed
745 2053 909 2107 etiam
945 2053 1010 2107 ad
1036 2053 1274 2109 futuram
1325 2054 1495 2123 ipsius
1530 2057 1811 2111 utilitatem
1848 2056 2185 2125 prospicien—

614 2143 711 2211 tis,
744 2144 945 2200 lactum
979 2155 1079 2203 est.
1111 2145 1361 2203 Nondum
1404 2150 1546 2202 enim
1589 2148 2003 2216 pulchritudinis
2052 2149 2187 2205 lucis

612 2238 822 2306 iudices
857 2248 1014 2295 erant
1042 2240 1208 2295 oculi.
1248 2239 1319 2294 Et
1344 2241 1521 2294 divisit
1558 2240 1694 2293 Deus
1718 2241 1857 2295 inter
1906 2240 2093 2306 lucem,
2140 2252 2186 2296 et

613 2331 754 2384 inter
782 2331 1020 2385 tenebras
1049 2331 1114 2383 ".
1136 2330 1249 2386 Hoc
1276 2342 1382 2397 est,
1411 2340 1761 2402 utrarumque
1808 2341 2056 2386 naturam
2088 2336 2187 2386 mi-

615 2432 781 2478 sturae
806 2423 1175 2495 cujuscunque
1212 2424 1547 2496 incapacem,
1570 2436 1625 2481 et
1675 2425 1897 2480 alteram
1933 2425 2089 2477 alteri
2121 2437 2187 2477 ex

618 2515 848 2571 adverso
876 2518 1182 2587 oppositam
1219 2517 1359 2573 Deus
1394 2519 1645 2573 reddidit.
1667 2517 1790 2571 Haec
1823 2516 1965 2569 enim
1995 2531 2189 2588 magno

615 2608 762 2665 inter
789 2624 849 2666 se
878 2609 1161 2666 intervallo
1196 2612 1451 2665 discrevit
1483 2626 1545 2663 ac
1566 2608 1857 2679 separavit.

688 2702 743 2757 8.
781 2701 844 2755 Et
876 2707 1071 2757 vocavit
1109 2703 1248 2756 Deus
1278 2702 1468 2763 lucetn,
1506 2702 1663 2765 diem,
1695 2710 1739 2752 et
1771 2700 2008 2753 tenebras
2039 2716 2190 2755 voca-

615 2794 690 2847 vit
741 2803 938 2847 noctem
986 2793 1055 2849 ’⁷.
1089 2792 1238 2848 Nunc
1286 2792 1500 2863 quidem
1547 2793 1612 2846 de
1655 2792 1860 2861 reliquo
1906 2803 2033 2860 post
2066 2794 2193 2848 solis

618 2885 1026 2955 generationem
1056 2885 1168 2939 dies
1199 2895 1283 2938 est
1310 2900 1402 2938 aer
1439 2885 1551 2952 ipse
1572 2924 1585 2947 ,
1618 2898 1647 2936 a
1683 2881 1796 2938 sole
1839 2883 2189 2947 illuminatns,

621 2976 746 3030 dum
778 2975 831 3030 in
860 2977 1238 3046 lientispltwrio
1264 2978 1405 3045 quod
1445 2992 1608 3043 super
1644 2986 1838 3031 terram
1877 2988 1978 3038 est,
2013 2978 2189 3027 lucet:

622 3084 725 3124 nox
758 3083 885 3126 vero
907 3078 1009 3133 est,
1043 3082 1161 3137 qua:
1191 3070 1497 3122 occultante
1528 3082 1585 3121 se
1610 3067 1723 3120 sole
1776 3068 2064 3119 illlchttttll
2099 3068 2194 3119 ιρι..

624 3161 756 3217 Iuris
785 3162 1111 3218 obscuratio.
1143 3160 1294 3215 Tune
1327 3170 1505 3213 autem
1537 3175 1641 3213 non
1666 3160 1960 3214 secundum
1989 3170 2190 3213 motum

2301 1961 2595 2031 Ὄτρθαλμοὶ
2620 1959 2729 2034 γὰρ
2763 1960 2916 2015 οῦπω
2947 1956 3088 2031 ἦσαν
3117 1968 3355 2034 κριτικοὶ
3374 1965 3484 2035 (54)
3512 1965 3608 2019 τοῦ
3640 1966 3701 2018 ὲν
3735 1964 3871 2035 φωτὶ

2288 2057 2534 2118 κάλλους.
2570 2055 2682 2110 Kal
2716 2056 3063 2124 διεχώρισεν
3106 2058 3139 2109 ό
3190 2058 3335 2123 Θεὸς
3366 2058 3485 2111 ἀνὰ
3520 2056 3725 2126 μέσον
3770 2055 3869 2109 τοῦ

2288 2147 2501 2217 φωτὸς,
2534 2146 2634 2202 καὶ
2664 2148 2781 2204 ἀνὰ
2820 2145 3017 2216 μέσον
3075 2147 3181 2201 τοῦ
3226 2149 3509 2212 σκότους.
3556 2146 3863 2207 Τουτὲστιν,

2287 2240 2519 2309 ἄμικτον
2552 2240 2733 2293 αὐτῶν
2772 2239 2869 2308 τὴν
2903 2238 3065 2307 φύσιν
3093 2244 3189 2293 καὶ
3215 2239 3337 2293 κατ’
3370 2238 3692 2293 ἐναντίωσιν
3727 2240 3868 2293 ἀντι-

2289 2333 2550 2405 κειμένην
2602 2335 2630 2385 ὁ
2678 2330 2809 2395 Θεὸς
2867 2332 3261 2385 κατεσκεύασε.
3325 2331 3572 2404 Πλείστῳ
3620 2335 3734 2405 γὰρ
3796 2334 3870 2405 τῷ

2292 2424 2442 2495 μέσῳ
2490 2424 2767 2494 διέστηκεν
2822 2422 2934 2494 (55)
2994 2424 3089 2478 ἀπ’
3146 2422 3394 2493 ἀλλήλων
3460 2426 3601 2480 αὐτὰ
3662 2428 3759 2481 καὶ
3805 2427 3871 2480 δι-

2288 2533 2506 2587 ωρισεν.

2361 2699 2413 2752 8.
2444 2697 2553 2751 Καὶ
2578 2695 2875 2751 ἐκάλεσεν
2903 2700 2936 2751 ό
2965 2697 3106 2761 Θεὸς
3135 2694 3195 2748 τό
3231 2694 3356 2765 φῶς
3378 2695 3630 2765 ἡμέραν,
3660 2697 3759 2750 καὶ
3811 2697 3872 2750 τὸ

2292 2790 2512 2856 σκότος
2544 2787 2800 2842 ἐκάλεσε
2829 2791 3040 2844 νύκτα.
3089 2786 3203 2841 Νῦν
3249 2789 3347 2860 μὲν
3382 2788 3568 2841 λοιπὸν
3613 2790 3755 2859 μετὰ
3782 2788 3876 2860 τὴ)

2292 2882 2442 2953 ἡλίου
2470 2881 2683 2950 γένεσιν
2712 2881 2892 2952 ἡμέρα
2920 2881 3065 2933 ἐστὶν
3098 2882 3127 2934 ὁ
3160 2881 3264 2934 ὑπὸ
3286 2881 3437 2951 ἡλίου
3467 2880 3875 2951 πεφώτισμένος

2292 2976 2420 3043 ἀὴρ,
2442 2975 2498 3025 ὲν
2532 2971 2611 3042 τῷ
2640 2972 2779 3042 ὑπὲρ
2808 2972 2911 3041 γῆν
2929 2973 3271 3044 ἡμισφαιρίῳ
3297 2972 3629 3044 λάμποντος,
3656 2975 3753 3026 καὶ
3786 2974 3876 3039 νὺξ

2294 3066 2536 3133 σκίασμα
2568 3062 2695 3132 γῆς,
2728 3063 3212 3135 ἀποκρυπτομένου
3241 3065 3414 3135 ἡλίου,
3436 3067 3725 3135 γινόμενον
3748 3064 3877 3135 (56).

2294 3156 2425 3208 Τότε
2457 3154 2513 3207 δὲ
2541 3154 2601 3207 οὐ
2650 3153 2791 3207 κατὰ
2821 3155 3033 3225 κίνησιν
3070 3156 3329 3228 ἡλιακὴν,
3365 3156 3483 3208 ἀλλ’
3514 3155 3878 3226 ἁναχεομένου

622 3252 878 3318 solarem,
915 3254 1007 3309 sed
1037 3253 1356 3324 primigenia
1405 3252 1492 3306 illa
1544 3252 1663 3307 luce
1693 3252 1882 3317 effusa,
1924 3262 1976 3305 et
2010 3268 2195 3308 rursus

2298 3248 2387 3302 τοῦ
2416 3246 2758 3320 πρωτογόνου
2792 3246 2967 3316 φωτὸς
2996 3248 3227 3300 ἐκείνου.
3260 3248 3354 3300 καὶ
3393 3246 3560 3299 πάλιν
3592 3247 3879 3302 συστελλο-

624 3350 927 3407 coutracta,
960 3345 1253 3398 secundmn
1285 3345 1601 3412 praefinitam
1647 3361 1676 3397 a
1714 3344 1823 3399 Deo
1867 3360 2195 3413 mensuram,

626 3434 787 3489 ﬁebat
821 3435 956 3501 dies,
987 3444 1041 3487 et
1068 3448 1171 3487 nox
1203 3436 1547 3488 succedebat.
1590 3434 1653 3487 Et
1683 3436 1828 3503 facta
1858 3445 1931 3489 est
1965 3452 2197 3503 vespera,

627 3537 674 3582 et
709 3527 913 3596 factum
935 3535 1011 3581 est
1038 3542 1213 3590 mane,
1240 3527 1350 3580 dies
1384 3543 1518 3580 unus
1536 3527 1603 3580 ’⁸.
1634 3527 1870 3595 Vespera
1901 3528 2066 3596 igitur
2091 3528 2197 3581 diei

628 3633 693 3673 ac
744 3619 918 3673 noctis
961 3628 1042 3673 est
1101 3618 1408 3672 communis
1468 3618 1781 3672 terminus:
1848 3626 1903 3672 et
1950 3618 2199 3671 similiter

629 3722 808 3774 mane,
836 3721 917 3764 est
940 3710 1112 3765 noctis
1145 3724 1266 3763 cum
1306 3710 1391 3763 die
1412 3710 1685 3765 vicinitas.
1731 3711 1915 3779 Itaque
1956 3718 2014 3763 ut
2052 3709 2197 3778 prio-

628 3801 707 3855 ris
735 3802 1099 3869 generationis
1128 3802 1534 3872 prazrogativam
1565 3800 1670 3855 diei
1720 3804 2003 3865 tribueret,
2049 3802 2198 3869 prius

629 3893 1075 3947 commemoravit
1110 3893 1269 3948 linem
1308 3891 1435 3954 diei,
1485 3892 1679 3947 deinde
1710 3892 1904 3957 noctis,
1941 3892 2085 3946 velut
2115 3892 2197 3944 in-

629 3996 891 4053 sequente
914 3987 1055 4040 diem
1089 3998 1264 4041 nocte.
1300 3986 1433 4041 Nam
1467 3987 1556 4056 qui
1590 3995 1760 4041 status
1791 3986 1843 4040 in
1877 3985 2078 4040 mundo
2105 3984 2203 4038 fuit

632 4088 757 4131 ante
788 4077 927 4131 lucis
950 4080 1376 4149 generationem,
1415 4080 1459 4133 is
1484 4095 1587 4134 non
1629 4088 1744 4134 erat
1786 4094 1911 4144 nox,
1937 4080 2028 4134 sed
2059 4089 2209 4134 tene:

631 4170 741 4223 brae
775 4188 788 4223 :
823 4172 964 4240 quod
995 4180 1173 4225 autem
1207 4188 1235 4224 a
1278 4172 1363 4225 die
1395 4172 1852 4241 distinguebatur,
1895 4172 2054 4240 eique
2106 4185 2204 4240 0p-

633 4261 955 4330 ponebatur,
998 4262 1051 4314 id
1090 4276 1193 4315 nox
1238 4261 1561 4329 appellatum
1601 4270 1720 4325 est;
1758 4262 1897 4329 quod
1943 4261 2082 4313 idem
2117 4276 2203 4314 re-

633 4352 928 4407 centiorem
972 4353 1135 4407 etiam
1179 4353 1595 4423 appellationem
1626 4360 1748 4420 post
1774 4351 1912 4405 diem
1951 4349 2200 4403 obtinuit.

637 4443 806 4497 Facta
838 4454 913 4498 est
945 4445 1109 4515 igitur
1146 4460 1374 4514 vespera,
1432 4455 1477 4497 et
1537 4443 1733 4497 factum
1781 4451 1856 4496 est
1882 4457 2055 4497 mane.
2088 4440 2201 4496 Diei

710 4650 755 4681 “
780 4648 917 4703 Gen.
948 4665 987 4712 ι,
1017 4650 1069 4702 ιι.
1150 4649 1191 4680 ³⁷
1237 4648 1367 4705 ibid.
1533 4649 1578 4680 ’⁸
1610 4649 1738 4703 ibid.

2302 3343 2462 3413 μένου
2489 3341 2631 3394 κατὰ
2657 3342 2717 3394 τὸ
2738 3341 2950 3413 ὁρισθὲν
2984 3342 3094 3411 (57)
3123 3341 3320 3412 μέτρον
3345 3340 3493 3413 παρὰ
3521 3341 3681 3403 Θεοῦ,
3702 3343 3881 3416 ἡμέρα

2300 3435 2535 3503 ἐγένετο,
2564 3434 2656 3487 καὶ
2680 3433 2775 3497 νὺξ
2798 3430 3074 3501 ἀντεπῄει.
3108 3432 3218 3485 Καὶ
3247 3432 3486 3502 ἐγένετο
3514 3433 3879 3503 ἑσπέρα,καὶ

2273 3526 2531 3595 -ἐγένετο
2562 3525 2725 3593 πρωὶ,
2790 3522 2981 3592 ἡμέρα
3026 3524 3154 3593 μία.
3197 3524 3437 3597 Ἐσπέρα
3488 3527 3587 3597 μὲν
3629 3522 3726 3579 οὖν
3769 3528 3882 3579 ἐστι

2299 3619 2477 3681 κοινὸς
2508 3619 2631 3690 ὄρος
2658 3616 2871 3687 ἡμέρας
2895 3616 2990 3669 καὶ
3019 3616 3233 3681 νυκτός·
3269 3619 3362 3672 καὶ
3394 3618 3576 3690 πρωία
3610 3618 3816 3687 ὁμοίως
3851 3618 3884 3685 ἡ

2300 3710 2536 3776 γειτονία
2562 3708 2753 3772 νυκτὸς
2779 3709 2915 3779 πρὸς
2941 3710 3177 3780 ἡμέραν.
3196 3711 3309 3762 ’Ἱνα
3324 3709 3500 3763 τοίνυν
3526 3708 3594 3761 τὰ
3620 3707 3886 3778 πρεσϐεῖα

2301 3801 2399 3871 τῆς
2436 3802 2699 3869 γενέσεως
2748 3798 2932 3870 ἀποδῷ
2979 3802 3045 3870 τῇ
3086 3801 3303 3872 ἡμέρᾳ,
3352 3800 3617 3871 πρότερον
3656 3793 3783 3851 εἷπε
3828 3798 3887 3851 τὸ

2303 3893 2475 3965 πέρας
2508 3893 2605 3964 τῆς
2636 3892 2869 3964 ἡμέρας,
2906 3887 3024 3948 εἶτα
3067 3892 3130 3944 τὸ
3160 3892 3261 3962 τῆς
3314 3891 3527 3955 νυκτὸς,
3574 3892 3653 3958 ὡς
3687 3893 3887 3961 sepem-

2312 3984 2476 4057 μένης
2509 3986 2605 4056 τῆς
2642 3991 2833 4048 νυκτὸς
2863 3990 2929 4056 τῇ
2960 3984 3162 4056 ἡμέρα.
3208 3986 3272 4038 Ἦ
3313 3985 3422 4058 γὰρ
3456 3986 3561 4058 πρὸ
3594 3986 3700 4056 τῆς
3734 3986 3887 4056 γενέ-

2311 4095 2447 4141 σεως
2482 4077 2573 4131 τοῦ
2626 4078 2804 4147 φωτὸς
2835 4079 2891 4129 ὲν
2936 4077 3015 4149 τῷ
3041 4078 3229 4150 κόσμῳ
3258 4079 3593 4143 κατάστασις
3636 4080 3764 4151 οὐχ).
3796 4079 3890 4143 νὺξ

2307 4168 2395 4241 ἦν,
2427 4170 2560 4223 ἀλλὰ
2597 4172 2805 4234 σκότος·
2856 4170 2916 4223 τὸ
2952 4172 3133 4242 μέντοι
3174 4172 3575 4227 ἀντιδιασταλὲν
3611 4175 3754 4246 πρὸς

2308 4263 2542 4332 ἡμέραν,
2574 4262 2731 4313 τοῦτο
2759 4262 2853 4327 νὺξ
2875 4263 3189 4333 ὠνομάσθη·
3214 4265 3350 4335 ὅπερ
3366 4266 3639 4336 νεωτέρας
3669 4268 3769 4319 καὶ
3794 4270 3890 4336 τῆς

2308 4347 2677 4417 προσηγορίας
2710 4347 2846 4417 μετὰ
2876 4348 2973 4419 τὴν
3001 4352 3210 4419 ἡμέραν
3257 4352 3572 4422 τετύχηκεν.
3618 4353 3890 4421 Ἐγένετο

2308 4433 2421 4492 οὖν
2445 4437 2688 4507 ἑσπέρα,
2721 4440 2817 4493 καὶ
2840 4439 3073 4509 ἐγένετο
3091 4443 3257 4509 πρωί.
3278 4444 3349 4496 Τὸ
3366 4444 3762 4515 ήμερονύκτιον
3780 4445 3887 4518 (58)

711 4851 824 4930 (52)
858 4853 931 4906 Ita
986 4851 1119 4930 Reg.
1159 4853 1411 4930 quintus,
1448 4850 1625 4930 Coisl._
1667 4852 1889 4920 primus,
1940 4851 2090 4905 (Jolb.
2123 4866 2195 4904 se-

2332 4922 2342 4930 .
2382 4848 2655 4930 (5.5.).llsc
2689 4852 2873 4930 verba.
2908 4849 3142 4930 πῖ-εέσῖφ
3174 4848 3279 4919 γάρ
3426 4850 3574 4930 eis?
3603 4850 3893 4930 δὲἐῖτηκεν

644 4922 852 4977 cundus
881 4932 936 4976 et
964 4924 1114 4975 editi.
1158 4922 1307 4989 Regii
1349 4938 1474 4975 vero
1508 4924 1714 4982 tertius,
1744 4931 1963 4988 quartus
1994 4934 2045 4974 et
2084 4936 2203 4975 sex-

645 5004 729 5045 tus
764 5008 885 5046 cum
914 4992 1077 5047 Coisl.
1099 4991 1331 5046 secundo
1352 4992 1458 5043 τῶν
1484 4991 1681 5061 μελῶν,
1712 4992 2074 5045 membrorum.
2102 4992 2207 5046 Nec

644 5062 715 5115 ita
751 5064 917 5117 multo
951 5074 1067 5131 post
1103 5064 1230 5131 Reg.
1265 5062 1484 5128 quintus
1513 5064 1540 5113 ὁ
1563 5062 1653 5113 τοῦ
1684 5061 1925 5124 κάλλους.

717 5133 831 5203 (55)
865 5134 955 5188 Sic
983 5134 1135 5204 Regii
1167 5142 1391 5204 quartus
1409 5142 1491 5204 _et
1530 5144 1807 5204 sextust-1
1843 5133 1993 5187 Colb.
2024 5146 2205 5204 secun-

647 5201 745 5257 dus
782 5220 903 5257 cum
941 5201 1170 5272 utroque
1202 5202 1365 5255 Coisl.
1404 5201 1542 5255 Editi
1574 5218 1697 5254 cum
1726 5202 1905 5270 Regiis
1949 5202 2103 5254 tertio
2155 5212 2208 5253 et

648 5275 834 5344 quinto
864 5272 1007 5343 ἔχειν
1036 5274 1105 5327 τὰ
1144 5273 1300 5344 μέλη.
1335 5273 1461 5339 Ome
1510 5272 1667 5344 lectio
1707 5274 2064 5344 uetttstissima
2106 5282 2209 5344 est,

650 5340 769 5397 eum
803 5340 1113 5398 Eustathius
1145 5340 1530 5411 interpretatus
1559 5341 1656 5395 sit:
1712 5341 1833 5394 Non
1871 5352 2077 5410 propter
2108 5340 2213 5393 exi-

650 5415 1319 5482 iniamcompaginationem
1335 5417 1699 5467 membrorum.
1719 5412 1969 5463 Attamen
1991 5426 2109 5465 cum
2130 5413 2215 5465 hic

652 5494 843 5553 agatur
873 5484 938 5538 de
968 5500 1193 5554 corpore
1234 5485 1529 5553 generatim
1560 5492 1797 5554 sumpto
1824 5524 1836 5546 ,
1858 5482 2018 5554 pépn
2052 5482 2217 5551 magis

652 5499 843 5564 agatur
873 5499 938 5538 de
968 5500 1193 5554 corpore
1234 5499 1529 5553 generauit:
1583 5499 1797 5550 sumpto
1824 5524 1836 5546 ,
1874 5499 2018 5603 μερη
2052 5499 2216 5551 ntagts

652 5557 859 5625 arridet
909 5571 1068 5621 «niam
1106 5554 1262 5625 μέλη.
1314 5554 1428 5609 Νοιι
1466 5552 1631 5608 multo
1679 5562 1796 5622 post
1855 5551 1987 5624 leg.
2034 5563 2216 5606 sextus

650 5622 821 5695 αὐγὴν
851 5622 1181 5681 ἐπιπίπτειν.

724 5692 834 5760 (54)
866 5697 937 5749 Ita
973 5697 1099 5749 edi-i
1126 5712 1243 5749 cum
1263 5704 1496 5764 quatuor
1526 5708 1655 5748 mss.
1685 5692 1785 5747 Alii
1815 5701 1923 5747 tres
1944 5708 2083 5764 mss.
2108 5692 2221 5745 διασ-

652 5767 906 5889 ΰριτικοί.
941 5766 1056 5820 Mox
1084 5766 1212 5837 Reg.
1247 5763 1463 5835 quintus
1493 5765 1787 5834 ἁνάμικτον
1826 5763 2027 5831 αὐτῶν,
2066 5779 2217 5819 uten-

688 5854 794 5889 (.le-

688 5854 794 5891 Ubii.

2320 4922 2413 4992 ἀπ’
2440 4919 2683 4992 ἀλλήλων
2712 4922 2852 4976 αὐτὰ
2878 4922 2972 4974 καὶ
3002 4919 3271 4992 διώρισεν,
3299 4919 3487 4992 desunt
3514 4920 3567 4972 in
3587 4919 3888 4986 editisfsezl

2320 4991 2569 5061 leguntur
2606 4991 2656 5043 in
2694 4995 2944 5047 omnibus
2992 4990 3187 5044 nostris
3231 5005 3359 5043 mss.
3398 4991 3669 5045 Praeterea
3705 4998 3893 5050 eadem

2316 5060 2476 5113 vertit
2516 5060 2842 5115 Eustathius.

2391 5129 2503 5197 (56)
2540 5132 2672 5203 lieg.
2722 5145 2905 5203 sextus
2948 5130 3047 5194 νὺξ
3093 5129 3448 5201 ἀποσκίασμα
3480 5131 3583 5201 γῆς
3607 5132 3717 5184 ὑπὸ
3743 5134 3893 5203 ἡλίου

2319 5201 2695 5271 κρυπτομένου
2724 5202 3023 5271 γινόμενον.

2393 5219 2695 5322 υπτομενου
2724 5219 3023 5271 γινομενον.

2390 5270 2502 5341 (57)
2551 5273 2659 5339 leg.
2692 5282 2874 5325 sextus
2901 5271 2961 5323 τὸ
2994 5268 3317 5393 ᾡρισιᾶἐνον.
3349 5269 3539 5349 Statim
3565 5270 3705 5340 Reg.
3739 5272 3831 5339 qui
3876 5304 3888 5312 -

2390 5357 2406 5393 ς
2450 5341 2633 5393 ἡμέρα
2683 5341 2909 5393 ἐγίνετο.
2950 5340 3092 5393 lnlra
3194 5356 3277 5393 e2.
3330 5350 3549 5393 uumtus
3590 5342 3625 5393 ἠ
3680 5344 3888 5393 mnia

2320 5352 2406 5393 tus
2450 5341 2633 5411 ἡμέρα
2683 5341 2909 5408 ἐγίνετο.
2950 5340 3092 5394 lnl'ra
3145 5340 3277 5411 Reg.
3330 5342 3549 5409 quintus
3590 5342 3626 5410 ἠ
3680 5344 3897 5409 γειτνία

2319 5428 2528 5463 νυκτος.

2396 5410 2720 5554 (ΞὲῖἘιΙῇιίο
2738 5480 3162 5554 Βοεῇηοιιιιιεεξ
3186 5495 3314 5535 mss.
3335 5479 3713 5554 prauerBodl.
3752 5484 3898 5554 πρωὶ

2321 5551 2380 5604 τὸ
2406 5551 2817 5621 ἡμερονύκτιον.
2849 5551 3022 5605 Editio
3047 5549 3216 5605 Paris.
3260 5566 3380 5605 cum
3412 5549 3572 5604 Coisl.
3605 5549 3897 5619 pritno'fn-

2326 5623 2437 5693 sius
2463 5622 2606 5693 πρωὶ
2639 5622 2819 5693 ἡμέρα
2860 5621 2957 5692 μία
2985 5621 3065 5675 τό.
3088 5621 3202 5675 Mox
3237 5622 3386 5693 multi
3423 5636 3550 5693 mss.
3570 5621 3667 5673 καὶ
3683 5623 3897 5677 οὐκέτι.

2327 5691 2523 5745 Ibidem
2545 5691 2673 5763 lleg.
2697 5691 2879 5747 sextus
2897 5693 3334 5763 προσηγόρευσεν
3351 5691 3561 5763 ἡμέραν
3591 5694 3689 5746 καὶ
3706 5693 3899 5749 νύκτα.

2329 5763 2394 5817 At
2430 5762 2558 5818 editi
2581 5760 2700 5817 cum
2731 5764 2913 5819 multis
2944 5760 3075 5819 tuss.
3108 5760 3287 5835 ἡμέρα
3321 5760 3410 5815 καὶ
3434 5760 3549 5827 νύξ.
