4060 6316
134 357 203 409 49
1278 359 1565 414 IIOMILIA
1604 360 1646 414 ll
1692 359 1755 413 IN
1800 359 2294 418 HEXAEMERON.
3328 370 3397 425 50

132 477 308 548 λέγει.
337 477 448 529 Καὶ
495 477 678 531 οὐκέτι
711 473 1172 547 προσηγόρευσεν,
1200 477 1391 545 ἡμέρα
1434 478 1530 530 καὶ
1586 480 1720 545 νὺξ,

1829 488 1883 533 et
1929 480 2103 535 noctis
2134 481 2262 535 dicit
2308 484 2561 550 spatium.
2613 480 2723 535 Nec
2753 480 2984 551 amplius
3024 495 3152 537 usus
3202 493 3284 538 est
3311 484 3396 537 his

134 572 271 625 αλλὰ
304 569 387 641 τῷ
420 568 805 642 ἑπικρατοῦντι
831 568 929 639 τὴν
979 568 1160 620 πᾶσαν
1209 570 1578 639 προσηγορίαν
1612 573 1719 625 άπ-

136 672 345 735 ἐνειμε.
377 666 594 734 Ταύτην
624 664 690 717 ἂν
730 664 824 717 καὶ
862 667 920 717 ἐν
961 664 1109 739 πάσῃ
1136 667 1202 736 τῇ
1236 664 1426 737 Γραφῇ
1470 664 1566 734 τὴν
1599 672 1721 721 συν-

137 760 329 827 ήΘειαν
367 759 565 829 εὕροις,
602 757 659 809 ἑν
706 757 771 826 τῇ
820 754 912 809 τοῦ
962 758 1153 828 χρόνου
1204 758 1460 827 μετρήσει
1516 758 1721 829 ἡμέρας

137 851 575 923 ἀριθμουμένας,
601 850 719 922 ούχὶ
747 850 915 905 δὲκαὶ
943 850 1143 912 νύκτας
1164 850 1301 917 μετὰ
1332 849 1442 902 τῶν
1476 850 1718 920 ἡμερῶν.

136 946 204 995 AZ
239 946 459 1013 ἡμέραι
487 941 606 996 τῶν
639 942 785 997 ἐτῶν
813 942 1000 1012 ἡμῶν,
1036 944 1065 995 ὁ
1093 941 1395 1012 Ψαλμῳδός
1428 958 1559 1013 φησι
1588 942 1717 1014 (59).

136 1036 246 1089 Καὶ
274 1034 444 1087 πάλιν
466 1036 494 1087 ὁ
532 1034 745 1089 Ἰακώϐ·
768 1038 834 1089 Αἱ
858 1031 1067 1102 ἡμέραι
1086 1034 1196 1105 τῆς
1215 1033 1362 1104 ζωῆς
1375 1053 1493 1105 μου
1518 1038 1718 1104 μικραὶ

140 1128 236 1180 καὶ
271 1126 558 1193 πονηραί.
608 1127 715 1179 Καὶ
744 1125 924 1177 πάλιψ
974 1126 1181 1192 Πάσας
1222 1125 1327 1193 τὰς
1358 1124 1577 1194 ἡμέρας
1616 1126 1721 1194 τῆς

138 1216 283 1284 ζωῆς
300 1234 447 1285 μου.
480 1218 641 1270 Ὥστε
682 1216 752 1267 τὰ
800 1214 894 1267 νῦν
930 1218 986 1269 ὲν
1026 1217 1270 1285 ἱστορίας
1319 1216 1446 1270 εῐδει
1487 1216 1722 1286 παραδο-

138 1305 303 1357 θέντα
356 1306 647 1376 νομοθεσία
684 1305 798 1356 ἑστι
848 1305 984 1378 πρὸς
1024 1305 1095 1359 τά
1145 1305 1287 1378 ἑξῆς.
1334 1305 1441 1361 Kal
1487 1304 1721 1375 ἐγένετο

139 1397 391 1465 ἑσπέρα,
432 1400 529 1452 καὶ
565 1397 800 1466 ἐγένετο
836 1398 1001 1467 πρωί,
1050 1396 1239 1466 ἡμέρα
1258 1400 1382 1468 μία.
1426 1398 1581 1461 Τίνος
1603 1399 1719 1450 ἓνε-

140 1506 231 1542 κεν
265 1491 370 1543 οὐκ
396 1487 518 1542 εἶπε
541 1488 785 1562 πρώτην,
815 1491 951 1545 ἀλλὰ
977 1490 1137 1561 μίαν;
1166 1491 1406 1561 καίτοιγε
1435 1491 1721 1544 ἀκολουθό-

137 1597 293 1651 τερον
324 1578 397 1652 ἦν
427 1581 514 1635 τὸν
545 1582 803 1653 μέλλοντα
824 1582 1051 1648 ἐπάγειν
1075 1580 1349 1651 δευτέραν,
1382 1582 1475 1636 καὶ
1506 1581 1717 1653 τρίτην,

140 1675 228 1726 καί
258 1675 533 1746 τετάρτην
579 1676 815 1746 ἡμέραν,
843 1673 940 1743 τὴν
980 1672 1353 1744 κατάρχουσαν
1391 1674 1498 1727 τῶν
1524 1672 1721 1743 ἑφεξῆς

140 1768 365 1839 πρώτην
413 1767 876 1837 προσαγορεῦσαι.
936 1766 1095 1819 Ἀλλὰ
1139 1764 1264 1836 μίαν
1309 1762 1477 1832 εἶπεν,
1508 1768 1625 1838 ἤτοι
1659 1766 1720 1818 τὸ

1832 573 2159 637 nominibus,
2202 574 2313 626 dies
2357 585 2404 627 et
2444 579 2604 641 lnam:
2657 574 2753 629 sed
2804 574 3169 643 prtestantiori
3232 584 3398 630 totam

1835 663 2021 717 tribuit
2049 664 2479 734 appellationem.
2536 667 2683 722 lianc
2727 668 2914 737 utique
2955 668 3397 724 consuetudinem

1833 754 2078 813 invenies
2108 758 2159 811 in
2189 768 2299 812 tota
2335 758 2614 826 Scriptura
2642 763 2987 817 observatam
3020 777 3033 815 :
3064 762 3317 817 nimirum
3344 761 3396 814 in

1833 848 2104 903 metiendo
2148 857 2387 917 tempore
2415 851 2530 905 dies
2555 852 2897 918 enumerari,
2937 866 3041 905 non
3074 861 3256 908 noctes
3288 867 3392 906 una

1832 954 1955 993 cum
1991 943 2197 997 diebus.
2232 940 2353 995 Dies
2383 959 2639 996 annorum
2669 960 2920 1011 meorum,
2952 945 3028 999 ait
3063 944 3395 999 Psalmorum

1831 1040 2022 1085 cantor
2052 1034 2114 1086 ".
2150 1035 2215 1088 Et
2242 1035 2435 1089 iterum
2464 1033 2627 1090 Jacoh
2662 1053 2673 1089 :
2711 1033 2832 1088 Dies
2864 1040 2981 1091 vita:
3011 1052 3141 1091 mea:
3174 1039 3325 1106 parvi
3350 1048 3396 1089 et

1837 1122 1965 1177 mali
2001 1124 2068 1175 ³⁸.
2102 1126 2234 1180 Item
2272 1140 2502 1181 rursus:
2532 1127 2788 1181 Omnibus
2816 1128 2992 1182 diebus
3032 1133 3149 1184 vita:
3173 1146 3303 1184 mea:
3330 1129 3397 1185 “.

1830 1214 2004 1281 Quare
2040 1230 2159 1284 qua:
2180 1232 2320 1272 nunc
2346 1218 2397 1271 in
2449 1217 2687 1272 historia:
2723 1219 2956 1288 speciem
3002 1222 3201 1275 tradita
3227 1231 3396 1289 sunt,

1827 1309 1894 1363 ad
1923 1322 1985 1362 ea
2028 1322 2146 1377 quae
2172 1319 2471 1378 sequuntur
2500 1310 2695 1380 regulas
2735 1321 2858 1365 sunt
2914 1320 3077 1380 atque
3103 1311 3399 1383 legislatio—

1830 1416 1945 1455 nes.
1983 1397 2051 1451 Et
2078 1400 2226 1466 facta
2254 1411 2328 1454 est
2355 1418 2586 1470 vespera,
2619 1414 2665 1455 et
2696 1402 2894 1470 factum
2940 1412 3015 1457 est
3069 1419 3242 1467 mane,
3289 1406 3397 1457 die:

1829 1509 1983 1546 unus.
2012 1492 2184 1558 Quam
2208 1492 2276 1546 ob
2296 1508 2513 1547 causam
2538 1508 2641 1548 non
2673 1494 2808 1547 dixit
2827 1496 3075 1562 primum,
3112 1496 3204 1549 sed
3234 1509 3397 1547 unum

1827 1584 1992 1651 diem,
2019 1598 2329 1653 quanquam
2378 1594 2496 1638 erat
2529 1586 2961 1651 convenientius,
2994 1594 3051 1640 ut
3084 1586 3128 1640 is
3173 1588 3262 1655 qui
3313 1601 3399 1641 se-

1826 1679 2079 1741 cundam,
2108 1678 2344 1741 tertiam,
2373 1686 2689 1746 etquartam
2718 1678 2855 1732 diem
2882 1678 3107 1732 subinde
3132 1693 3397 1733 memora-

1828 1776 1978 1823 turus
2007 1780 2143 1833 erat,
2174 1782 2293 1823 eam
2318 1768 2479 1835 diem,
2509 1784 2626 1838 quae
2654 1770 3096 1838 subsequentium
3120 1770 3397 1825 exordium

145 1862 339 1931 μέτρον
359 1861 574 1931 ἡμέρας
602 1861 695 1912 καὶ
728 1859 918 1922 νυκτὸς
948 1858 1295 1931 περιορίζων,
1330 1860 1423 1910 καὶ
1445 1860 1720 1913 συνάπτων

1832 1860 1951 1923 fuit,
1983 1862 2210 1928 primam
2237 1862 2611 1928 nuncuparet?
2637 1860 2742 1915 Sed
2781 1877 2942 1914 unam
2980 1862 3147 1924 dixit,
3182 1862 3272 1930 qui
3301 1861 3400 1915 sci-

141 1952 228 2004 τοῦ
250 1954 361 2021 ἡμε
374 1951 654 2021 ρονυκτίου
679 1951 771 2004 τὸν
803 1953 1011 2022 χρόνον,
1043 1953 1117 2014 ὡς
1143 1951 1250 2003 τῶν
1274 1952 1725 2023 εἰκοσιτεσσάρων

143 2044 297 2114 ὡρῶν
334 2046 467 2115 μιᾶς
500 2044 709 2116 ἡμέρας
748 2044 1136 2114 ἐκπληρουσῶν
1184 2042 1477 2113 διάστημα,
1528 2061 1725 2097 συνυπ·

143 2136 485 2208 ακουομένης
535 2137 777 2208 δηλονότι
822 2140 888 2206 τῇ
920 2136 1106 2207 ἡμέρᾳ
1136 2138 1229 2189 καὶ
1256 2136 1365 2205 (60)
1392 2138 1487 2206 τῆς
1511 2136 1721 2200 νυκτὸς,

142 2228 278 2283 ὥστε
339 2231 443 2285 κᾶν
498 2234 555 2285 ἑν
619 2236 738 2294 ταῖς
798 2232 1029 2301 τροπαῖς
1091 2230 1186 2281 τοῦ
1248 2229 1398 2298 ἡλίου
1454 2232 1724 2303 συμϐαίνῃ

142 2321 237 2393 τὴν
289 2321 486 2391 ἑτέραν
550 2320 728 2372 αὐτῶν
762 2319 1143 2390 ὑπερϐάλλειν,
1205 2319 1339 2371 ἀλλά
1379 2319 1457 2388 τῷ
1504 2338 1566 2387 γε
1626 2322 1725 2388 ὰφ-

143 2413 432 2481 ωρισμὲνῳ
478 2410 655 2481 χρόνῳ
704 2408 1215 2480 ἑμπεριγράφεσθαι
1274 2409 1488 2472 πάντως
1546 2411 1723 2479 ἀμφο-

142 2501 308 2572 τέρων
337 2500 409 2555 τά
430 2502 777 2574 διαστήματα
796 2519 810 2532 ·
860 2502 1061 2554 ὡσανεὶ
1097 2502 1271 2571 ἔλεγε,
1302 2504 1362 2555 τὸ
1395 2501 1501 2555 τῶν
1531 2503 1725 2555 τεσσά-

146 2606 248 2658 ρων
276 2593 371 2644 καὶ
424 2590 629 2646 εἴκοσιν
662 2592 819 2664 ὡρῶν
886 2593 1083 2663 μέτρον
1137 2595 1265 2664 μιᾶς
1321 2594 1466 2646 ἑστιν
1512 2592 1724 2664 ἡμέρας

144 2680 433 2753 διάστημα·
484 2685 540 2754 ἢ,
590 2687 621 2754 ἡ
673 2684 766 2736 τοῦ
822 2686 1051 2755 ούρανοῦ
1105 2686 1216 2755 (61)
1262 2687 1370 2739 ἀπὸ
1415 2687 1507 2739 τοῦ
1557 2686 1722 2741 αὐτοῦ

148 2774 369 2843 σημείου
416 2775 508 2826 ἑπ“ι
552 2776 614 2827 τὸ
657 2776 785 2828 αὐτὸ
829 2776 992 2829 πάλιν
1024 2779 1463 2841 ἀποκατάστασις
1509 2781 1565 2829 ἐν
1625 2780 1724 2849 μιᾷ

145 2864 322 2937 ἡμέρᾳ
356 2866 600 2935 γίνεταιο
652 2867 790 2921 ὥστε
825 2870 1016 2933 ὁσάκις
1065 2870 1131 2923 ἂν
1172 2870 1381 2942 ἑσπέρα
1415 2872 1508 2920 καὶ
1542 2872 1723 2941 πρωία

148 2958 280 3011 κατὰ
308 2959 409 3029 τὴν
448 2958 543 3011 τοῦ
576 2960 726 3031 ἡλίου
761 2962 1065 3033 περιφορὰν
1114 2960 1459 3033 ἐπιλαμϐάνῃ
1501 2961 1591 3013 τὸν
1631 2962 1723 3015 κό-

149 3067 295 3119 σμον,
341 3050 418 3123 μὴ
469 3052 527 3104 ἑν
576 3052 779 3106 πλείονι
829 3055 1024 3125 χρόνῳ,
1061 3055 1173 3108 ἀλλ’
1232 3057 1288 3109 ἑν
1334 3056 1463 3126 μιᾶς
1510 3053 1723 3125 ἡμέρας

148 3143 465 3213 διαστήματι
492 3146 592 3217 τὴν
620 3147 865 3217 περίοδον
896 3147 1321 3219 ἑκπληροῦσθαι.
1357 3149 1427 3201 Ἦ
1458 3148 1721 3219 κυριώτε-

151 3250 234 3303 ρος
264 3238 292 3287 ό
335 3238 394 3288 ἑν
437 3239 770 3309 ἀπορρήτοις
803 3241 1231 3312 παραδιδόμενος
1270 3242 1423 3309 λόγος
1460 3240 1602 3309 (62).
1647 3240 1722 3303 ὡς

150 3326 247 3396 ἄρα
277 3330 303 3381 ὁ
334 3329 437 3397 τὴν
465 3331 558 3382 τοῦ
593 3332 783 3401 χρόνου
820 3334 980 3401 φύσιν
1002 3336 1420 3396 κατασκευάσας
1441 3334 1596 3398 Θεὸς,
1629 3334 1722 3403 μέ-

150 3436 246 3490 τρα
283 3421 433 3493 αὐτῷ
467 3424 562 3476 καὶ
602 3428 803 3494 σημεῖα
837 3426 906 3478 τὰ
938 3427 1047 3479 τῶν
1090 3427 1312 3497 ἡμερῶν
1348 3426 1579 3480 ἐπέϐαλε
1611 3427 1722 3479 δια-

154 3512 410 3580 στήματα,
466 3515 560 3567 καὶ
608 3516 858 3585 ἑϐδομάδι
919 3517 1080 3570 αὑτὸν
1140 3519 1440 3589 ἑκμετρῶν,
1498 3520 1583 3572 ἀεὶ
1624 3517 1721 3589 τὴν

152 3600 408 3674 ἑϐδομάδα
438 3608 517 3669 εἰς
548 3607 743 3679 ἑαυτὴν
788 3609 1220 3663 ἀνακυκλοῦσοαι
1271 3611 1501 3674 κελεύει,
1539 3610 1721 3682 ἐξαρι-

154 3694 380 3763 θμοῦσαν
425 3698 518 3751 τοῦ
548 3699 735 3771 χρόνου
777 3702 872 3773 τὴν
921 3704 1133 3772 κίνησιν
1159 3722 1170 3734 ·
1215 3703 1310 3773 τὴν
1344 3703 1616 3773 ἑϐδομάδα
1664 3704 1721 3756 δὲ

153 3789 301 3842 πάλιν
332 3791 641 3862 ἐκπληροῦν
679 3793 776 3864 τὴν
809 3796 1023 3865 ἡμέραν
1061 3797 1189 3865 μίαν
1212 3835 1225 3856 ,
1278 3796 1505 3857 ἑπτάκις
1553 3794 1719 3864 αὐτὴν

154 3881 225 3943 είς
250 3884 445 3954 ἑαυτὴν
460 3884 923 3954 ἀναστρέφουσαν.
957 3886 1125 3937 Τοῦτο
1148 3886 1204 3938 δὲ
1235 3887 1489 3939 κυκλικόν
1519 3889 1635 3939 ἑστι
1660 3888 1722 3940 τὸ

156 3972 344 4042 σχῆμα,
378 3976 475 4044 ἀφ’
511 3974 705 4029 ἑαυτοῦ
758 3975 1054 4047 ἄρχεσθαι,
1089 3978 1182 4030 καὶ
1228 3979 1306 4039 εἰς
1348 3979 1508 4031 ἑαυτὸ
1548 3997 1719 4033 κατα-

154 4059 343 4132 λήγειν.
396 4069 463 4120 Ὃ
492 4066 555 4137 δὴ
589 4068 683 4120 καὶ
710 4066 803 4120 τοῦ
836 4067 1030 4131 αἰῶνος
1063 4068 1210 4132 ἴδιον,
1245 4070 1324 4127 εἰς
1367 4069 1558 4123 ἑαυτὸν
1586 4071 1719 4123 ἀνα--

158 4156 412 4226 στρέφειν,
451 4161 547 4212 καὶ
585 4160 834 4231 μηδαμοῦ
875 4160 1263 4233 περατοῦσθαι.
1302 4160 1401 4213 Διὰ
1432 4160 1590 4213 τοῦτο
1620 4162 1719 4233 τὴν

157 4249 378 4320 κεφαλὴν
399 4249 496 4303 τοῦ
526 4251 717 4320 χρόνου
746 4253 865 4321 οὐχ).
892 4253 1113 4322 πρώτην
1142 4253 1353 4322 ἡμέραν
1375 4290 1390 4314 ,
1416 4252 1550 4304 ἀλλά
1590 4254 1720 4323 μίαν

156 4338 448 4411 ὠνόμασεν·
486 4343 571 4395 ἵνα
602 4343 696 4395 καὶ
729 4345 793 4396 ἑκ
820 4343 919 4412 τῆς
958 4341 1326 4413 προσηγορίας
1368 4342 1428 4393 τὸ
1466 4343 1720 4410 συγγενὲς

158 4430 245 4503 ἔχῃ
287 4436 419 4505 πρὸς
455 4436 546 4489 τὸν
590 4436 781 4493 αἰῶνα.
820 4434 939 4488 Τοῦ.
959 4436 1066 4506 γὰρ
1101 4433 1331 4504 μοναχοῦ
1360 4434 1454 4486 κα)⁹
1490 4436 1717 4488 ἀκοινω-

1828 1953 1953 2006 licet
1985 1953 2089 2005 diei
2110 1963 2162 2006 et
2186 1955 2356 2008 noctis
2377 1954 2647 2008 deﬁnierit
2668 1969 2997 2017 mensuram,
3019 1964 3071 2008 et
3096 1955 3200 2008 diei
3224 1969 3286 2008 ac
3304 1969 3400 2008 no-

1826 2046 1929 2099 ctis
1948 2055 2159 2113 tempus
2182 2046 2337 2099 simul
2371 2046 2748 2113 coniunxerit:
2780 2046 3209 2114 quandoquidem
3241 2046 3400 2099 unius

1831 2135 1933 2189 diei
1956 2138 2184 2201 spatium
2207 2139 2472 2205 complent
2500 2138 2687 2206 viginti
2712 2136 3125 2207 quatuorltorae,
3149 2136 3399 2190 sivideli-

1824 2239 1910 2283 cet
1926 2229 2042 2283 dies
2060 2238 2115 2283 et
2133 2244 2237 2282 nox
2258 2230 2415 2284 simul
2438 2231 2819 2298 intelligantur.
2842 2229 3201 2297 Quamobrem
3214 2230 3401 2283 etiam-

1825 2322 1868 2377 si
1889 2322 1940 2375 in
1959 2321 2061 2390 21
2091 2320 2341 2374 solstitiis
2358 2320 2585 2374 alteram
2612 2323 2679 2373 ab
2708 2322 2873 2374 altera
2896 2322 3107 2375 accidat
3130 2320 3397 2389 superari,

1826 2424 2005 2467 tamen
2037 2412 2257 2467 deﬁnito
2309 2421 2548 2479 tempore
2604 2412 2838 2481 spatium
2870 2414 3150 2481 utriusque
3179 2411 3400 2468 omnino

1825 2505 2328 2569 circumscribitur;
2368 2512 2619 2572 tanquam
2644 2504 2688 2559 si
2720 2504 2986 2559 dixisset:
3030 2503 3217 2573 viginti
3257 2519 3397 2573 qua-

1828 2604 1946 2649 tuor
1993 2594 2249 2648 horarum
2302 2610 2572 2659 mensura,
2621 2595 2779 2648 unius
2825 2595 2929 2648 diei
2982 2603 3066 2649 est
3111 2594 3343 2665 spatium

1824 2687 1934 2750 vel,
1970 2686 2091 2742 coeli
2122 2688 2189 2740 ab
2224 2686 2414 2740 eodem
2448 2687 2603 2755 signo
2638 2686 2703 2740 ad
2734 2685 2876 2740 idem
2912 2686 3135 2753 reditus,
3171 2701 3278 2742 uno
3312 2685 3400 2741 die

1824 2781 2124 2850 peragitur.
2173 2778 2362 2850 Itaque
2414 2780 2623 2849 quoties
2664 2795 2885 2849 vespera
2939 2790 2993 2835 et
3036 2796 3195 2836 mane
3245 2795 3401 2841 mut:-

1827 2872 1952 2925 dum
1993 2880 2259 2940 occupant
2300 2885 2398 2941 per
2444 2872 2574 2926 solis
2619 2872 3066 2933 conversionem,
3119 2887 3223 2924 non
3269 2885 3397 2939 pro-

1826 2958 2017 3015 lixiore
2061 2969 2321 3029 tempore,
2359 2963 2450 3015 sed
2496 2962 2550 3014 in
2602 2961 2763 3014 unius
2797 2961 2901 3014 diei
2942 2959 3120 3029 spatio
3154 2959 3400 3031 expletur

1824 3052 2097 3108 circuitio.
2129 3052 2210 3105 An
2242 3066 2303 3107 ea
2336 3055 2475 3107 ratio
2516 3054 2568 3107 in
2608 3056 2823 3109 arcanis
2858 3055 3077 3119 tradita,
3112 3055 3289 3123 potior
3316 3062 3400 3109 est

1829 3160 1895 3199 ac
1925 3144 2173 3212 validior,
2209 3146 2351 3215 quod
2396 3146 2538 3201 Deus
2571 3146 2661 3214 qui
2695 3145 2951 3213 temporis
2986 3146 3263 3199 constituit
3298 3161 3396 3199 na-

1828 3246 2037 3303 turam,
2074 3252 2354 3292 mensuras
2406 3238 2455 3292 ei
2524 3253 2586 3290 ac
2643 3237 2831 3307 signa,
2886 3238 3140 3292 nimirum
3189 3237 3394 3292 dierum

1825 3330 1995 3398 Spatia
2035 3328 2347 3397 impertivit,
2388 3345 2453 3385 ac
2486 3329 2822 3385 hebdomade
2866 3330 3038 3399 ipsum
3087 3329 3394 3394 dimetiens,

1823 3420 2209 3476 hebdomadem
2235 3437 2337 3491 qua
2369 3423 2627 3493 temporis
2652 3432 2830 3477 motus
2860 3432 3231 3485 enumeratur,
3256 3436 3395 3475 sem-

1822 3529 1917 3585 per
1946 3513 1999 3567 in
2033 3528 2091 3568 se
2120 3514 2289 3584 ipsam
2315 3514 2468 3581 jubet
2497 3513 2719 3581 revolvi,
2747 3529 3037 3580 rursusque
3062 3528 3226 3566 unum
3253 3512 3391 3566 diem

1822 3608 1910 3661 ubi
1944 3608 1995 3661 in
2027 3623 2085 3661 se
2116 3608 2291 3676 ipsum
2326 3608 2528 3678 septies
2554 3607 2796 3671 redierit,
2828 3607 3215 3661 hebdomadem
3250 3619 3396 3659 con-

1824 3698 2021 3753 iicere?
2051 3698 2176 3753 Haec
2220 3707 2303 3753 est
2344 3708 2521 3752 autem
2553 3698 2851 3752 orbiculata
2888 3698 3077 3766 ligura,
3112 3711 3230 3765 qua:
3270 3711 3300 3749 a
3336 3710 3397 3750 se

1823 3788 1936 3856 ipsa
1976 3789 2180 3858 incipit,
2212 3798 2265 3842 et
2296 3788 2348 3842 in
2380 3804 2438 3843 se
2484 3790 2654 3858 ipsam
2700 3789 2918 3843 desinit.
2950 3789 3101 3856 Quod
3132 3803 3263 3844 sane
3291 3790 3393 3843 hu-

1818 3878 1906 3947 jus
1931 3879 2093 3933 etiam
2124 3883 2303 3937 δαίουΙί
2338 3886 2613 3955 pr0prium
2642 3895 2745 3949 est,
2782 3887 2977 3940 reverti
3015 3886 3066 3939 in
3102 3900 3162 3939 se
3195 3886 3389 3954 ipsum,

1825 3986 1926 4027 nec
1968 3989 2192 4044 usquam
2246 3979 2549 4034 terminari.
2598 3979 2749 4033 Hanc
2785 3979 2855 4032 ob
2887 3992 3105 4031 causam
3142 3978 3395 4047 temporis

1822 4074 2004 4133 caput,
2036 4081 2141 4120 non
2173 4069 2402 4136 primam
2438 4070 2600 4132 diem,
2628 4070 2721 4123 sed
2767 4082 2926 4121 unam
2960 4067 3203 4131 vocavit;
3242 4079 3300 4121 ut
3327 4082 3391 4121 ex

1820 4156 1936 4225 ipsa
1967 4158 2132 4211 etiam
2173 4159 2534 4228 appellatione
2579 4162 2955 4230 cognationem
2994 4176 3113 4215 cum
3151 4176 3264 4215 aevo
3299 4161 3394 4214 ha-

1821 4250 1968 4304 heat.
2002 4252 2125 4306 Dies
2157 4253 2330 4317 enim,
2360 4253 2454 4321 qui
2498 4253 2748 4322 principii
2787 4255 2929 4307 unici
2970 4264 3022 4309 et
3060 4255 3211 4308 alteri
3247 4254 3395 4308 inso-

1820 4343 2037 4398 ciabilis
2083 4343 2304 4399 exhibet
2350 4346 2747 4410 characterem,
2787 4347 3001 4414 proprie
3048 4356 3101 4399 et
3148 4344 3392 4414 apposite

1822 4452 1962 4489 unus
2007 4446 2343 4505 nuncupatus
2398 4449 2499 4491 est.
2544 4437 2738 4504 Quodsi
2790 4438 2942 4506 plura
2988 4435 3184 4490 secula
3232 4435 3390 4489 nobis

158 4525 302 4589 νήτου
336 4529 472 4599 πρὸς
502 4530 687 4600 ἕτερον
716 4532 747 4600 ἡ
782 4530 873 4582 τὸν
906 4529 1229 4601 χαρακτῆρα
1259 4526 1577 4580 δεικνύουσα
1607 4526 1715 4596 (65)

1826 4529 1891 4582 ob
1933 4528 2120 4583 oculos
2161 4530 2313 4598 ponit
2344 4528 2643 4596 Scriptura,
2677 4531 2801 4581 dum
2834 4528 3016 4582 multis
3054 4528 3106 4581 in
3141 4528 3271 4582 locis
3302 4527 3387 4583 di-

159 4616 351 4681 οίκείως
378 4620 475 4672 καὶ
507 4622 797 4691 προσφυῶς
827 4621 1238 4693 προσηγορεύθη
1273 4620 1388 4691 μία.
1422 4621 1483 4672 Εἰ
1510 4620 1564 4672 δὲ
1593 4620 1718 4672 πολ-

160 4706 268 4772 λοὺς
324 4713 455 4782 ἡμῖν
525 4712 728 4775 αἰῶνας
785 4715 1117 4785 παρίστησιν
1174 4716 1206 4784 ἡ
1263 4712 1484 4783 Γραφὴ,
1536 4710 1719 4765 αἰῶνα

163 4796 373 4866 αἰῶνος,
399 4804 498 4856 καὶ
528 4802 748 4869 αἰῶνας
773 4803 999 4857 αἰώνων
1026 4804 1290 4874 πολλαχοῦ
1320 4805 1571 4872 λέγουσα,
1606 4804 1717 4857 ἀλλ’

164 4884 240 4942 οὖν
274 4894 427 4949 κάκεί
457 4897 580 4967 οὐχ).
613 4896 849 4967 πρῶτος,
894 4897 1014 4949 οὐδὲ
1046 4896 1296 4966 δεύτερος
1316 4937 1329 4957 ,
1372 4895 1492 4948 οὐδὲ
1539 4896 1718 4966 τρίτος

1826 4621 1897 4674 cit
1935 4638 1947 4674 :
1991 4619 2253 4674 Sa’culum
2312 4623 2514 4687 swculi,
2548 4634 2593 4675 et
2643 4622 2836 4675 swcula
2881 4622 3227 4686 swcuforum;
3282 4621 3390 4675 illic

1828 4723 2009 4767 tamen
2043 4730 2215 4784 neque
2244 4717 2500 4784 primum,
2535 4730 2709 4785 neque
2741 4715 3056 4781 secundum,
3083 4729 3254 4782 neque
3284 4723 3392 4767 ter—

1829 4805 1958 4857 tium
1998 4807 2249 4860 saeculum
2307 4807 2461 4860 nobis
2503 4815 2875 4859 enumeratum
2908 4818 3012 4860 est.
3054 4804 3392 4874 Quapropter

1828 4896 1983 4951 nobis
2014 4898 2191 4966 potius
2222 4907 2485 4961 statuum,
2519 4899 2894 4968 variarumque
2930 4914 3108 4953 rerum
3140 4895 3391 4952 dilferen-

244 5098 285 5129 ”
313 5097 451 5155 Psal.
488 5117 713 5168 Luxu,
746 5102 827 5158 lO.
906 5101 949 5134 ³⁰
993 5102 1127 5157 Gen.
1158 5119 1323 5170 xcv",
1371 5104 1424 5159 9.
1502 5106 1543 5136 ³⁸
1574 5105 1713 5161 Psal.
1746 5120 1879 5167 nu,
1913 5103 1963 5156 6.

225 5300 329 5373 (59)
352 5306 537 5382 _Deest
566 5308 728 5378 φησίν
766 5309 818 5382 in
843 5311 1083 5365 editione
1117 5311 1281 5365 Basil.
1317 5322 1371 5366 et
1412 5312 1463 5365 in
1488 5324 1717 5382 quatuor

166 5383 302 5454 mss.,
351 5375 543 5454 legitur
580 5375 731 5431 vero
792 5380 843 5433 in
907 5383 1141 5454 editione
1192 5383 1365 5436 Paris.
1407 5394 1460 5435 et
1493 5375 1544 5437 in
1583 5385 1713 5454 lleg.

169 5448 846 5524 q“?."£9-..'_‘”‘l‘!9!“°-1305}
880 5452 1042 5519 aliqui
1076 5468 1203 5507 ιηεε-
1242 5454 1377 5524 πρὸς
1403 5454 1480 5505 τό.

232 5510 332 5590 (6_(_l)
363 5517 452 5571 Sic
479 5510 645 5572 editio
691 5510 856 5573 B'asil.
898 5510 1015 5574 cuin
1063 5510 1297 5590 utroque.
1332 5510 1459 5577 line.
1497 5535 1549 5578 et
1594 5540 1713 5578 cum

170 5578 356 5649 Anglic.
390 5602 493 5641 uno
523 5599 578 5641 et
604 5603 726 5642 cum
759 5590 877 5643 aliis
911 5606 1003 5645 sex
1038 5609 1165 5646 mss.
1189 5578 1365 5647 Editio
1395 5609 1521 5647 vero
1542 5594 1711 5649 Paris.

168 5651 417 5774 ἱῗὲνᾌιέίρᾳ
454 5661 581 5729 μιᾶς
602 5659 724 5725 καί,
762 5660 919 5714 male.
972 5661 1102 5732 Reg.
1137 5673 1318 5719 sextus
1362 5664 1713 5731 συνεξακουο-

174 5737 287 5793 μενη
294 5741 317 5785 ς
323 5764 335 5778 ,

232 5792 330 5865 (θί)
361 5796 427 5851 lla
473 5799 639 5855 editio
670 5800 829 5857 Basil.
866 5817 984 5857 cum
1044 5819 1135 5859 sex
1174 5820 1327 5873 mss.,
1380 5817 1431 5862 et
1484 5808 1552 5861 ita
1583 5808 1707 5877 legit

1822 5314 2162 5366 Tilmunnus.
2194 5312 2367 5366 Editio
2401 5312 2569 5364 Paris.
2610 5314 2640 5382 ἡ
2686 5310 2779 5365 τοῦ
2814 5310 2983 5381 ἡλίου.
3022 5309 3219 5363 ibidem
3250 5309 3385 5377 Reg.

1822 5395 2005 5438 sextus
2038 5382 2170 5436 αὐτὸ
2204 5383 2364 5435 πάλιν
2390 5386 2631 5453 σημεῖον.

1894 5454 2004 5519 (6‘2)
2035 5454 2129 5507 llic
2151 5466 2233 5507 est
2264 5456 2397 5507 ordo
2420 5449 2703 5505 multorum
2737 5468 2864 5506 mss.
2898 5452 3035 5505 Edili
3055 5449 3389 5521 κυριώτερος

1819 5526 1876 5577 ὲν
1910 5562 1923 5575 .
1957 5565 1969 5577 .
2014 5566 2026 5575 .
2063 5561 2076 5576 .
2110 5527 2136 5577 ό
2164 5523 2336 5591 λόγος.
2364 5522 2561 5576 Ιιιίιιθιιι
2594 5523 2757 5576 Coisl.
2790 5524 2991 5590 primus
3034 5520 3141 5592 τὴν
3166 5520 3259 5574 τοῦ
3298 5520 3386 5574 κό-

1822 5612 1960 5664 σμου
1999 5594 2177 5663 φύσιν.
2211 5596 2500 5663 Aliquanto
2540 5603 2660 5660 post
2697 5594 2821 5663 llcg.
2855 5593 3211 5664 sextus‘abtbv
3258 5592 3394 5664 ἀνα-

1822 5662 2052 5735 μετρῶν.
2105 5662 2586 5735 Βιαιίιηίψιαιυυι·
2642 5662 2791 5718 ωδε(
2822 5662 3279 5717 ἁνακυκλοῦσθαι.
3311 5663 3389 5720 At

1818 5733 1940 5787 cum
1983 5733 2421 5795 άνακυκλεῖσθαι.

1890 5806 2001 5876 ςϐὄ)
2039 5806 2248 5874 Aliquot
2280 5821 2416 5860 mss.
2452 5801 2721 5858 δεικνῦσα.
