  <div class='ocr_page' id='page_1' title='image "/cluster/home/n/w/nwhite01/storage/ocr_20150623/29/pst.000005712274/431.png"; bbox 0 0 4060 6316; ppageno 0'>
   <div class='ocr_carea' id='block_1_1' title="bbox 670 354 2242 429">
    <p class='ocr_par' dir='ltr' id='par_1_1' title="bbox 670 354 2239 420">
     <span class='ocr_line' id='line_1_1' title="bbox 670 354 2239 420; baseline 0.005 -10"><span class='ocrx_word' id='word_1_1' title='bbox 670 354 740 410; x_wconf 77' lang='lat'><strong>53</strong></span> <span class='ocrx_word' id='word_1_2' title='bbox 2013 364 2068 420; x_wconf 74' lang='grc' dir='ltr'><strong>ὃ.</strong></span> <span class='ocrx_word' id='word_1_3' title='bbox 2113 363 2239 418; x_wconf 82' lang='lat' dir='ltr'><strong>BAS</strong></span> 
     </span>
    </p>
   </div>
   <div class='ocr_carea' id='block_1_2' title="bbox 2344 354 3906 429">
    <p class='ocr_par' dir='ltr' id='par_1_2' title="bbox 2344 364 3906 429">
     <span class='ocr_line' id='line_1_2' title="bbox 2344 364 3906 429; baseline 0.006 -11"><span class='ocrx_word' id='word_1_4' title='bbox 2344 365 2355 417; x_wconf 97' lang='lat' dir='ltr'><strong>l</strong></span> <span class='ocrx_word' id='word_1_5' title='bbox 2396 364 2609 420; x_wconf 79' lang='lat' dir='ltr'><strong>MAGNI</strong></span> <span class='ocrx_word' id='word_1_6' title='bbox 3856 373 3906 429; x_wconf 73' lang='grc' dir='ltr'>ιε</span> 
     </span>
    </p>
   </div>
   <div class='ocr_carea' id='block_1_3' title="bbox 666 469 2242 555">
    <p class='ocr_par' dir='ltr' id='par_1_3' title="bbox 666 469 2242 545">
     <span class='ocr_line' id='line_1_3' title="bbox 666 469 2242 545; baseline 0.005 -18"><span class='ocrx_word' id='word_1_7' title='bbox 666 478 725 527; x_wconf 72' lang='lat' dir='ltr'><strong>et</strong></span> <span class='ocrx_word' id='word_1_8' title='bbox 768 469 1056 539; x_wconf 88' lang='lat' dir='ltr'><strong>unicuique</strong></span> <span class='ocrx_word' id='word_1_9' title='bbox 1104 472 1351 543; x_wconf 71' lang='lat' dir='ltr'><strong>subjecto</strong></span> <span class='ocrx_word' id='word_1_10' title='bbox 1396 478 1781 533; x_wconf 86' lang='lat' dir='ltr'><strong>accommodas</strong></span> <span class='ocrx_word' id='word_1_11' title='bbox 1824 477 2242 545; x_wconf 81' lang='lat' dir='ltr'><strong>signiﬁcationes</strong></span> 
     </span>
    </p>
   </div>
   <div class='ocr_carea' id='block_1_4' title="bbox 2344 469 3905 555">
    <p class='ocr_par' dir='ltr' id='par_1_4' title="bbox 2349 480 3905 555">
     <span class='ocr_line' id='line_1_4' title="bbox 2349 480 3905 555; baseline 0.004 -23"><span class='ocrx_word' id='word_1_12' title='bbox 2349 482 2565 551; x_wconf 87' lang='grc' dir='ltr'>νοήσει,</span> <span class='ocrx_word' id='word_1_13' title='bbox 2593 480 2781 535; x_wconf 75' lang='grc' dir='ltr'>ἔπειτα</span> <span class='ocrx_word' id='word_1_14' title='bbox 2819 484 2955 553; x_wconf 82' lang='grc' dir='ltr'>μετὰ</span> <span class='ocrx_word' id='word_1_15' title='bbox 2980 485 3040 539; x_wconf 84' lang='grc' dir='ltr'><strong>τὸ</strong></span> <span class='ocrx_word' id='word_1_16' title='bbox 3082 484 3472 555; x_wconf 77' lang='grc' dir='ltr'><strong>φαντασθῆναι,</strong></span> <span class='ocrx_word' id='word_1_17' title='bbox 3513 483 3624 538; x_wconf 83' lang='grc' dir='ltr'>ἀπὸ</span> <span class='ocrx_word' id='word_1_18' title='bbox 3655 484 3766 539; x_wconf 80' lang='grc' dir='ltr'><strong>τῶν</strong></span> <span class='ocrx_word' id='word_1_19' title='bbox 3794 486 3905 539; x_wconf 82' lang='grc' dir='ltr'>ὑπο-</span> 
     </span>
    </p>
   </div>
   <div class='ocr_carea' id='block_1_5' title="bbox 667 563 2244 641">
    <p class='ocr_par' dir='ltr' id='par_1_5' title="bbox 667 563 2244 641">
     <span class='ocr_line' id='line_1_5' title="bbox 667 563 2244 641; baseline 0.005 -22"><span class='ocrx_word' id='word_1_20' title='bbox 667 563 926 634; x_wconf 83' lang='lat' dir='ltr'><strong>seligens,</strong></span> <span class='ocrx_word' id='word_1_21' title='bbox 967 565 1260 619; x_wconf 92' lang='lat' dir='ltr'><strong>enuntiat?</strong></span> <span class='ocrx_word' id='word_1_22' title='bbox 1293 583 1419 621; x_wconf 88' lang='lat' dir='ltr'><strong>num</strong></span> <span class='ocrx_word' id='word_1_23' title='bbox 1455 569 1687 637; x_wconf 89' lang='lat' dir='ltr'><strong>denique</strong></span> <span class='ocrx_word' id='word_1_24' title='bbox 1722 570 1988 625; x_wconf 73' lang='lat' dir='ltr'><strong>vocalium</strong></span> <span class='ocrx_word' id='word_1_25' title='bbox 2018 587 2244 641; x_wconf 85' lang='lat' dir='ltr'><strong>organo-</strong></span> 
     </span>
    </p>
   </div>
   <div class='ocr_carea' id='block_1_6' title="bbox 664 657 2243 728">
    <p class='ocr_par' dir='ltr' id='par_1_6' title="bbox 664 657 2243 728">
     <span class='ocr_line' id='line_1_6' title="bbox 664 657 2243 728; baseline 0.007 -20"><span class='ocrx_word' id='word_1_26' title='bbox 664 669 785 709; x_wconf 86' lang='lat' dir='ltr'><strong>rum</strong></span> <span class='ocrx_word' id='word_1_27' title='bbox 838 657 1149 712; x_wconf 84' lang='lat' dir='ltr'><strong>ministerio</strong></span> <span class='ocrx_word' id='word_1_28' title='bbox 1197 658 1430 728; x_wconf 89' lang='lat' dir='ltr'><strong>cogitata</strong></span> <span class='ocrx_word' id='word_1_29' title='bbox 1487 664 1862 727; x_wconf 89' lang='lat' dir='ltr'><strong>committens,</strong></span> <span class='ocrx_word' id='word_1_30' title='bbox 1912 665 1986 718; x_wconf 87' lang='lat' dir='ltr'><strong>ita</strong></span> <span class='ocrx_word' id='word_1_31' title='bbox 2031 664 2243 719; x_wconf 89' lang='lat' dir='ltr'><strong>demum</strong></span> 
     </span>
    </p>
   </div>
   <div class='ocr_carea' id='block_1_7' title="bbox 664 749 2245 820">
    <p class='ocr_par' dir='ltr' id='par_1_7' title="bbox 664 749 2245 820">
     <span class='ocr_line' id='line_1_7' title="bbox 664 749 2245 820; baseline 0.006 -19"><span class='ocrx_word' id='word_1_32' title='bbox 664 763 765 816; x_wconf 89' lang='lat' dir='ltr'><strong>per</strong></span> <span class='ocrx_word' id='word_1_33' title='bbox 792 749 937 803; x_wconf 90' lang='lat' dir='ltr'><strong>aeris</strong></span> <span class='ocrx_word' id='word_1_34' title='bbox 972 750 1412 820; x_wconf 83' lang='lat' dir='ltr'><strong>impressionem,</strong></span> <span class='ocrx_word' id='word_1_35' title='bbox 1447 754 1513 807; x_wconf 88' lang='lat' dir='ltr'><strong>ad</strong></span> <span class='ocrx_word' id='word_1_36' title='bbox 1545 757 1692 811; x_wconf 81' lang='lat' dir='ltr'><strong>vocis</strong></span> <span class='ocrx_word' id='word_1_37' title='bbox 1723 768 1928 811; x_wconf 91' lang='lat' dir='ltr'><strong>motum</strong></span> <span class='ocrx_word' id='word_1_38' title='bbox 1963 758 2245 812; x_wconf 82' lang='lat' dir='ltr'><strong>articulate</strong></span> 
     </span>
    </p>
   </div>
   <div class='ocr_carea' id='block_1_8' title="bbox 664 837 2243 916">
    <p class='ocr_par' dir='ltr' id='par_1_8' title="bbox 664 837 2243 916">
     <span class='ocr_line' id='line_1_8' title="bbox 664 837 2243 916; baseline 0.008 -25"><span class='ocrx_word' id='word_1_39' title='bbox 664 837 992 894; x_wconf 81' lang='lat' dir='ltr'><strong>distinctum</strong></span> <span class='ocrx_word' id='word_1_40' title='bbox 1041 845 1531 910; x_wconf 83' lang='lat' dir='ltr'><strong>accommodatam,</strong></span> <span class='ocrx_word' id='word_1_41' title='bbox 1566 848 1944 916; x_wconf 76' lang='lat' dir='ltr'><strong>cogitationem</strong></span> <span class='ocrx_word' id='word_1_42' title='bbox 1982 849 2243 903; x_wconf 85' lang='lat' dir='ltr'><strong>internam</strong></span> 
     </span>
    </p>
   </div>
   <div class='ocr_carea' id='block_1_9' title="bbox 666 930 2245 1004">
    <p class='ocr_par' dir='ltr' id='par_1_9' title="bbox 666 930 2245 1004">
     <span class='ocr_line' id='line_1_9' title="bbox 666 930 2245 1004; baseline 0.009 -22"><span class='ocrx_word' id='word_1_43' title='bbox 666 930 1016 986; x_wconf 83' lang='lat' dir='ltr'><strong>manifestat?</strong></span> <span class='ocrx_word' id='word_1_44' title='bbox 1061 931 1126 987; x_wconf 90' lang='lat' dir='ltr'><strong>Et</strong></span> <span class='ocrx_word' id='word_1_45' title='bbox 1151 936 1423 1004; x_wconf 89' lang='lat' dir='ltr'><strong>quomodo</strong></span> <span class='ocrx_word' id='word_1_46' title='bbox 1455 952 1558 991; x_wconf 91' lang='lat' dir='ltr'><strong>non</strong></span> <span class='ocrx_word' id='word_1_47' title='bbox 1594 937 1896 994; x_wconf 88' lang='lat' dir='ltr'><strong>fabulosum</strong></span> <span class='ocrx_word' id='word_1_48' title='bbox 1928 950 2033 1004; x_wconf 88' lang='lat' dir='ltr'><strong>est,</strong></span> <span class='ocrx_word' id='word_1_49' title='bbox 2063 942 2245 996; x_wconf 89' lang='lat' dir='ltr'><strong>dicere</strong></span> 
     </span>
    </p>
   </div>
   <div class='ocr_carea' id='block_1_10' title="bbox 666 1022 2245 1094">
    <p class='ocr_par' dir='ltr' id='par_1_10' title="bbox 666 1022 2245 1094">
     <span class='ocr_line' id='line_1_10' title="bbox 666 1022 2245 1094; baseline 0.008 -18"><span class='ocrx_word' id='word_1_50' title='bbox 666 1022 835 1077; x_wconf 88' lang='lat' dir='ltr'><strong>Deum</strong></span> <span class='ocrx_word' id='word_1_51' title='bbox 871 1025 936 1078; x_wconf 89' lang='lat' dir='ltr'><strong>ad</strong></span> <span class='ocrx_word' id='word_1_52' title='bbox 968 1040 1093 1081; x_wconf 86' lang='lat' dir='ltr'><strong>suas</strong></span> <span class='ocrx_word' id='word_1_53' title='bbox 1127 1028 1485 1094; x_wconf 73' lang='lat' dir='ltr'><strong>cogitationes</strong></span> <span class='ocrx_word' id='word_1_54' title='bbox 1527 1031 1878 1087; x_wconf 86' lang='lat' dir='ltr'><strong>declarandas</strong></span> <span class='ocrx_word' id='word_1_55' title='bbox 1925 1035 2245 1090; x_wconf 86' lang='lat' dir='ltr'><strong>circuitione</strong></span> 
     </span>
    </p>
   </div>
   <div class='ocr_carea' id='block_1_11' title="bbox 667 1116 2241 1194">
    <p class='ocr_par' dir='ltr' id='par_1_11' title="bbox 667 1116 2241 1194">
     <span class='ocr_line' id='line_1_11' title="bbox 667 1116 2241 1194; baseline 0.008 -26"><span class='ocrx_word' id='word_1_56' title='bbox 667 1116 758 1170; x_wconf 89' lang='lat' dir='ltr'><strong>tali</strong></span> <span class='ocrx_word' id='word_1_57' title='bbox 824 1118 1097 1189; x_wconf 79' lang='lat' dir='ltr'><strong>indigere?</strong></span> <span class='ocrx_word' id='word_1_58' title='bbox 1170 1120 1359 1177; x_wconf 81' lang='lat' dir='ltr'><strong>Nonne</strong></span> <span class='ocrx_word' id='word_1_59' title='bbox 1417 1124 1587 1193; x_wconf 89' lang='lat' dir='ltr'><strong>magis</strong></span> <span class='ocrx_word' id='word_1_60' title='bbox 1650 1127 1797 1194; x_wconf 89' lang='lat' dir='ltr'><strong>pium</strong></span> <span class='ocrx_word' id='word_1_61' title='bbox 1866 1135 1946 1179; x_wconf 90' lang='lat' dir='ltr'><strong>est</strong></span> <span class='ocrx_word' id='word_1_62' title='bbox 2016 1128 2241 1192; x_wconf 80' lang='lat' dir='ltr'><strong>dicere,</strong></span> 
     </span>
    </p>
   </div>
   <div class='ocr_carea' id='block_1_12' title="bbox 664 1208 2246 1284">
    <p class='ocr_par' dir='ltr' id='par_1_12' title="bbox 664 1208 2246 1284">
     <span class='ocr_line' id='line_1_12' title="bbox 664 1208 2246 1284; baseline 0.007 -24"><span class='ocrx_word' id='word_1_63' title='bbox 664 1208 993 1265; x_wconf 77' lang='lat' dir='ltr'><strong>voluntatem</strong></span> <span class='ocrx_word' id='word_1_64' title='bbox 1061 1212 1335 1277; x_wconf 81' lang='lat' dir='ltr'><strong>divinam,</strong></span> <span class='ocrx_word' id='word_1_65' title='bbox 1406 1215 1746 1284; x_wconf 88' lang='lat' dir='ltr'><strong>primumque</strong></span> <span class='ocrx_word' id='word_1_66' title='bbox 1834 1218 2081 1271; x_wconf 87' lang='lat' dir='ltr'><strong>motionis</strong></span> <span class='ocrx_word' id='word_1_67' title='bbox 2167 1220 2246 1271; x_wconf 87' lang='lat' dir='ltr'><strong>in-</strong></span> 
     </span>
    </p>
   </div>
   <div class='ocr_carea' id='block_1_13' title="bbox 667 1300 2244 1371">
    <p class='ocr_par' dir='ltr' id='par_1_13' title="bbox 667 1300 2244 1371">
     <span class='ocr_line' id='line_1_13' title="bbox 667 1300 2244 1371; baseline 0.007 -19"><span class='ocrx_word' id='word_1_68' title='bbox 667 1300 957 1369; x_wconf 83' lang='lat' dir='ltr'><strong>telligentis</strong></span> <span class='ocrx_word' id='word_1_69' title='bbox 1032 1303 1318 1371; x_wconf 86' lang='lat' dir='ltr'><strong>impetum,</strong></span> <span class='ocrx_word' id='word_1_70' title='bbox 1378 1305 1613 1361; x_wconf 80' lang='lat' dir='ltr'><strong>Verbum</strong></span> <span class='ocrx_word' id='word_1_71' title='bbox 1696 1322 1815 1361; x_wconf 89' lang='lat' dir='ltr'><strong>esse</strong></span> <span class='ocrx_word' id='word_1_72' title='bbox 1878 1308 2014 1363; x_wconf 87' lang='lat' dir='ltr'><strong>Dei?</strong></span> <span class='ocrx_word' id='word_1_73' title='bbox 2075 1309 2244 1363; x_wconf 90' lang='lat' dir='ltr'><strong>Porro</strong></span> 
     </span>
    </p>
   </div>
   <div class='ocr_carea' id='block_1_14' title="bbox 664 1398 2243 1474">
    <p class='ocr_par' dir='ltr' id='par_1_14' title="bbox 664 1398 2243 1474">
     <span class='ocr_line' id='line_1_14' title="bbox 664 1398 2243 1474; baseline 0.009 -28"><span class='ocrx_word' id='word_1_74' title='bbox 664 1398 951 1450; x_wconf 90' lang='lat' dir='ltr'><strong>verborum</strong></span> <span class='ocrx_word' id='word_1_75' title='bbox 1023 1400 1223 1453; x_wconf 86' lang='lat' dir='ltr'><strong>ambitu</strong></span> <span class='ocrx_word' id='word_1_76' title='bbox 1298 1402 1470 1469; x_wconf 90' lang='lat' dir='ltr'><strong>ipsum</strong></span> <span class='ocrx_word' id='word_1_77' title='bbox 1536 1404 1819 1457; x_wconf 90' lang='lat' dir='ltr'><strong>adumbrat</strong></span> <span class='ocrx_word' id='word_1_78' title='bbox 1898 1406 2243 1474; x_wconf 87' lang='lat' dir='ltr'><strong>delineatqne</strong></span> 
     </span>
    </p>
   </div>
   <div class='ocr_carea' id='block_1_15' title="bbox 666 1487 2246 1564">
    <p class='ocr_par' dir='ltr' id='par_1_15' title="bbox 666 1487 2246 1564">
     <span class='ocr_line' id='line_1_15' title="bbox 666 1487 2246 1564; baseline 0.006 -22"><span class='ocrx_word' id='word_1_79' title='bbox 666 1487 987 1557; x_wconf 82' lang='lat' dir='ltr'><strong>Scriptura,</strong></span> <span class='ocrx_word' id='word_1_80' title='bbox 1055 1501 1111 1543; x_wconf 91' lang='lat' dir='ltr'><strong>ut</strong></span> <span class='ocrx_word' id='word_1_81' title='bbox 1194 1493 1523 1548; x_wconf 82' lang='lat' dir='ltr'><strong>demonstret</strong></span> <span class='ocrx_word' id='word_1_82' title='bbox 1609 1497 1749 1564; x_wconf 87' lang='lat' dir='ltr'><strong>quod</strong></span> <span class='ocrx_word' id='word_1_83' title='bbox 1831 1513 1933 1549; x_wconf 88' lang='lat' dir='ltr'><strong>non</strong></span> <span class='ocrx_word' id='word_1_84' title='bbox 2018 1497 2246 1552; x_wconf 84' lang='lat' dir='ltr'><strong>voluerit</strong></span> 
     </span>
    </p>
   </div>
   <div class='ocr_carea' id='block_1_16' title="bbox 666 1580 2243 1650">
    <p class='ocr_par' dir='ltr' id='par_1_16' title="bbox 666 1580 2243 1650">
     <span class='ocr_line' id='line_1_16' title="bbox 666 1580 2243 1650; baseline 0.008 -17"><span class='ocrx_word' id='word_1_85' title='bbox 666 1580 837 1634; x_wconf 90' lang='lat' dir='ltr'><strong>solum</strong></span> <span class='ocrx_word' id='word_1_86' title='bbox 904 1582 1020 1635; x_wconf 88' lang='lat' dir='ltr'><strong>fieri</strong></span> <span class='ocrx_word' id='word_1_87' title='bbox 1094 1593 1433 1650; x_wconf 86' lang='lat' dir='ltr'><strong>creaturam,</strong></span> <span class='ocrx_word' id='word_1_88' title='bbox 1494 1587 1586 1641; x_wconf 90' lang='lat' dir='ltr'><strong>sed</strong></span> <span class='ocrx_word' id='word_1_89' title='bbox 1644 1604 1762 1641; x_wconf 83' lang='lat' dir='ltr'><strong>eam</strong></span> <span class='ocrx_word' id='word_1_90' title='bbox 1822 1590 1983 1642; x_wconf 88' lang='lat' dir='ltr'><strong>etiam</strong></span> <span class='ocrx_word' id='word_1_91' title='bbox 2048 1591 2100 1644; x_wconf 92' lang='lat' dir='ltr'><strong>in</strong></span> <span class='ocrx_word' id='word_1_92' title='bbox 2162 1592 2243 1645; x_wconf 90' lang='lat' dir='ltr'><strong>lu-</strong></span> 
     </span>
    </p>
   </div>
   <div class='ocr_carea' id='block_1_17' title="bbox 665 1672 2245 1747">
    <p class='ocr_par' dir='ltr' id='par_1_17' title="bbox 665 1672 2245 1747">
     <span class='ocr_line' id='line_1_17' title="bbox 665 1672 2245 1747; baseline 0.008 -23"><span class='ocrx_word' id='word_1_93' title='bbox 665 1684 781 1724; x_wconf 86' lang='lat' dir='ltr'><strong>cem</strong></span> <span class='ocrx_word' id='word_1_94' title='bbox 815 1672 901 1726; x_wconf 91' lang='lat' dir='ltr'><strong>edi</strong></span> <span class='ocrx_word' id='word_1_95' title='bbox 950 1687 1044 1741; x_wconf 90' lang='lat' dir='ltr'><strong>per</strong></span> <span class='ocrx_word' id='word_1_96' title='bbox 1083 1676 1386 1743; x_wconf 78' lang='lat' dir='ltr'><strong>quempiam</strong></span> <span class='ocrx_word' id='word_1_97' title='bbox 1427 1678 1607 1747; x_wconf 90' lang='lat' dir='ltr'><strong>operis</strong></span> <span class='ocrx_word' id='word_1_98' title='bbox 1655 1679 1735 1731; x_wconf 91' lang='lat' dir='ltr'><strong>sui</strong></span> <span class='ocrx_word' id='word_1_99' title='bbox 1780 1680 1983 1733; x_wconf 90' lang='lat' dir='ltr'><strong>socium</strong></span> <span class='ocrx_word' id='word_1_100' title='bbox 2019 1696 2082 1735; x_wconf 90' lang='lat' dir='ltr'><strong>ac</strong></span> <span class='ocrx_word' id='word_1_101' title='bbox 2120 1696 2245 1736; x_wconf 86' lang='lat' dir='ltr'><strong>con-</strong></span> 
     </span>
    </p>
   </div>
   <div class='ocr_carea' id='block_1_18' title="bbox 665 1763 2242 1838">
    <p class='ocr_par' dir='ltr' id='par_1_18' title="bbox 665 1763 2242 1838">
     <span class='ocr_line' id='line_1_18' title="bbox 665 1763 2242 1838; baseline 0.008 -23"><span class='ocrx_word' id='word_1_102' title='bbox 665 1771 890 1818; x_wconf 88' lang='lat' dir='ltr'><strong>sortem.</strong></span> <span class='ocrx_word' id='word_1_103' title='bbox 932 1763 1147 1819; x_wconf 88' lang='lat' dir='ltr'><strong>Poterat</strong></span> <span class='ocrx_word' id='word_1_104' title='bbox 1184 1767 1347 1829; x_wconf 82' lang='lat' dir='ltr'><strong>enim,</strong></span> <span class='ocrx_word' id='word_1_105' title='bbox 1382 1770 1455 1822; x_wconf 91' lang='lat' dir='ltr'><strong>uti</strong></span> <span class='ocrx_word' id='word_1_106' title='bbox 1501 1771 1653 1824; x_wconf 92' lang='lat' dir='ltr'><strong>initio</strong></span> <span class='ocrx_word' id='word_1_107' title='bbox 1692 1770 1902 1827; x_wconf 88' lang='lat' dir='ltr'><strong>locutus</strong></span> <span class='ocrx_word' id='word_1_108' title='bbox 1942 1772 2141 1838; x_wconf 82' lang='lat' dir='ltr'><strong>fuerat,</strong></span> <span class='ocrx_word' id='word_1_109' title='bbox 2176 1776 2242 1829; x_wconf 93' lang='lat' dir='ltr'><strong>de</strong></span> 
     </span>
    </p>
   </div>
   <div class='ocr_carea' id='block_1_19' title="bbox 667 1854 2241 1929">
    <p class='ocr_par' dir='ltr' id='par_1_19' title="bbox 667 1854 2241 1929">
     <span class='ocr_line' id='line_1_19' title="bbox 667 1854 2241 1929; baseline 0.008 -22"><span class='ocrx_word' id='word_1_110' title='bbox 667 1854 893 1924; x_wconf 78' lang='lat' dir='ltr'><strong>singulis</strong></span> <span class='ocrx_word' id='word_1_111' title='bbox 925 1857 1147 1912; x_wconf 88' lang='lat' dir='ltr'><strong>dicere:</strong></span> <span class='ocrx_word' id='word_1_112' title='bbox 1181 1858 1246 1912; x_wconf 83' lang='grc' dir='ltr'><strong>1η</strong></span> <span class='ocrx_word' id='word_1_113' title='bbox 1303 1861 1563 1929; x_wconf 77' lang='lat' dir='ltr'><strong>principio</strong></span> <span class='ocrx_word' id='word_1_114' title='bbox 1615 1862 1735 1929; x_wconf 76' lang='lat' dir='ltr'><strong>fecit</strong></span> <span class='ocrx_word' id='word_1_115' title='bbox 1770 1863 1912 1918; x_wconf 71' lang='lat' dir='ltr'><strong>Deus</strong></span> <span class='ocrx_word' id='word_1_116' title='bbox 1959 1866 2145 1919; x_wconf 64' lang='lat' dir='ltr'><strong>caelum</strong></span> <span class='ocrx_word' id='word_1_117' title='bbox 2192 1876 2241 1919; x_wconf 75' lang='lat' dir='ltr'><strong>et</strong></span> 
     </span>
    </p>
   </div>
   <div class='ocr_carea' id='block_1_20' title="bbox 665 1949 2243 2027">
    <p class='ocr_par' dir='ltr' id='par_1_20' title="bbox 665 1949 2243 2027">
     <span class='ocr_line' id='line_1_20' title="bbox 665 1949 2243 2027; baseline 0.008 -28"><span class='ocrx_word' id='word_1_118' title='bbox 665 1956 897 2012; x_wconf 79' lang='lat' dir='ltr'><strong>terram;</strong></span> <span class='ocrx_word' id='word_1_119' title='bbox 948 1949 1139 2004; x_wconf 90' lang='lat' dir='ltr'><strong>deinde</strong></span> <span class='ocrx_word' id='word_1_120' title='bbox 1178 1973 1188 2005; x_wconf 83' lang='lat'><strong>:</strong></span> <span class='ocrx_word' id='word_1_121' title='bbox 1224 1949 1375 2005; x_wconf 81' lang='lat' dir='ltr'><strong>Fecit</strong></span> <span class='ocrx_word' id='word_1_122' title='bbox 1417 1953 1620 2017; x_wconf 82' lang='lat' dir='ltr'><strong>lucem;</strong></span> <span class='ocrx_word' id='word_1_123' title='bbox 1669 1966 1778 2009; x_wconf 91' lang='lat' dir='ltr'><strong>tum</strong></span> <span class='ocrx_word' id='word_1_124' title='bbox 1824 1955 2015 2011; x_wconf 83' lang='lat' dir='ltr'><strong>:Fecit</strong></span> <span class='ocrx_word' id='word_1_125' title='bbox 2061 1958 2243 2027; x_wconf 75' lang='lat' dir='ltr'><strong>ﬁrma-</strong></span> 
     </span>
    </p>
   </div>
   <div class='ocr_carea' id='block_1_21' title="bbox 664 2042 2243 2116">
    <p class='ocr_par' dir='ltr' id='par_1_21' title="bbox 664 2042 2243 2116">
     <span class='ocr_line' id='line_1_21' title="bbox 664 2042 2243 2116; baseline 0.006 -23"><span class='ocrx_word' id='word_1_126' title='bbox 664 2056 739 2094; x_wconf 78' lang='grc' dir='ltr'>ηιι</span> <span class='ocrx_word' id='word_1_127' title='bbox 765 2051 915 2097; x_wconf 73' lang='lat' dir='ltr'><strong>tium.</strong></span> <span class='ocrx_word' id='word_1_128' title='bbox 948 2042 1099 2097; x_wconf 85' lang='lat' dir='ltr'><strong>Nunc</strong></span> <span class='ocrx_word' id='word_1_129' title='bbox 1142 2054 1318 2099; x_wconf 88' lang='lat' dir='ltr'><strong>autem</strong></span> <span class='ocrx_word' id='word_1_130' title='bbox 1359 2045 1523 2100; x_wconf 88' lang='lat' dir='ltr'><strong>Deum</strong></span> <span class='ocrx_word' id='word_1_131' title='bbox 1581 2049 1936 2116; x_wconf 90' lang='lat' dir='ltr'><strong>imperantem</strong></span> <span class='ocrx_word' id='word_1_132' title='bbox 1980 2059 2035 2104; x_wconf 90' lang='lat' dir='ltr'><strong>et</strong></span> <span class='ocrx_word' id='word_1_133' title='bbox 2079 2050 2243 2105; x_wconf 85' lang='lat' dir='ltr'><strong>collo-</strong></span> 
     </span>
    </p>
   </div>
   <div class='ocr_carea' id='block_1_22' title="bbox 663 2134 2243 2210">
    <p class='ocr_par' dir='ltr' id='par_1_22' title="bbox 663 2134 2243 2210">
     <span class='ocr_line' id='line_1_22' title="bbox 663 2134 2243 2210; baseline 0.006 -25"><span class='ocrx_word' id='word_1_134' title='bbox 663 2141 921 2201; x_wconf 79' lang='lat' dir='ltr'><strong>quontem</strong></span> <span class='ocrx_word' id='word_1_135' title='bbox 960 2134 1222 2190; x_wconf 90' lang='lat' dir='ltr'><strong>inducens</strong></span> <span class='ocrx_word' id='word_1_136' title='bbox 1267 2135 1571 2204; x_wconf 83' lang='lat' dir='ltr'><strong>Scriptura,</strong></span> <span class='ocrx_word' id='word_1_137' title='bbox 1602 2139 1745 2191; x_wconf 93' lang='lat' dir='ltr'><strong>illum</strong></span> <span class='ocrx_word' id='word_1_138' title='bbox 1780 2140 1863 2193; x_wconf 86' lang='lat' dir='ltr'><strong>cui</strong></span> <span class='ocrx_word' id='word_1_139' title='bbox 1899 2142 2150 2210; x_wconf 89' lang='lat' dir='ltr'><strong>imperat,</strong></span> <span class='ocrx_word' id='word_1_140' title='bbox 2188 2154 2243 2197; x_wconf 86' lang='lat' dir='ltr'><strong>et</strong></span> 
     </span>
    </p>
   </div>
   <div class='ocr_carea' id='block_1_23' title="bbox 663 2222 2241 2301">
    <p class='ocr_par' dir='ltr' id='par_1_23' title="bbox 663 2222 2241 2301">
     <span class='ocr_line' id='line_1_23' title="bbox 663 2222 2241 2301; baseline 0.008 -26"><span class='ocrx_word' id='word_1_141' title='bbox 663 2237 895 2293; x_wconf 90' lang='lat' dir='ltr'><strong>quocum</strong></span> <span class='ocrx_word' id='word_1_142' title='bbox 950 2222 1211 2293; x_wconf 83' lang='lat' dir='ltr'><strong>loquitur,</strong></span> <span class='ocrx_word' id='word_1_143' title='bbox 1272 2226 1438 2281; x_wconf 89' lang='lat' dir='ltr'><strong>tacite</strong></span> <span class='ocrx_word' id='word_1_144' title='bbox 1500 2228 1824 2295; x_wconf 89' lang='lat' dir='ltr'><strong>subindicat,</strong></span> <span class='ocrx_word' id='word_1_145' title='bbox 1867 2232 2063 2301; x_wconf 88' lang='lat' dir='ltr'><strong>quippe</strong></span> <span class='ocrx_word' id='word_1_146' title='bbox 2122 2249 2241 2301; x_wconf 73' lang='lat' dir='ltr'><strong>quae</strong></span> 
     </span>
    </p>
   </div>
   <div class='ocr_carea' id='block_1_24' title="bbox 662 2312 2237 2386">
    <p class='ocr_par' dir='ltr' id='par_1_24' title="bbox 662 2312 2237 2386">
     <span class='ocr_line' id='line_1_24' title="bbox 662 2312 2237 2386; baseline 0.007 -20"><span class='ocrx_word' id='word_1_147' title='bbox 662 2312 819 2367; x_wconf 84' lang='lat' dir='ltr'><strong>nobis</strong></span> <span class='ocrx_word' id='word_1_148' title='bbox 846 2328 951 2367; x_wconf 93' lang='lat' dir='ltr'><strong>non</strong></span> <span class='ocrx_word' id='word_1_149' title='bbox 982 2313 1222 2368; x_wconf 85' lang='lat' dir='ltr'><strong>invideat</strong></span> <span class='ocrx_word' id='word_1_150' title='bbox 1262 2315 1650 2386; x_wconf 78' lang='lat' dir='ltr'><strong>cognitionem.</strong></span> <span class='ocrx_word' id='word_1_151' title='bbox 1687 2321 1778 2373; x_wconf 89' lang='lat' dir='ltr'><strong>sed</strong></span> <span class='ocrx_word' id='word_1_152' title='bbox 1813 2321 1880 2374; x_wconf 90' lang='lat' dir='ltr'><strong>ad</strong></span> <span class='ocrx_word' id='word_1_153' title='bbox 1913 2321 2237 2377; x_wconf 91' lang='lat' dir='ltr'><strong>desiderium</strong></span> 
     </span>
    </p>
   </div>
   <div class='ocr_carea' id='block_1_25' title="bbox 662 2404 2241 2479">
    <p class='ocr_par' dir='ltr' id='par_1_25' title="bbox 662 2404 2241 2479">
     <span class='ocr_line' id='line_1_25' title="bbox 662 2404 2241 2479; baseline 0.006 -21"><span class='ocrx_word' id='word_1_154' title='bbox 662 2418 764 2458; x_wconf 85' lang='lat' dir='ltr'><strong>nos</strong></span> <span class='ocrx_word' id='word_1_155' title='bbox 822 2405 1118 2470; x_wconf 88' lang='lat' dir='ltr'><strong>accendat;</strong></span> <span class='ocrx_word' id='word_1_156' title='bbox 1171 2404 1296 2459; x_wconf 92' lang='lat' dir='ltr'><strong>dum</strong></span> <span class='ocrx_word' id='word_1_157' title='bbox 1354 2408 1538 2460; x_wconf 81' lang='lat' dir='ltr'><strong>arcani</strong></span> <span class='ocrx_word' id='word_1_158' title='bbox 1601 2410 1825 2477; x_wconf 75' lang='lat' dir='ltr'><strong>vestigia</strong></span> <span class='ocrx_word' id='word_1_159' title='bbox 1881 2415 2126 2479; x_wconf 67' lang='lat' dir='ltr'><strong>quaedam</strong></span> <span class='ocrx_word' id='word_1_160' title='bbox 2177 2428 2241 2467; x_wconf 91' lang='lat' dir='ltr'><strong>ac</strong></span> 
     </span>
    </p>
   </div>
   <div class='ocr_carea' id='block_1_26' title="bbox 662 2494 2237 2572">
    <p class='ocr_par' dir='ltr' id='par_1_26' title="bbox 662 2494 2237 2572">
     <span class='ocr_line' id='line_1_26' title="bbox 662 2494 2237 2572; baseline 0.006 -23"><span class='ocrx_word' id='word_1_161' title='bbox 662 2494 862 2550; x_wconf 87' lang='lat' dir='ltr'><strong>indicia</strong></span> <span class='ocrx_word' id='word_1_162' title='bbox 917 2508 1331 2552; x_wconf 87' lang='lat' dir='ltr'><strong>commonstrat.</strong></span> <span class='ocrx_word' id='word_1_163' title='bbox 1384 2499 1534 2565; x_wconf 86' lang='lat' dir='ltr'><strong>Quod</strong></span> <span class='ocrx_word' id='word_1_164' title='bbox 1586 2502 1732 2554; x_wconf 92' lang='lat' dir='ltr'><strong>enim</strong></span> <span class='ocrx_word' id='word_1_165' title='bbox 1787 2502 1976 2556; x_wconf 87' lang='lat' dir='ltr'><strong>labore</strong></span> <span class='ocrx_word' id='word_1_166' title='bbox 2023 2515 2237 2572; x_wconf 78' lang='lat' dir='ltr'><strong>partum</strong></span> 
     </span>
    </p>
   </div>
   <div class='ocr_carea' id='block_1_27' title="bbox 663 2589 2242 2662">
    <p class='ocr_par' dir='ltr' id='par_1_27' title="bbox 663 2589 2242 2662">
     <span class='ocr_line' id='line_1_27' title="bbox 663 2589 2242 2662; baseline 0.005 -23"><span class='ocrx_word' id='word_1_167' title='bbox 663 2597 770 2651; x_wconf 88' lang='lat' dir='ltr'><strong>est,</strong></span> <span class='ocrx_word' id='word_1_168' title='bbox 800 2603 924 2640; x_wconf 92' lang='lat' dir='ltr'><strong>cum</strong></span> <span class='ocrx_word' id='word_1_169' title='bbox 974 2589 1171 2655; x_wconf 80' lang='lat' dir='ltr'><strong>gaudio</strong></span> <span class='ocrx_word' id='word_1_170' title='bbox 1213 2589 1526 2656; x_wconf 90' lang='lat' dir='ltr'><strong>suscipitur,</strong></span> <span class='ocrx_word' id='word_1_171' title='bbox 1556 2600 1609 2643; x_wconf 94' lang='lat' dir='ltr'><strong>et</strong></span> <span class='ocrx_word' id='word_1_172' title='bbox 1636 2592 1925 2662; x_wconf 86' lang='lat' dir='ltr'><strong>diligenter</strong></span> <span class='ocrx_word' id='word_1_173' title='bbox 1951 2607 2242 2647; x_wconf 84' lang='lat' dir='ltr'><strong>conserva-</strong></span> 
     </span>
    </p>
   </div>
   <div class='ocr_carea' id='block_1_28' title="bbox 666 2676 2241 2748">
    <p class='ocr_par' dir='ltr' id='par_1_28' title="bbox 666 2676 2241 2748">
     <span class='ocr_line' id='line_1_28' title="bbox 666 2676 2241 2748; baseline 0.006 -18"><span class='ocrx_word' id='word_1_174' title='bbox 666 2685 791 2731; x_wconf 90' lang='lat' dir='ltr'><strong>tur:</strong></span> <span class='ocrx_word' id='word_1_175' title='bbox 824 2687 1035 2744; x_wconf 87' lang='lat' dir='ltr'><strong>contra,</strong></span> <span class='ocrx_word' id='word_1_176' title='bbox 1070 2693 1188 2747; x_wconf 66' lang='lat' dir='ltr'><strong>quae</strong></span> <span class='ocrx_word' id='word_1_177' title='bbox 1232 2676 1390 2733; x_wconf 77' lang='lat' dir='ltr'><strong>facile</strong></span> <span class='ocrx_word' id='word_1_178' title='bbox 1427 2690 1831 2748; x_wconf 86' lang='lat' dir='ltr'><strong>comparantur,</strong></span> <span class='ocrx_word' id='word_1_179' title='bbox 1863 2699 1925 2738; x_wconf 86' lang='lat' dir='ltr'><strong>ea</strong></span> <span class='ocrx_word' id='word_1_180' title='bbox 1958 2699 2080 2739; x_wconf 89' lang='lat' dir='ltr'><strong>cum</strong></span> <span class='ocrx_word' id='word_1_181' title='bbox 2111 2699 2241 2740; x_wconf 87' lang='lat' dir='ltr'><strong>eon-</strong></span> 
     </span>
    </p>
   </div>
   <div class='ocr_carea' id='block_1_29' title="bbox 664 2769 2238 2843">
    <p class='ocr_par' dir='ltr' id='par_1_29' title="bbox 664 2769 2238 2843">
     <span class='ocr_line' id='line_1_29' title="bbox 664 2769 2238 2843; baseline 0.005 -22"><span class='ocrx_word' id='word_1_182' title='bbox 664 2776 868 2839; x_wconf 89' lang='lat' dir='ltr'><strong>temptu</strong></span> <span class='ocrx_word' id='word_1_183' title='bbox 902 2769 1268 2839; x_wconf 90' lang='lat' dir='ltr'><strong>possidentur.</strong></span> <span class='ocrx_word' id='word_1_184' title='bbox 1303 2770 1648 2841; x_wconf 88' lang='lat' dir='ltr'><strong>Quapropter</strong></span> <span class='ocrx_word' id='word_1_185' title='bbox 1682 2772 1762 2826; x_wconf 79' lang='lat' dir='ltr'><strong>via</strong></span> <span class='ocrx_word' id='word_1_186' title='bbox 1806 2775 2038 2843; x_wconf 91' lang='lat' dir='ltr'><strong>quadam</strong></span> <span class='ocrx_word' id='word_1_187' title='bbox 2068 2785 2123 2831; x_wconf 92' lang='lat' dir='ltr'><strong>et</strong></span> <span class='ocrx_word' id='word_1_188' title='bbox 2147 2790 2238 2829; x_wconf 88' lang='lat' dir='ltr'><strong>or-</strong></span> 
     </span>
    </p>
   </div>
   <div class='ocr_carea' id='block_1_30' title="bbox 666 2858 2240 2932">
    <p class='ocr_par' dir='ltr' id='par_1_30' title="bbox 666 2858 2240 2932">
     <span class='ocr_line' id='line_1_30' title="bbox 666 2858 2240 2932; baseline 0.008 -23"><span class='ocrx_word' id='word_1_189' title='bbox 666 2858 789 2910; x_wconf 89' lang='lat' dir='ltr'><strong>dine</strong></span> <span class='ocrx_word' id='word_1_190' title='bbox 820 2873 918 2912; x_wconf 89' lang='lat' dir='ltr'><strong>nos</strong></span> <span class='ocrx_word' id='word_1_191' title='bbox 956 2860 1020 2913; x_wconf 89' lang='lat' dir='ltr'><strong>ad</strong></span> <span class='ocrx_word' id='word_1_192' title='bbox 1068 2859 1342 2929; x_wconf 84' lang='lat' dir='ltr'><strong>Unigeniti</strong></span> <span class='ocrx_word' id='word_1_193' title='bbox 1390 2861 1639 2915; x_wconf 89' lang='lat' dir='ltr'><strong>notitiam</strong></span> <span class='ocrx_word' id='word_1_194' title='bbox 1687 2865 1954 2932; x_wconf 89' lang='lat' dir='ltr'><strong>perducit.</strong></span> <span class='ocrx_word' id='word_1_195' title='bbox 1996 2865 2061 2920; x_wconf 88' lang='lat' dir='ltr'><strong>Et</strong></span> <span class='ocrx_word' id='word_1_196' title='bbox 2093 2875 2240 2922; x_wconf 88' lang='lat' dir='ltr'><strong>certe</strong></span> 
     </span>
    </p>
   </div>
   <div class='ocr_carea' id='block_1_31' title="bbox 659 2951 2235 3024">
    <p class='ocr_par' dir='ltr' id='par_1_31' title="bbox 659 2951 2235 3024">
     <span class='ocr_line' id='line_1_31' title="bbox 659 2951 2235 3024; baseline 0.005 -19"><span class='ocrx_word' id='word_1_197' title='bbox 659 2951 837 3005; x_wconf 87' lang='lat' dir='ltr'><strong>.vocali</strong></span> <span class='ocrx_word' id='word_1_198' title='bbox 869 2966 1118 3007; x_wconf 86' lang='lat' dir='ltr'><strong>sermone</strong></span> <span class='ocrx_word' id='word_1_199' title='bbox 1152 2968 1254 3005; x_wconf 93' lang='lat' dir='ltr'><strong>non</strong></span> <span class='ocrx_word' id='word_1_200' title='bbox 1286 2963 1401 3006; x_wconf 84' lang='lat' dir='ltr'><strong>erat</strong></span> <span class='ocrx_word' id='word_1_201' title='bbox 1446 2969 1581 3021; x_wconf 84' lang='lat' dir='ltr'><strong>opus</strong></span> <span class='ocrx_word' id='word_1_202' title='bbox 1631 2955 1960 3024; x_wconf 73' lang='lat' dir='ltr'><strong>incorporea:</strong></span> <span class='ocrx_word' id='word_1_203' title='bbox 1988 2968 2195 3013; x_wconf 72' lang='lat' dir='ltr'><strong>natum</strong></span> <span class='ocrx_word' id='word_1_204' title='bbox 2222 2977 2235 3013; x_wconf 90' lang='lat'><strong>:</strong></span> 
     </span>
    </p>
   </div>
   <div class='ocr_carea' id='block_1_32' title="bbox 670 3042 2239 3111">
    <p class='ocr_par' dir='ltr' id='par_1_32' title="bbox 670 3042 2239 3111">
     <span class='ocr_line' id='line_1_32' title="bbox 670 3042 2239 3111; baseline 0.004 -15"><span class='ocrx_word' id='word_1_205' title='bbox 670 3044 1104 3109; x_wconf 79' lang='lat' dir='ltr'><strong>quandoquidem</strong></span> <span class='ocrx_word' id='word_1_206' title='bbox 1152 3059 1271 3111; x_wconf 77' lang='lat' dir='ltr'><strong>quae</strong></span> <span class='ocrx_word' id='word_1_207' title='bbox 1323 3042 1537 3097; x_wconf 84' lang='lat' dir='ltr'><strong>fuerant</strong></span> <span class='ocrx_word' id='word_1_208' title='bbox 1586 3046 1844 3111; x_wconf 83' lang='lat' dir='ltr'><strong>cogitata,</strong></span> <span class='ocrx_word' id='word_1_209' title='bbox 1893 3048 2078 3101; x_wconf 85' lang='lat' dir='ltr'><strong>isthaec</strong></span> <span class='ocrx_word' id='word_1_210' title='bbox 2117 3065 2239 3103; x_wconf 89' lang='lat' dir='ltr'><strong>cum</strong></span> 
     </span>
    </p>
   </div>
   <div class='ocr_carea' id='block_1_33' title="bbox 667 3133 2235 3206">
    <p class='ocr_par' dir='ltr' id='par_1_33' title="bbox 667 3133 2235 3206">
     <span class='ocr_line' id='line_1_33' title="bbox 667 3133 2235 3206; baseline 0.004 -18"><span class='ocrx_word' id='word_1_211' title='bbox 667 3147 734 3188; x_wconf 91' lang='lat' dir='ltr'><strong>eo</strong></span> <span class='ocrx_word' id='word_1_212' title='bbox 762 3133 853 3202; x_wconf 85' lang='lat' dir='ltr'><strong>qui</strong></span> <span class='ocrx_word' id='word_1_213' title='bbox 889 3134 1069 3202; x_wconf 90' lang='lat' dir='ltr'><strong>operis</strong></span> <span class='ocrx_word' id='word_1_214' title='bbox 1096 3134 1274 3188; x_wconf 85' lang='lat' dir='ltr'><strong>socius</strong></span> <span class='ocrx_word' id='word_1_215' title='bbox 1303 3149 1365 3188; x_wconf 92' lang='lat' dir='ltr'><strong>ac</strong></span> <span class='ocrx_word' id='word_1_216' title='bbox 1393 3150 1616 3191; x_wconf 90' lang='lat' dir='ltr'><strong>consors</strong></span> <span class='ocrx_word' id='word_1_217' title='bbox 1643 3147 1779 3201; x_wconf 89' lang='lat' dir='ltr'><strong>erat,</strong></span> <span class='ocrx_word' id='word_1_218' title='bbox 1810 3146 2059 3206; x_wconf 89' lang='lat' dir='ltr'><strong>poterant</strong></span> <span class='ocrx_word' id='word_1_219' title='bbox 2086 3155 2235 3195; x_wconf 88' lang='lat' dir='ltr'><strong>com-</strong></span> 
     </span>
    </p>
   </div>
   <div class='ocr_carea' id='block_1_34' title="bbox 668 3227 2240 3296">
    <p class='ocr_par' dir='ltr' id='par_1_34' title="bbox 668 3227 2240 3296">
     <span class='ocr_line' id='line_1_34' title="bbox 668 3227 2240 3296; baseline 0.006 -17"><span class='ocrx_word' id='word_1_220' title='bbox 668 3227 959 3281; x_wconf 90' lang='lat' dir='ltr'><strong>municari.</strong></span> <span class='ocrx_word' id='word_1_221' title='bbox 1009 3227 1369 3294; x_wconf 87' lang='lat' dir='ltr'><strong>Quamobrem</strong></span> <span class='ocrx_word' id='word_1_222' title='bbox 1400 3244 1645 3296; x_wconf 74' lang='lat' dir='ltr'><strong>qna-nam</strong></span> <span class='ocrx_word' id='word_1_223' title='bbox 1688 3240 1808 3284; x_wconf 89' lang='lat' dir='ltr'><strong>erat</strong></span> <span class='ocrx_word' id='word_1_224' title='bbox 1840 3232 2109 3287; x_wconf 88' lang='lat' dir='ltr'><strong>sermonis</strong></span> <span class='ocrx_word' id='word_1_225' title='bbox 2146 3249 2240 3289; x_wconf 91' lang='lat' dir='ltr'><strong>ne-</strong></span> 
     </span>
    </p>
   </div>
   <div class='ocr_carea' id='block_1_35' title="bbox 668 3320 2239 3389">
    <p class='ocr_par' dir='ltr' id='par_1_35' title="bbox 668 3320 2239 3389">
     <span class='ocr_line' id='line_1_35' title="bbox 668 3320 2239 3389; baseline 0.002 -15"><span class='ocrx_word' id='word_1_226' title='bbox 668 3321 899 3375; x_wconf 82' lang='lat' dir='ltr'><strong>cessitas</strong></span> <span class='ocrx_word' id='word_1_227' title='bbox 930 3320 1017 3383; x_wconf 91' lang='lat' dir='ltr'><strong>iis,</strong></span> <span class='ocrx_word' id='word_1_228' title='bbox 1047 3321 1139 3389; x_wconf 88' lang='lat' dir='ltr'><strong>qui</strong></span> <span class='ocrx_word' id='word_1_229' title='bbox 1169 3321 1282 3389; x_wconf 92' lang='lat' dir='ltr'><strong>ipsa</strong></span> <span class='ocrx_word' id='word_1_230' title='bbox 1316 3321 1642 3388; x_wconf 84' lang='lat' dir='ltr'><strong>cogitatione</strong></span> <span class='ocrx_word' id='word_1_231' title='bbox 1670 3337 1727 3376; x_wconf 92' lang='lat' dir='ltr'><strong>se</strong></span> <span class='ocrx_word' id='word_1_232' title='bbox 1759 3323 1987 3377; x_wconf 84' lang='lat' dir='ltr'><strong>invicem</strong></span> <span class='ocrx_word' id='word_1_233' title='bbox 2019 3340 2239 3379; x_wconf 90' lang='lat' dir='ltr'><strong>suorum</strong></span> 
     </span>
    </p>
   </div>
   <div class='ocr_carea' id='block_1_36' title="bbox 667 3413 2242 3483">
    <p class='ocr_par' dir='ltr' id='par_1_36' title="bbox 667 3413 2242 3483">
     <span class='ocr_line' id='line_1_36' title="bbox 667 3413 2242 3483; baseline 0.002 -13"><span class='ocrx_word' id='word_1_234' title='bbox 667 3414 1016 3470; x_wconf 88' lang='lat' dir='ltr'><strong>consiliorum</strong></span> <span class='ocrx_word' id='word_1_235' title='bbox 1068 3422 1317 3483; x_wconf 88' lang='lat' dir='ltr'><strong>poterant</strong></span> <span class='ocrx_word' id='word_1_236' title='bbox 1362 3413 1543 3466; x_wconf 88' lang='lat' dir='ltr'><strong>facere</strong></span> <span class='ocrx_word' id='word_1_237' title='bbox 1584 3414 1915 3483; x_wconf 85' lang='lat' dir='ltr'><strong>participes?</strong></span> <span class='ocrx_word' id='word_1_238' title='bbox 1960 3415 2096 3470; x_wconf 88' lang='lat' dir='ltr'><strong>Nam</strong></span> <span class='ocrx_word' id='word_1_239' title='bbox 2142 3432 2242 3473; x_wconf 81' lang='lat' dir='ltr'><strong>vox</strong></span> 
     </span>
    </p>
   </div>
   <div class='ocr_carea' id='block_1_37' title="bbox 669 3505 2241 3577">
    <p class='ocr_par' dir='ltr' id='par_1_37' title="bbox 669 3505 2241 3577">
     <span class='ocr_line' id='line_1_37' title="bbox 669 3505 2241 3577; baseline 0.003 -17"><span class='ocrx_word' id='word_1_240' title='bbox 669 3516 888 3577; x_wconf 92' lang='lat' dir='ltr'><strong>propter</strong></span> <span class='ocrx_word' id='word_1_241' title='bbox 931 3505 1191 3569; x_wconf 87' lang='lat' dir='ltr'><strong>auditum,</strong></span> <span class='ocrx_word' id='word_1_242' title='bbox 1242 3515 1295 3560; x_wconf 89' lang='lat' dir='ltr'><strong>et</strong></span> <span class='ocrx_word' id='word_1_243' title='bbox 1328 3506 1543 3559; x_wconf 89' lang='lat' dir='ltr'><strong>auditus</strong></span> <span class='ocrx_word' id='word_1_244' title='bbox 1576 3513 1790 3574; x_wconf 89' lang='lat' dir='ltr'><strong>pr0pter</strong></span> <span class='ocrx_word' id='word_1_245' title='bbox 1825 3520 2032 3561; x_wconf 91' lang='lat' dir='ltr'><strong>vocem.</strong></span> <span class='ocrx_word' id='word_1_246' title='bbox 2072 3509 2241 3565; x_wconf 82' lang='lat' dir='ltr'><strong>Porro</strong></span> 
     </span>
    </p>
   </div>
   <div class='ocr_carea' id='block_1_38' title="bbox 672 3596 2240 3667">
    <p class='ocr_par' dir='ltr' id='par_1_38' title="bbox 672 3596 2240 3667">
     <span class='ocr_line' id='line_1_38' title="bbox 672 3596 2240 3667; baseline 0.003 -15"><span class='ocrx_word' id='word_1_247' title='bbox 672 3596 761 3652; x_wconf 88' lang='lat' dir='ltr'><strong>ubi</strong></span> <span class='ocrx_word' id='word_1_248' title='bbox 798 3613 901 3652; x_wconf 91' lang='lat' dir='ltr'><strong>non</strong></span> <span class='ocrx_word' id='word_1_249' title='bbox 933 3606 1015 3653; x_wconf 86' lang='lat' dir='ltr'><strong>est</strong></span> <span class='ocrx_word' id='word_1_250' title='bbox 1048 3612 1161 3664; x_wconf 90' lang='lat' dir='ltr'><strong>aer,</strong></span> <span class='ocrx_word' id='word_1_251' title='bbox 1190 3613 1288 3653; x_wconf 90' lang='lat' dir='ltr'><strong>nec</strong></span> <span class='ocrx_word' id='word_1_252' title='bbox 1322 3597 1523 3667; x_wconf 83' lang='lat' dir='ltr'><strong>lingua,</strong></span> <span class='ocrx_word' id='word_1_253' title='bbox 1555 3612 1653 3653; x_wconf 85' lang='lat' dir='ltr'><strong>nec</strong></span> <span class='ocrx_word' id='word_1_254' title='bbox 1687 3597 1855 3662; x_wconf 88' lang='lat' dir='ltr'><strong>auris,</strong></span> <span class='ocrx_word' id='word_1_255' title='bbox 1891 3612 1988 3653; x_wconf 91' lang='lat' dir='ltr'><strong>nec</strong></span> <span class='ocrx_word' id='word_1_256' title='bbox 2033 3612 2240 3658; x_wconf 89' lang='lat' dir='ltr'><strong>meatus</strong></span> 
     </span>
    </p>
   </div>
   <div class='ocr_carea' id='block_1_39' title="bbox 671 3691 2242 3761">
    <p class='ocr_par' dir='ltr' id='par_1_39' title="bbox 671 3691 2242 3761">
     <span class='ocr_line' id='line_1_39' title="bbox 671 3691 2242 3761; baseline 0.002 -16"><span class='ocrx_word' id='word_1_257' title='bbox 671 3692 905 3746; x_wconf 91' lang='lat' dir='ltr'><strong>intortus</strong></span> <span class='ocrx_word' id='word_1_258' title='bbox 938 3706 1102 3746; x_wconf 90' lang='lat' dir='ltr'><strong>sonos</strong></span> <span class='ocrx_word' id='word_1_259' title='bbox 1128 3692 1193 3745; x_wconf 90' lang='lat' dir='ltr'><strong>ad</strong></span> <span class='ocrx_word' id='word_1_260' title='bbox 1226 3705 1441 3745; x_wconf 88' lang='lat' dir='ltr'><strong>sensum</strong></span> <span class='ocrx_word' id='word_1_261' title='bbox 1478 3692 1531 3743; x_wconf 91' lang='lat' dir='ltr'><strong>in</strong></span> <span class='ocrx_word' id='word_1_262' title='bbox 1572 3692 1746 3761; x_wconf 84' lang='lat' dir='ltr'><strong>capite</strong></span> <span class='ocrx_word' id='word_1_263' title='bbox 1776 3691 2071 3757; x_wconf 84' lang='lat' dir='ltr'><strong>repositum</strong></span> <span class='ocrx_word' id='word_1_264' title='bbox 2103 3696 2242 3748; x_wconf 84' lang='lat' dir='ltr'><strong>refe-</strong></span> 
     </span>
    </p>
   </div>
   <div class='ocr_carea' id='block_1_40' title="bbox 670 3782 2241 3854">
    <p class='ocr_par' dir='ltr' id='par_1_40' title="bbox 670 3782 2241 3854">
     <span class='ocr_line' id='line_1_40' title="bbox 670 3782 2241 3854; baseline -0.001 -15"><span class='ocrx_word' id='word_1_265' title='bbox 670 3800 797 3840; x_wconf 90' lang='lat' dir='ltr'><strong>rens</strong></span> <span class='ocrx_word' id='word_1_266' title='bbox 828 3802 841 3837; x_wconf 88' lang='lat'><strong>:</strong></span> <span class='ocrx_word' id='word_1_267' title='bbox 876 3784 949 3841; x_wconf 88' lang='lat' dir='ltr'><strong>ibi</strong></span> <span class='ocrx_word' id='word_1_268' title='bbox 998 3798 1171 3854; x_wconf 87' lang='lat' dir='ltr'><strong>neque</strong></span> <span class='ocrx_word' id='word_1_269' title='bbox 1203 3784 1485 3837; x_wconf 86' lang='lat' dir='ltr'><strong>verborum</strong></span> <span class='ocrx_word' id='word_1_270' title='bbox 1538 3799 1668 3837; x_wconf 90' lang='lat' dir='ltr'><strong>usus</strong></span> <span class='ocrx_word' id='word_1_271' title='bbox 1709 3793 1794 3838; x_wconf 91' lang='lat' dir='ltr'><strong>est</strong></span> <span class='ocrx_word' id='word_1_272' title='bbox 1825 3801 1838 3836; x_wconf 89' lang='lat'><strong>:</strong></span> <span class='ocrx_word' id='word_1_273' title='bbox 1871 3782 1963 3837; x_wconf 88' lang='lat' dir='ltr'><strong>sed</strong></span> <span class='ocrx_word' id='word_1_274' title='bbox 1996 3798 2062 3837; x_wconf 82' lang='lat' dir='ltr'><strong>ex</strong></span> <span class='ocrx_word' id='word_1_275' title='bbox 2102 3784 2241 3853; x_wconf 89' lang='lat' dir='ltr'><strong>ipsa,</strong></span> 
     </span>
    </p>
   </div>
   <div class='ocr_carea' id='block_1_41' title="bbox 672 3874 2244 3943">
    <p class='ocr_par' dir='ltr' id='par_1_41' title="bbox 672 3874 2244 3943">
     <span class='ocr_line' id='line_1_41' title="bbox 672 3874 2244 3943; baseline -0.001 -13"><span class='ocrx_word' id='word_1_276' title='bbox 672 3886 731 3931; x_wconf 92' lang='lat' dir='ltr'><strong>ut</strong></span> <span class='ocrx_word' id='word_1_277' title='bbox 758 3877 831 3929; x_wconf 91' lang='lat' dir='ltr'><strong>ita</strong></span> <span class='ocrx_word' id='word_1_278' title='bbox 863 3876 1062 3939; x_wconf 89' lang='lat' dir='ltr'><strong>dicam,</strong></span> <span class='ocrx_word' id='word_1_279' title='bbox 1098 3874 1264 3929; x_wconf 90' lang='lat' dir='ltr'><strong>animi</strong></span> <span class='ocrx_word' id='word_1_280' title='bbox 1304 3874 1630 3943; x_wconf 79' lang='lat' dir='ltr'><strong>cogitatione</strong></span> <span class='ocrx_word' id='word_1_281' title='bbox 1672 3874 1729 3926; x_wconf 81' lang='lat' dir='ltr'><strong>fit</strong></span> <span class='ocrx_word' id='word_1_282' title='bbox 1769 3874 2067 3929; x_wconf 89' lang='lat' dir='ltr'><strong>voluntatis</strong></span> <span class='ocrx_word' id='word_1_283' title='bbox 2096 3889 2244 3929; x_wconf 89' lang='lat' dir='ltr'><strong>com-</strong></span> 
     </span>
    </p>
   </div>
   <div class='ocr_carea' id='block_1_42' title="bbox 670 3962 2242 4037">
    <p class='ocr_par' dir='ltr' id='par_1_42' title="bbox 670 3962 2242 4037">
     <span class='ocr_line' id='line_1_42' title="bbox 670 3962 2242 4037; baseline 0 -16"><span class='ocrx_word' id='word_1_284' title='bbox 670 3967 989 4021; x_wconf 88' lang='lat' dir='ltr'><strong>municatio.</strong></span> <span class='ocrx_word' id='word_1_285' title='bbox 1036 3967 1236 4031; x_wconf 88' lang='lat' dir='ltr'><strong>Quare,</strong></span> <span class='ocrx_word' id='word_1_286' title='bbox 1282 3965 1422 4033; x_wconf 85' lang='lat' dir='ltr'><strong>quod</strong></span> <span class='ocrx_word' id='word_1_287' title='bbox 1468 3962 1698 4029; x_wconf 89' lang='lat' dir='ltr'><strong>aiebam,</strong></span> <span class='ocrx_word' id='word_1_288' title='bbox 1726 3974 1784 4019; x_wconf 92' lang='lat' dir='ltr'><strong>ut</strong></span> <span class='ocrx_word' id='word_1_289' title='bbox 1825 3967 1891 4019; x_wconf 90' lang='lat' dir='ltr'><strong>ad</strong></span> <span class='ocrx_word' id='word_1_290' title='bbox 1936 3966 2242 4037; x_wconf 87' lang='lat' dir='ltr'><strong>inquisitio-</strong></span> 
     </span>
    </p>
   </div>
   <div class='ocr_carea' id='block_1_43' title="bbox 672 4056 2242 4129">
    <p class='ocr_par' dir='ltr' id='par_1_43' title="bbox 672 4056 2242 4129">
     <span class='ocr_line' id='line_1_43' title="bbox 672 4056 2242 4129; baseline 0.001 -16"><span class='ocrx_word' id='word_1_291' title='bbox 672 4075 794 4114; x_wconf 91' lang='lat' dir='ltr'><strong>nem</strong></span> <span class='ocrx_word' id='word_1_292' title='bbox 825 4073 1070 4128; x_wconf 72' lang='lat' dir='ltr'><strong>personaa</strong></span> <span class='ocrx_word' id='word_1_293' title='bbox 1106 4058 1169 4111; x_wconf 88' lang='lat' dir='ltr'><strong>ad</strong></span> <span class='ocrx_word' id='word_1_294' title='bbox 1206 4073 1364 4126; x_wconf 90' lang='lat' dir='ltr'><strong>quam</strong></span> <span class='ocrx_word' id='word_1_295' title='bbox 1403 4056 1494 4111; x_wconf 82' lang='lat' dir='ltr'><strong>hic</strong></span> <span class='ocrx_word' id='word_1_296' title='bbox 1528 4071 1707 4110; x_wconf 90' lang='lat' dir='ltr'><strong>sermo</strong></span> <span class='ocrx_word' id='word_1_297' title='bbox 1734 4058 2003 4129; x_wconf 87' lang='lat' dir='ltr'><strong>dirigitur,</strong></span> <span class='ocrx_word' id='word_1_298' title='bbox 2032 4060 2242 4114; x_wconf 81' lang='lat' dir='ltr'><strong>excita-</strong></span> 
     </span>
    </p>
   </div>
   <div class='ocr_carea' id='block_1_44' title="bbox 671 4149 2241 4220">
    <p class='ocr_par' dir='ltr' id='par_1_44' title="bbox 671 4149 2241 4220">
     <span class='ocr_line' id='line_1_44' title="bbox 671 4149 2241 4220; baseline 0 -13"><span class='ocrx_word' id='word_1_299' title='bbox 671 4162 820 4207; x_wconf 90' lang='lat' dir='ltr'><strong>retur</strong></span> <span class='ocrx_word' id='word_1_300' title='bbox 853 4167 1006 4206; x_wconf 86' lang='lat' dir='ltr'><strong>mens</strong></span> <span class='ocrx_word' id='word_1_301' title='bbox 1052 4160 1259 4213; x_wconf 89' lang='lat' dir='ltr'><strong>nostra,</strong></span> <span class='ocrx_word' id='word_1_302' title='bbox 1292 4149 1570 4220; x_wconf 89' lang='lat' dir='ltr'><strong>sapienter</strong></span> <span class='ocrx_word' id='word_1_303' title='bbox 1616 4159 1780 4218; x_wconf 88' lang='lat' dir='ltr'><strong>atque</strong></span> <span class='ocrx_word' id='word_1_304' title='bbox 1829 4151 1963 4206; x_wconf 90' lang='lat' dir='ltr'><strong>scite</strong></span> <span class='ocrx_word' id='word_1_305' title='bbox 2014 4151 2101 4206; x_wconf 91' lang='lat' dir='ltr'><strong>illa</strong></span> <span class='ocrx_word' id='word_1_306' title='bbox 2158 4152 2241 4207; x_wconf 89' lang='lat' dir='ltr'><strong>lo—</strong></span> 
     </span>
    </p>
   </div>
   <div class='ocr_carea' id='block_1_45' title="bbox 671 4243 1494 4314">
    <p class='ocr_par' dir='ltr' id='par_1_45' title="bbox 671 4243 1494 4314">
     <span class='ocr_line' id='line_1_45' title="bbox 671 4243 1494 4314; baseline -0.001 -17"><span class='ocrx_word' id='word_1_307' title='bbox 671 4244 866 4314; x_wconf 87' lang='lat' dir='ltr'><strong>quendi</strong></span> <span class='ocrx_word' id='word_1_308' title='bbox 898 4243 1070 4298; x_wconf 87' lang='lat' dir='ltr'><strong>forma</strong></span> <span class='ocrx_word' id='word_1_309' title='bbox 1100 4252 1358 4311; x_wconf 91' lang='lat' dir='ltr'><strong>usurpata</strong></span> <span class='ocrx_word' id='word_1_310' title='bbox 1392 4252 1494 4297; x_wconf 88' lang='lat' dir='ltr'><strong>est.</strong></span> 
     </span>
    </p>
   </div>
   <div class='ocr_carea' id='block_1_46' title="bbox 740 4334 2242 4404">
    <p class='ocr_par' dir='ltr' id='par_1_46' title="bbox 740 4334 2242 4404">
     <span class='ocr_line' id='line_1_46' title="bbox 740 4334 2242 4404; baseline 0.003 -14"><span class='ocrx_word' id='word_1_311' title='bbox 740 4335 795 4390; x_wconf 74' lang='lat'><strong>3.</strong></span> <span class='ocrx_word' id='word_1_312' title='bbox 838 4334 1254 4404; x_wconf 85' lang='lat' dir='ltr'><strong>Disquirendum</strong></span> <span class='ocrx_word' id='word_1_313' title='bbox 1289 4342 1372 4387; x_wconf 86' lang='lat' dir='ltr'><strong>est</strong></span> <span class='ocrx_word' id='word_1_314' title='bbox 1406 4335 1642 4389; x_wconf 88' lang='lat' dir='ltr'><strong>secundo</strong></span> <span class='ocrx_word' id='word_1_315' title='bbox 1690 4334 1829 4400; x_wconf 92' lang='lat' dir='ltr'><strong>loco,</strong></span> <span class='ocrx_word' id='word_1_316' title='bbox 1871 4351 1936 4389; x_wconf 93' lang='lat' dir='ltr'><strong>an</strong></span> <span class='ocrx_word' id='word_1_317' title='bbox 1992 4337 2098 4394; x_wconf 87' lang='lat' dir='ltr'><strong>hoc</strong></span> <span class='ocrx_word' id='word_1_318' title='bbox 2149 4338 2242 4394; x_wconf 83' lang='lat' dir='ltr'><strong>fir-</strong></span> 
     </span>
    </p>
   </div>
   <div class='ocr_carea' id='block_1_47' title="bbox 672 4428 2239 4500">
    <p class='ocr_par' dir='ltr' id='par_1_47' title="bbox 672 4428 2239 4500">
     <span class='ocr_line' id='line_1_47' title="bbox 672 4428 2239 4500; baseline 0 -15"><span class='ocrx_word' id='word_1_319' title='bbox 672 4438 1005 4485; x_wconf 85' lang='lat' dir='ltr'><strong>mamentum</strong></span> <span class='ocrx_word' id='word_1_320' title='bbox 1038 4428 1107 4482; x_wconf 86' lang='lat' dir='ltr'><strong>sit</strong></span> <span class='ocrx_word' id='word_1_321' title='bbox 1137 4428 1279 4481; x_wconf 91' lang='lat' dir='ltr'><strong>aliud</strong></span> <span class='ocrx_word' id='word_1_322' title='bbox 1308 4428 1433 4496; x_wconf 87' lang='lat' dir='ltr'><strong>quid</strong></span> <span class='ocrx_word' id='word_1_323' title='bbox 1464 4428 1530 4481; x_wconf 86' lang='lat' dir='ltr'><strong>ab</strong></span> <span class='ocrx_word' id='word_1_324' title='bbox 1557 4442 1620 4481; x_wconf 88' lang='lat' dir='ltr'><strong>eo</strong></span> <span class='ocrx_word' id='word_1_325' title='bbox 1648 4428 1809 4493; x_wconf 64' lang='lat' dir='ltr'><strong>caalo,</strong></span> <span class='ocrx_word' id='word_1_326' title='bbox 1839 4429 1979 4497; x_wconf 89' lang='lat' dir='ltr'><strong>quod</strong></span> <span class='ocrx_word' id='word_1_327' title='bbox 2008 4431 2061 4484; x_wconf 89' lang='lat' dir='ltr'><strong>in</strong></span> <span class='ocrx_word' id='word_1_328' title='bbox 2089 4431 2239 4500; x_wconf 89' lang='lat' dir='ltr'><strong>prin-</strong></span> 
     </span>
    </p>
   </div>
   <div class='ocr_carea' id='block_1_48' title="bbox 2347 572 3893 649">
    <p class='ocr_par' dir='ltr' id='par_1_48' title="bbox 2347 572 3893 649">
     <span class='ocr_line' id='line_1_48' title="bbox 2347 572 3893 649; baseline 0.005 -26"><span class='ocrx_word' id='word_1_329' title='bbox 2347 572 2617 643; x_wconf 86' lang='grc' dir='ltr'><strong>κειμένων</strong></span> <span class='ocrx_word' id='word_1_330' title='bbox 2643 574 2738 638; x_wconf 82' lang='grc' dir='ltr'><strong>τὰς</strong></span> <span class='ocrx_word' id='word_1_331' title='bbox 2767 577 2972 642; x_wconf 77' lang='grc' dir='ltr'>οἰκείας</span> <span class='ocrx_word' id='word_1_332' title='bbox 3010 579 3105 632; x_wconf 78' lang='grc' dir='ltr'>καὶ</span> <span class='ocrx_word' id='word_1_333' title='bbox 3146 581 3440 649; x_wconf 84' lang='grc' dir='ltr'>προσφυεῖς</span> <span class='ocrx_word' id='word_1_334' title='bbox 3487 579 3719 631; x_wconf 77' lang='grc' dir='ltr'><strong>ἑκάστου</strong></span> <span class='ocrx_word' id='word_1_335' title='bbox 3759 596 3893 648; x_wconf 75' lang='grc' dir='ltr'>σημσ</span> 
     </span>
    </p>
   </div>
   <div class='ocr_carea' id='block_1_49' title="bbox 2347 663 3909 740">
    <p class='ocr_par' dir='ltr' id='par_1_49' title="bbox 2347 663 3909 740">
     <span class='ocr_line' id='line_1_49' title="bbox 2347 663 3909 740; baseline 0.004 -25"><span class='ocrx_word' id='word_1_336' title='bbox 2347 663 2466 727; x_wconf 86' lang='grc' dir='ltr'>σίας</span> <span class='ocrx_word' id='word_1_337' title='bbox 2494 665 2847 735; x_wconf 80' lang='grc' dir='ltr'>ἐκλεγόμενος</span> <span class='ocrx_word' id='word_1_338' title='bbox 2881 669 3233 739; x_wconf 80' lang='grc' dir='ltr'>ἐξαγγέλλει;</span> <span class='ocrx_word' id='word_1_339' title='bbox 3268 665 3383 721; x_wconf 68' lang='grc' dir='ltr'>εἶτα</span> <span class='ocrx_word' id='word_1_340' title='bbox 3423 670 3488 738; x_wconf 81' lang='grc' dir='ltr'>τῇ</span> <span class='ocrx_word' id='word_1_341' title='bbox 3516 669 3797 740; x_wconf 77' lang='grc' dir='ltr'>ὑπηρεσίᾳ</span> <span class='ocrx_word' id='word_1_342' title='bbox 3821 670 3909 722; x_wconf 66' lang='grc' dir='ltr'>τῶι.</span> 
     </span>
    </p>
   </div>
   <div class='ocr_carea' id='block_1_50' title="bbox 2346 755 3905 833">
    <p class='ocr_par' dir='ltr' id='par_1_50' title="bbox 2346 755 3905 833">
     <span class='ocr_line' id='line_1_50' title="bbox 2346 755 3905 833; baseline 0.004 -27"><span class='ocrx_word' id='word_1_343' title='bbox 2346 755 2669 825; x_wconf 78' lang='grc' dir='ltr'>φωνητικῶν</span> <span class='ocrx_word' id='word_1_344' title='bbox 2710 759 2954 829; x_wconf 83' lang='grc' dir='ltr'>ὀργάνων</span> <span class='ocrx_word' id='word_1_345' title='bbox 3012 761 3285 833; x_wconf 81' lang='grc' dir='ltr'>παραδοὺς</span> <span class='ocrx_word' id='word_1_346' title='bbox 3334 759 3404 811; x_wconf 76' lang='grc' dir='ltr'>τὰ</span> <span class='ocrx_word' id='word_1_347' title='bbox 3452 760 3737 829; x_wconf 83' lang='grc' dir='ltr'>νοηθέντα,</span> <span class='ocrx_word' id='word_1_348' title='bbox 3788 761 3905 813; x_wconf 59' lang='grc' dir='ltr'>οὕτω</span> 
     </span>
    </p>
   </div>
   <div class='ocr_carea' id='block_1_51' title="bbox 2344 846 3909 924">
    <p class='ocr_par' dir='ltr' id='par_1_51' title="bbox 2344 846 3909 924">
     <span class='ocr_line' id='line_1_51' title="bbox 2344 846 3909 924; baseline 0.004 -25"><span class='ocrx_word' id='word_1_349' title='bbox 2344 846 2432 900; x_wconf 81' lang='grc' dir='ltr'>διὰ</span> <span class='ocrx_word' id='word_1_350' title='bbox 2461 848 2561 918; x_wconf 79' lang='grc' dir='ltr'>τῆς</span> <span class='ocrx_word' id='word_1_351' title='bbox 2586 850 2678 903; x_wconf 79' lang='grc' dir='ltr'>τοῦ</span> <span class='ocrx_word' id='word_1_352' title='bbox 2716 852 2875 921; x_wconf 80' lang='grc' dir='ltr'>ἀέρος</span> <span class='ocrx_word' id='word_1_353' title='bbox 2898 854 3212 918; x_wconf 84' lang='grc' dir='ltr'>τυπώσεως,</span> <span class='ocrx_word' id='word_1_354' title='bbox 3241 852 3383 907; x_wconf 77' lang='grc' dir='ltr'>κατὰ</span> <span class='ocrx_word' id='word_1_355' title='bbox 3410 852 3506 923; x_wconf 79' lang='grc' dir='ltr'><strong>τὴν</strong></span> <span class='ocrx_word' id='word_1_356' title='bbox 3530 853 3795 924; x_wconf 74' lang='grc' dir='ltr'>ἔναρθρον</span> <span class='ocrx_word' id='word_1_357' title='bbox 3830 854 3909 922; x_wconf 74' lang='grc' dir='ltr'>τῆς</span> 
     </span>
    </p>
   </div>
   <div class='ocr_carea' id='block_1_52' title="bbox 2346 942 3908 1020">
    <p class='ocr_par' dir='ltr' id='par_1_52' title="bbox 2346 942 3908 1020">
     <span class='ocr_line' id='line_1_52' title="bbox 2346 942 3908 1020; baseline 0.01 -28"><span class='ocrx_word' id='word_1_358' title='bbox 2346 942 2530 1012; x_wconf 82' lang='grc' dir='ltr'><strong>φωνῆς</strong></span> <span class='ocrx_word' id='word_1_359' title='bbox 2562 942 2794 1014; x_wconf 89' lang='grc' dir='ltr'>κίνησιν,</span> <span class='ocrx_word' id='word_1_360' title='bbox 2821 948 2877 997; x_wconf 85' lang='grc' dir='ltr'><strong>ἐν</strong></span> <span class='ocrx_word' id='word_1_361' title='bbox 2906 948 2980 1018; x_wconf 86' lang='grc' dir='ltr'>τῷ</span> <span class='ocrx_word' id='word_1_362' title='bbox 3011 948 3238 1020; x_wconf 79' lang='grc' dir='ltr'>κρυπτῷ</span> <span class='ocrx_word' id='word_1_363' title='bbox 3267 949 3445 1017; x_wconf 87' lang='grc' dir='ltr'>νόημα</span> <span class='ocrx_word' id='word_1_364' title='bbox 3472 947 3756 1016; x_wconf 72' lang='grc' dir='ltr'>σαφηνίζει</span> <span class='ocrx_word' id='word_1_365' title='bbox 3781 946 3908 1014; x_wconf 70' lang='grc' dir='ltr'><strong>(8ης</strong></span> 
     </span>
    </p>
   </div>
   <div class='ocr_carea' id='block_1_53' title="bbox 2345 1033 3908 1110">
    <p class='ocr_par' dir='ltr' id='par_1_53' title="bbox 2345 1033 3908 1110">
     <span class='ocr_line' id='line_1_53' title="bbox 2345 1033 3908 1110; baseline 0.003 -25"><span class='ocrx_word' id='word_1_366' title='bbox 2345 1033 2457 1086; x_wconf 73' lang='grc' dir='ltr'>Καὶ</span> <span class='ocrx_word' id='word_1_367' title='bbox 2499 1035 2615 1099; x_wconf 80' lang='grc' dir='ltr'><strong>πῶς</strong></span> <span class='ocrx_word' id='word_1_368' title='bbox 2646 1037 2708 1088; x_wconf 87' lang='grc' dir='ltr'><strong>οὑ</strong></span> <span class='ocrx_word' id='word_1_369' title='bbox 2755 1037 2997 1106; x_wconf 83' lang='grc' dir='ltr'><strong>μυθῶδες</strong></span> <span class='ocrx_word' id='word_1_370' title='bbox 3031 1042 3129 1110; x_wconf 80' lang='grc' dir='ltr'>τῆς</span> <span class='ocrx_word' id='word_1_371' title='bbox 3171 1040 3424 1110; x_wconf 77' lang='grc' dir='ltr'>τοιαύτης</span> <span class='ocrx_word' id='word_1_372' title='bbox 3463 1039 3715 1109; x_wconf 75' lang='grc' dir='ltr'><strong>περιόδου</strong></span> <span class='ocrx_word' id='word_1_373' title='bbox 3749 1039 3908 1106; x_wconf 69' lang='grc' dir='ltr'>λέγειν</span> 
     </span>
    </p>
   </div>
   <div class='ocr_carea' id='block_1_54' title="bbox 2343 1124 3907 1201">
    <p class='ocr_par' dir='ltr' id='par_1_54' title="bbox 2343 1124 3907 1201">
     <span class='ocr_line' id='line_1_54' title="bbox 2343 1124 3907 1201; baseline 0.004 -25"><span class='ocrx_word' id='word_1_374' title='bbox 2343 1124 2433 1177; x_wconf 85' lang='grc' dir='ltr'><strong>τὸν</strong></span> <span class='ocrx_word' id='word_1_375' title='bbox 2462 1125 2594 1178; x_wconf 79' lang='grc' dir='ltr'>Θεὸν</span> <span class='ocrx_word' id='word_1_376' title='bbox 2624 1127 2857 1198; x_wconf 77' lang='grc' dir='ltr'>χρῄζειν</span> <span class='ocrx_word' id='word_1_377' title='bbox 2892 1130 3024 1199; x_wconf 74' lang='grc' dir='ltr'>πρὸς</span> <span class='ocrx_word' id='word_1_378' title='bbox 3054 1133 3152 1201; x_wconf 83' lang='grc' dir='ltr'>τὴν</span> <span class='ocrx_word' id='word_1_379' title='bbox 3188 1133 3293 1183; x_wconf 81' lang='grc' dir='ltr'><strong>τῶν</strong></span> <span class='ocrx_word' id='word_1_380' title='bbox 3330 1130 3627 1200; x_wconf 83' lang='grc' dir='ltr'>νοηθέντων</span> <span class='ocrx_word' id='word_1_381' title='bbox 3659 1130 3907 1199; x_wconf 73' lang='grc' dir='ltr'>δήλωσινς</span> 
     </span>
    </p>
   </div>
   <div class='ocr_carea' id='block_1_55' title="bbox 2344 1216 3908 1290">
    <p class='ocr_par' dir='ltr' id='par_1_55' title="bbox 2344 1216 3908 1290">
     <span class='ocr_line' id='line_1_55' title="bbox 2344 1216 3908 1290; baseline 0.003 -23"><span class='ocrx_word' id='word_1_382' title='bbox 2344 1216 2414 1267; x_wconf 89' lang='grc' dir='ltr'><strong>Ἦ</strong></span> <span class='ocrx_word' id='word_1_383' title='bbox 2440 1216 2823 1289; x_wconf 76' lang='grc' dir='ltr'>εὐσεϐέστερον</span> <span class='ocrx_word' id='word_1_384' title='bbox 2857 1218 3050 1286; x_wconf 81' lang='grc' dir='ltr'>λέγειν,</span> <span class='ocrx_word' id='word_1_385' title='bbox 3078 1222 3157 1274; x_wconf 82' lang='grc' dir='ltr'>ὅτι</span> <span class='ocrx_word' id='word_1_386' title='bbox 3187 1223 3245 1274; x_wconf 75' lang='grc' dir='ltr'>τὸ</span> <span class='ocrx_word' id='word_1_387' title='bbox 3264 1222 3403 1273; x_wconf 85' lang='grc' dir='ltr'>θεῖον</span> <span class='ocrx_word' id='word_1_388' title='bbox 3429 1221 3537 1290; x_wconf 69' lang='grc' dir='ltr'><strong>(ὃὲ)</strong></span> <span class='ocrx_word' id='word_1_389' title='bbox 3559 1220 3806 1289; x_wconf 77' lang='grc' dir='ltr'>βούλημα</span> <span class='ocrx_word' id='word_1_390' title='bbox 3830 1222 3908 1271; x_wconf 72' lang='grc' dir='ltr'><strong>καὶ</strong></span> 
     </span>
    </p>
   </div>
   <div class='ocr_carea' id='block_1_56' title="bbox 2344 1307 3906 1382">
    <p class='ocr_par' dir='ltr' id='par_1_56' title="bbox 2344 1307 3906 1382">
     <span class='ocr_line' id='line_1_56' title="bbox 2344 1307 3906 1382; baseline 0.001 -23"><span class='ocrx_word' id='word_1_391' title='bbox 2344 1307 2585 1378; x_wconf 81' lang='grc' dir='ltr'>ἡπρώτη</span> <span class='ocrx_word' id='word_1_392' title='bbox 2604 1308 2747 1379; x_wconf 77' lang='grc' dir='ltr'>ὁρμὴ</span> <span class='ocrx_word' id='word_1_393' title='bbox 2769 1310 2863 1361; x_wconf 74' lang='grc' dir='ltr'>τοῦ</span> <span class='ocrx_word' id='word_1_394' title='bbox 2891 1310 3075 1382; x_wconf 83' lang='grc' dir='ltr'>νοεροῦ</span> <span class='ocrx_word' id='word_1_395' title='bbox 3094 1314 3407 1382; x_wconf 76' lang='grc' dir='ltr'>κινήματος,</span> <span class='ocrx_word' id='word_1_396' title='bbox 3426 1311 3582 1364; x_wconf 76' lang='grc' dir='ltr'>τοῦτο</span> <span class='ocrx_word' id='word_1_397' title='bbox 3611 1312 3783 1377; x_wconf 87' lang='grc' dir='ltr'>Λόγος</span> <span class='ocrx_word' id='word_1_398' title='bbox 3809 1312 3906 1361; x_wconf 85' lang='grc' dir='ltr'><strong>ἐστί</strong></span> 
     </span>
    </p>
   </div>
   <div class='ocr_carea' id='block_1_57' title="bbox 2343 1399 3905 1472">
    <p class='ocr_par' dir='ltr' id='par_1_57' title="bbox 2343 1399 3905 1472">
     <span class='ocr_line' id='line_1_57' title="bbox 2343 1399 3905 1472; baseline -0.011 -4"><span class='ocrx_word' id='word_1_399' title='bbox 2343 1399 2434 1452; x_wconf 64' lang='grc' dir='ltr'><strong>τοῦ</strong></span> <span class='ocrx_word' id='word_1_400' title='bbox 2474 1399 2640 1464; x_wconf 68' lang='grc' dir='ltr'><strong>θεοῦἶ</strong></span> <span class='ocrx_word' id='word_1_401' title='bbox 2670 1402 3000 1471; x_wconf 79' lang='grc' dir='ltr'>Σχηματίζει</span> <span class='ocrx_word' id='word_1_402' title='bbox 3032 1403 3088 1455; x_wconf 81' lang='grc' dir='ltr'><strong>δὲ</strong></span> <span class='ocrx_word' id='word_1_403' title='bbox 3121 1405 3279 1457; x_wconf 82' lang='grc' dir='ltr'>αὑτὸν</span> <span class='ocrx_word' id='word_1_404' title='bbox 3317 1404 3679 1472; x_wconf 79' lang='grc' dir='ltr'>διεξοδικῶςή</span> <span class='ocrx_word' id='word_1_405' title='bbox 3712 1403 3905 1472; x_wconf 43' lang='lat' dir='ltr'><strong>rma,</strong></span> 
     </span>
    </p>
   </div>
   <div class='ocr_carea' id='block_1_58' title="bbox 2345 1490 3908 1566">
    <p class='ocr_par' dir='ltr' id='par_1_58' title="bbox 2345 1490 3908 1566">
     <span class='ocr_line' id='line_1_58' title="bbox 2345 1490 3908 1566; baseline 0.002 -24"><span class='ocrx_word' id='word_1_406' title='bbox 2345 1490 2431 1543; x_wconf 85' lang='grc' dir='ltr'><strong>ἴνα</strong></span> <span class='ocrx_word' id='word_1_407' title='bbox 2460 1492 2629 1563; x_wconf 78' lang='grc' dir='ltr'>δείξῃ,</span> <span class='ocrx_word' id='word_1_408' title='bbox 2662 1495 2742 1546; x_wconf 85' lang='grc' dir='ltr'><strong>ότι</strong></span> <span class='ocrx_word' id='word_1_409' title='bbox 2773 1496 2894 1564; x_wconf 83' lang='grc' dir='ltr'>οὑχὶ</span> <span class='ocrx_word' id='word_1_410' title='bbox 2924 1496 3173 1563; x_wconf 89' lang='grc' dir='ltr'>γενέσθαι</span> <span class='ocrx_word' id='word_1_411' title='bbox 3202 1498 3358 1566; x_wconf 89' lang='grc' dir='ltr'>μόνον</span> <span class='ocrx_word' id='word_1_412' title='bbox 3388 1496 3652 1566; x_wconf 68' lang='grc' dir='ltr'>ἐϐουλήθη</span> <span class='ocrx_word' id='word_1_413' title='bbox 3686 1496 3785 1563; x_wconf 76' lang='grc' dir='ltr'><strong>τὴν</strong></span> <span class='ocrx_word' id='word_1_414' title='bbox 3815 1498 3908 1547; x_wconf 79' lang='grc' dir='ltr'>κτί-</span> 
     </span>
    </p>
   </div>
   <div class='ocr_carea' id='block_1_59' title="bbox 2347 1584 3906 1660">
    <p class='ocr_par' dir='ltr' id='par_1_59' title="bbox 2347 1584 3906 1660">
     <span class='ocr_line' id='line_1_59' title="bbox 2347 1584 3906 1660; baseline 0.001 -26"><span class='ocrx_word' id='word_1_415' title='bbox 2347 1599 2448 1646; x_wconf 86' lang='grc' dir='ltr'>σιν,</span> <span class='ocrx_word' id='word_1_416' title='bbox 2486 1584 2620 1637; x_wconf 79' lang='grc' dir='ltr'>ἀλλὰ</span> <span class='ocrx_word' id='word_1_417' title='bbox 2651 1586 2744 1639; x_wconf 76' lang='grc' dir='ltr'><strong>καὶ</strong></span> <span class='ocrx_word' id='word_1_418' title='bbox 2770 1586 2859 1639; x_wconf 82' lang='grc' dir='ltr'><strong>διά</strong></span> <span class='ocrx_word' id='word_1_419' title='bbox 2885 1604 3028 1650; x_wconf 89' lang='grc' dir='ltr'>τινος</span> <span class='ocrx_word' id='word_1_420' title='bbox 3059 1588 3319 1658; x_wconf 88' lang='grc' dir='ltr'>συνεργοῦ</span> <span class='ocrx_word' id='word_1_421' title='bbox 3345 1588 3686 1660; x_wconf 80' lang='grc' dir='ltr'>παραχθῆναι</span> <span class='ocrx_word' id='word_1_422' title='bbox 3721 1588 3906 1654; x_wconf 71' lang='grc' dir='ltr'>ταύτην</span> 
     </span>
    </p>
   </div>
   <div class='ocr_carea' id='block_1_60' title="bbox 2344 1674 3906 1750">
    <p class='ocr_par' dir='ltr' id='par_1_60' title="bbox 2344 1674 3906 1750">
     <span class='ocr_line' id='line_1_60' title="bbox 2344 1674 3906 1750; baseline 0.001 -22"><span class='ocrx_word' id='word_1_423' title='bbox 2344 1674 2422 1736; x_wconf 77' lang='grc' dir='ltr'><strong>εἱς</strong></span> <span class='ocrx_word' id='word_1_424' title='bbox 2448 1676 2714 1747; x_wconf 83' lang='grc' dir='ltr'>γέννησιν.</span> <span class='ocrx_word' id='word_1_425' title='bbox 2762 1678 3012 1733; x_wconf 87' lang='grc' dir='ltr'>Ἑδύνατο</span> <span class='ocrx_word' id='word_1_426' title='bbox 3051 1679 3179 1750; x_wconf 82' lang='grc' dir='ltr'>γὰρ,</span> <span class='ocrx_word' id='word_1_427' title='bbox 3218 1678 3291 1741; x_wconf 81' lang='grc' dir='ltr'>ὡς</span> <span class='ocrx_word' id='word_1_428' title='bbox 3331 1679 3388 1742; x_wconf 80' lang='grc' dir='ltr'><strong>ἐξ</strong></span> <span class='ocrx_word' id='word_1_429' title='bbox 3414 1681 3584 1749; x_wconf 74' lang='grc' dir='ltr'>ἀρχῆς</span> <span class='ocrx_word' id='word_1_430' title='bbox 3618 1676 3759 1741; x_wconf 72' lang='grc' dir='ltr'>εἷπε,</span> <span class='ocrx_word' id='word_1_431' title='bbox 3795 1682 3906 1747; x_wconf 72' lang='grc' dir='ltr'>περὶ</span> 
     </span>
    </p>
   </div>
   <div class='ocr_carea' id='block_1_61' title="bbox 2344 1764 3908 1837">
    <p class='ocr_par' dir='ltr' id='par_1_61' title="bbox 2344 1764 3908 1837">
     <span class='ocr_line' id='line_1_61' title="bbox 2344 1764 3908 1837; baseline 0.004 -22"><span class='ocrx_word' id='word_1_432' title='bbox 2344 1764 2558 1819; x_wconf 80' lang='grc' dir='ltr'>πάντων</span> <span class='ocrx_word' id='word_1_433' title='bbox 2576 1768 2900 1832; x_wconf 76' lang='grc' dir='ltr'>ἐπεξελθεῖν·</span> <span class='ocrx_word' id='word_1_434' title='bbox 2922 1771 2974 1821; x_wconf 84' lang='grc' dir='ltr'><em>Ἐ</em></span> <span class='ocrx_word' id='word_1_435' title='bbox 2980 1786 3016 1821; x_wconf 82' lang='grc' dir='ltr'><em>ν</em></span> <span class='ocrx_word' id='word_1_436' title='bbox 3026 1767 3181 1837; x_wconf 82' lang='grc' dir='ltr'><strong>ἀρχῇ</strong></span> <span class='ocrx_word' id='word_1_437' title='bbox 3196 1769 3522 1834; x_wconf 76' lang='grc' dir='ltr'>ἐποίησενό</span> <span class='ocrx_word' id='word_1_438' title='bbox 3539 1769 3684 1833; x_wconf 81' lang='grc' dir='ltr'>Θεὸς</span> <span class='ocrx_word' id='word_1_439' title='bbox 3701 1770 3805 1822; x_wconf 74' lang='grc' dir='ltr'>τόν</span> <span class='ocrx_word' id='word_1_440' title='bbox 3820 1772 3908 1821; x_wconf 68' lang='grc' dir='ltr'><strong>οὐ·</strong></span> 
     </span>
    </p>
   </div>
   <div class='ocr_carea' id='block_1_62' title="bbox 2275 1847 3902 1929">
    <p class='ocr_par' dir='ltr' id='par_1_62' title="bbox 2275 1847 3902 1929">
     <span class='ocr_line' id='line_1_62' title="bbox 2275 1847 3902 1929; baseline 0.002 -22"><span class='ocrx_word' id='word_1_441' title='bbox 2275 1847 2318 1904; x_wconf 90' lang='grc' dir='ltr'>Β</span> <span class='ocrx_word' id='word_1_442' title='bbox 2336 1856 2529 1923; x_wconf 82' lang='grc' dir='ltr'>ρανὸν</span> <span class='ocrx_word' id='word_1_443' title='bbox 2558 1858 2654 1910; x_wconf 82' lang='grc' dir='ltr'>καὶ</span> <span class='ocrx_word' id='word_1_444' title='bbox 2674 1859 2786 1927; x_wconf 79' lang='grc' dir='ltr'><strong>τὴν</strong></span> <span class='ocrx_word' id='word_1_445' title='bbox 2802 1860 2944 1929; x_wconf 69' lang='grc' dir='ltr'><strong>γῆν·</strong></span> <span class='ocrx_word' id='word_1_446' title='bbox 2968 1858 3086 1913; x_wconf 72' lang='grc' dir='ltr'>εἶτα</span> <span class='ocrx_word' id='word_1_447' title='bbox 3104 1877 3117 1890; x_wconf 76' lang='grc' dir='ltr'><strong>ο</strong></span> <span class='ocrx_word' id='word_1_448' title='bbox 3159 1859 3435 1925; x_wconf 82' lang='grc' dir='ltr'>Ἐποίησε</span> <span class='ocrx_word' id='word_1_449' title='bbox 3466 1857 3590 1927; x_wconf 70' lang='grc' dir='ltr'>φῶς</span> <span class='ocrx_word' id='word_1_450' title='bbox 3609 1860 3748 1927; x_wconf 80' lang='grc'>(85)·</span> <span class='ocrx_word' id='word_1_451' title='bbox 3779 1856 3902 1912; x_wconf 80' lang='grc' dir='ltr'>εἶτα·</span> 
     </span>
    </p>
   </div>
   <div class='ocr_carea' id='block_1_63' title="bbox 2357 1950 3907 2022">
    <p class='ocr_par' dir='ltr' id='par_1_63' title="bbox 2357 1950 3907 2022">
     <span class='ocr_line' id='line_1_63' title="bbox 2357 1950 3907 2022; baseline 0 -19"><span class='ocrx_word' id='word_1_452' title='bbox 2357 1950 2640 2017; x_wconf 79' lang='grc' dir='ltr'>Ἐποίησε</span> <span class='ocrx_word' id='word_1_453' title='bbox 2669 1953 2733 2004; x_wconf 84' lang='grc' dir='ltr'>τὸ</span> <span class='ocrx_word' id='word_1_454' title='bbox 2779 1952 3103 2022; x_wconf 79' lang='grc' dir='ltr'>στερέωμα.</span> <span class='ocrx_word' id='word_1_455' title='bbox 3152 1950 3265 2004; x_wconf 77' lang='grc' dir='ltr'><strong>Νῦν</strong></span> <span class='ocrx_word' id='word_1_456' title='bbox 3298 1951 3352 2003; x_wconf 89' lang='grc' dir='ltr'><strong>δὲ</strong></span> <span class='ocrx_word' id='word_1_457' title='bbox 3379 1950 3468 2003; x_wconf 77' lang='grc' dir='ltr'><strong>τὸν</strong></span> <span class='ocrx_word' id='word_1_458' title='bbox 3496 1950 3629 2002; x_wconf 86' lang='grc' dir='ltr'>Θεὸν</span> <span class='ocrx_word' id='word_1_459' title='bbox 3656 1954 3907 2020; x_wconf 79' lang='grc' dir='ltr'>προστάτ-</span> 
     </span>
    </p>
   </div>
   <div class='ocr_carea' id='block_1_64' title="bbox 2342 2036 3904 2114">
    <p class='ocr_par' dir='ltr' id='par_1_64' title="bbox 2342 2036 3904 2114">
     <span class='ocr_line' id='line_1_64' title="bbox 2342 2036 3904 2114; baseline 0.001 -21"><span class='ocrx_word' id='word_1_460' title='bbox 2342 2058 2501 2094; x_wconf 85' lang='grc' dir='ltr'>τοντα</span> <span class='ocrx_word' id='word_1_461' title='bbox 2528 2043 2621 2094; x_wconf 75' lang='grc' dir='ltr'><strong>καὶ</strong></span> <span class='ocrx_word' id='word_1_462' title='bbox 2648 2042 3025 2114; x_wconf 89' lang='grc' dir='ltr'>διαλεγόμενον</span> <span class='ocrx_word' id='word_1_463' title='bbox 3058 2044 3370 2111; x_wconf 73' lang='grc' dir='ltr'>εἰσάγουσα,</span> <span class='ocrx_word' id='word_1_464' title='bbox 3403 2041 3491 2094; x_wconf 76' lang='grc' dir='ltr'><strong>τὸν</strong></span> <span class='ocrx_word' id='word_1_465' title='bbox 3515 2036 3559 2109; x_wconf 81' lang='grc' dir='ltr'>ᾧ</span> <span class='ocrx_word' id='word_1_466' title='bbox 3589 2044 3904 2112; x_wconf 75' lang='grc' dir='ltr'>προστάσσει</span> 
     </span>
    </p>
   </div>
   <div class='ocr_carea' id='block_1_65' title="bbox 2342 2124 3902 2204">
    <p class='ocr_par' dir='ltr' id='par_1_65' title="bbox 2342 2124 3902 2204">
     <span class='ocr_line' id='line_1_65' title="bbox 2342 2124 3902 2204; baseline 0.001 -21"><span class='ocrx_word' id='word_1_467' title='bbox 2342 2131 2438 2183; x_wconf 78' lang='grc' dir='ltr'>καὶ</span> <span class='ocrx_word' id='word_1_468' title='bbox 2464 2124 2507 2197; x_wconf 81' lang='grc' dir='ltr'><strong>ᾧ</strong></span> <span class='ocrx_word' id='word_1_469' title='bbox 2529 2130 2836 2199; x_wconf 81' lang='grc' dir='ltr'>διαλέγεται</span> <span class='ocrx_word' id='word_1_470' title='bbox 2876 2134 3015 2186; x_wconf 79' lang='grc' dir='ltr'>κατὰ</span> <span class='ocrx_word' id='word_1_471' title='bbox 3038 2134 3099 2186; x_wconf 82' lang='grc' dir='ltr'>τὸ</span> <span class='ocrx_word' id='word_1_472' title='bbox 3126 2132 3474 2204; x_wconf 88' lang='grc' dir='ltr'>σιωπώμενον</span> <span class='ocrx_word' id='word_1_473' title='bbox 3514 2132 3823 2201; x_wconf 78' lang='grc' dir='ltr'>ὑποφαίνει,</span> <span class='ocrx_word' id='word_1_474' title='bbox 3851 2138 3902 2185; x_wconf 59' lang='grc' dir='ltr'>οὶ</span> 
     </span>
    </p>
   </div>
   <div class='ocr_carea' id='block_1_66' title="bbox 2344 2220 3905 2294">
    <p class='ocr_par' dir='ltr' id='par_1_66' title="bbox 2344 2220 3905 2294">
     <span class='ocr_line' id='line_1_66' title="bbox 2344 2220 3905 2294; baseline 0.001 -19"><span class='ocrx_word' id='word_1_475' title='bbox 2344 2220 2712 2292; x_wconf 87' lang='grc' dir='ltr'>βασκαίνουσα</span> <span class='ocrx_word' id='word_1_476' title='bbox 2772 2224 2902 2292; x_wconf 83' lang='grc' dir='ltr'>ἡμῖν</span> <span class='ocrx_word' id='word_1_477' title='bbox 2967 2224 3065 2294; x_wconf 84' lang='grc' dir='ltr'>τῆς</span> <span class='ocrx_word' id='word_1_478' title='bbox 3117 2223 3387 2291; x_wconf 84' lang='grc' dir='ltr'>γνώσεως,</span> <span class='ocrx_word' id='word_1_479' title='bbox 3450 2223 3566 2276; x_wconf 74' lang='grc' dir='ltr'>ἀλλ’</span> <span class='ocrx_word' id='word_1_480' title='bbox 3627 2223 3905 2276; x_wconf 65' lang='grc' dir='ltr'>ἐκκαίουσα</span> 
     </span>
    </p>
   </div>
   <div class='ocr_carea' id='block_1_67' title="bbox 2341 2304 3905 2383">
    <p class='ocr_par' dir='ltr' id='par_1_67' title="bbox 2341 2304 3905 2383">
     <span class='ocr_line' id='line_1_67' title="bbox 2341 2304 3905 2383; baseline 0.003 -24"><span class='ocrx_word' id='word_1_481' title='bbox 2341 2308 2489 2378; x_wconf 74' lang='grc' dir='ltr'>ἡμᾶς</span> <span class='ocrx_word' id='word_1_482' title='bbox 2519 2308 2652 2379; x_wconf 81' lang='grc' dir='ltr'>πρὸς</span> <span class='ocrx_word' id='word_1_483' title='bbox 2674 2309 2764 2362; x_wconf 86' lang='grc' dir='ltr'><strong>τὸν</strong></span> <span class='ocrx_word' id='word_1_484' title='bbox 2795 2308 2978 2373; x_wconf 87' lang='grc' dir='ltr'>πόθον,</span> <span class='ocrx_word' id='word_1_485' title='bbox 3018 2310 3084 2363; x_wconf 88' lang='grc' dir='ltr'>δι’</span> <span class='ocrx_word' id='word_1_486' title='bbox 3115 2304 3189 2363; x_wconf 83' lang='grc' dir='ltr'>ὧν</span> <span class='ocrx_word' id='word_1_487' title='bbox 3219 2312 3339 2381; x_wconf 82' lang='grc' dir='ltr'>ἴχνη</span> <span class='ocrx_word' id='word_1_488' title='bbox 3376 2311 3493 2364; x_wconf 84' lang='grc' dir='ltr'>τινὰ</span> <span class='ocrx_word' id='word_1_489' title='bbox 3530 2312 3627 2365; x_wconf 73' lang='grc' dir='ltr'><strong>καὶ</strong></span> <span class='ocrx_word' id='word_1_490' title='bbox 3652 2312 3905 2383; x_wconf 76' lang='grc' dir='ltr'>ἐμφάσεις</span> 
     </span>
    </p>
   </div>
   <div class='ocr_carea' id='block_1_68' title="bbox 2341 2398 3905 2474">
    <p class='ocr_par' dir='ltr' id='par_1_68' title="bbox 2341 2398 3905 2474">
     <span class='ocr_line' id='line_1_68' title="bbox 2341 2398 3905 2474; baseline 0.004 -24"><span class='ocrx_word' id='word_1_491' title='bbox 2341 2398 2633 2451; x_wconf 81' lang='grc' dir='ltr'>ὑποϐάλλει</span> <span class='ocrx_word' id='word_1_492' title='bbox 2662 2399 2756 2453; x_wconf 80' lang='grc' dir='ltr'>τοῦ</span> <span class='ocrx_word' id='word_1_493' title='bbox 2793 2402 3128 2472; x_wconf 76' lang='grc' dir='ltr'>ἀπορρήτου.</span> <span class='ocrx_word' id='word_1_494' title='bbox 3160 2402 3233 2454; x_wconf 89' lang='grc' dir='ltr'><strong>Τὸ</strong></span> <span class='ocrx_word' id='word_1_495' title='bbox 3264 2402 3371 2473; x_wconf 83' lang='grc' dir='ltr'>γὰρ</span> <span class='ocrx_word' id='word_1_496' title='bbox 3406 2404 3552 2474; x_wconf 85' lang='grc' dir='ltr'>πόνῳ</span> <span class='ocrx_word' id='word_1_497' title='bbox 3593 2404 3794 2474; x_wconf 80' lang='grc' dir='ltr'>κτηθὲν</span> <span class='ocrx_word' id='word_1_498' title='bbox 3826 2422 3905 2457; x_wconf 83' lang='grc' dir='ltr'>πε-</span> 
     </span>
    </p>
   </div>
   <div class='ocr_carea' id='block_1_69' title="bbox 2344 2489 3904 2567">
    <p class='ocr_par' dir='ltr' id='par_1_69' title="bbox 2344 2489 3904 2567">
     <span class='ocr_line' id='line_1_69' title="bbox 2344 2489 3904 2567; baseline -0.006 -11"><span class='ocrx_word' id='word_1_499' title='bbox 2344 2492 2583 2562; x_wconf 83' lang='grc' dir='ltr'>ριχαρῶς</span> <span class='ocrx_word' id='word_1_500' title='bbox 2622 2494 2889 2565; x_wconf 76' lang='grc' dir='ltr'>ὑπεδέχθη</span> <span class='ocrx_word' id='word_1_501' title='bbox 2944 2494 3038 2548; x_wconf 75' lang='grc' dir='ltr'>καὶ</span> <span class='ocrx_word' id='word_1_502' title='bbox 3090 2493 3391 2563; x_wconf 75' lang='grc' dir='ltr'>φιλοπόνως</span> <span class='ocrx_word' id='word_1_503' title='bbox 3429 2495 3794 2567; x_wconf 85' lang='grc' dir='ltr'>διεφυλάχθη·</span> <span class='ocrx_word' id='word_1_504' title='bbox 3842 2489 3904 2548; x_wconf 79' lang='grc' dir='ltr'>ὧν</span> 
     </span>
    </p>
   </div>
   <div class='ocr_carea' id='block_1_70' title="bbox 2346 2582 3908 2660">
    <p class='ocr_par' dir='ltr' id='par_1_70' title="bbox 2346 2582 3908 2660">
     <span class='ocr_line' id='line_1_70' title="bbox 2346 2582 3908 2660; baseline 0.007 -28"><span class='ocrx_word' id='word_1_505' title='bbox 2346 2582 2527 2651; x_wconf 86' lang='grc' dir='ltr'>μέντοι</span> <span class='ocrx_word' id='word_1_506' title='bbox 2568 2584 2854 2654; x_wconf 85' lang='grc' dir='ltr'>πρόχειρος</span> <span class='ocrx_word' id='word_1_507' title='bbox 2885 2588 2913 2637; x_wconf 87' lang='grc' dir='ltr'>ὁ</span> <span class='ocrx_word' id='word_1_508' title='bbox 2949 2587 3236 2657; x_wconf 84' lang='grc' dir='ltr'>πορισμὸς,</span> <span class='ocrx_word' id='word_1_509' title='bbox 3282 2588 3485 2641; x_wconf 78' lang='grc' dir='ltr'>τούτων</span> <span class='ocrx_word' id='word_1_510' title='bbox 3521 2591 3555 2659; x_wconf 86' lang='grc' dir='ltr'>ἡ</span> <span class='ocrx_word' id='word_1_511' title='bbox 3596 2590 3790 2660; x_wconf 78' lang='grc' dir='ltr'>κτῆσις</span> <span class='ocrx_word' id='word_1_512' title='bbox 3830 2589 3908 2643; x_wconf 57' lang='grc' dir='ltr'>εὑη</span> 
     </span>
    </p>
   </div>
   <div class='ocr_carea' id='block_1_71' title="bbox 2342 2671 3906 2749">
    <p class='ocr_par' dir='ltr' id='par_1_71' title="bbox 2342 2671 3906 2749">
     <span class='ocr_line' id='line_1_71' title="bbox 2342 2671 3906 2749; baseline 0.004 -25"><span class='ocrx_word' id='word_1_513' title='bbox 2342 2671 2771 2743; x_wconf 84' lang='grc' dir='ltr'>καταφρόνητος.</span> <span class='ocrx_word' id='word_1_514' title='bbox 2807 2672 2904 2725; x_wconf 79' lang='grc' dir='ltr'><strong>Διὰ</strong></span> <span class='ocrx_word' id='word_1_515' title='bbox 2926 2675 3081 2727; x_wconf 79' lang='grc' dir='ltr'>τοῦτο</span> <span class='ocrx_word' id='word_1_516' title='bbox 3111 2676 3213 2746; x_wconf 86' lang='grc' dir='ltr'><strong>ὀδῷ</strong></span> <span class='ocrx_word' id='word_1_517' title='bbox 3243 2694 3347 2729; x_wconf 91' lang='grc' dir='ltr'>τινι</span> <span class='ocrx_word' id='word_1_518' title='bbox 3373 2680 3466 2731; x_wconf 71' lang='grc' dir='ltr'>καὶ</span> <span class='ocrx_word' id='word_1_519' title='bbox 3493 2679 3641 2744; x_wconf 78' lang='grc' dir='ltr'>τάξει</span> <span class='ocrx_word' id='word_1_520' title='bbox 3670 2682 3814 2749; x_wconf 78' lang='grc' dir='ltr'>ἡμᾶς</span> <span class='ocrx_word' id='word_1_521' title='bbox 3838 2682 3906 2741; x_wconf 82' lang='grc' dir='ltr'>εἰς</span> 
     </span>
    </p>
   </div>
   <div class='ocr_carea' id='block_1_72' title="bbox 2339 2764 3904 2842">
    <p class='ocr_par' dir='ltr' id='par_1_72' title="bbox 2339 2764 3904 2842">
     <span class='ocr_line' id='line_1_72' title="bbox 2339 2764 3904 2842; baseline 0.004 -24"><span class='ocrx_word' id='word_1_522' title='bbox 2339 2767 2438 2837; x_wconf 83' lang='grc' dir='ltr'>τὴν</span> <span class='ocrx_word' id='word_1_523' title='bbox 2468 2764 2716 2838; x_wconf 71' lang='grc' dir='ltr'>περὶτοῦ</span> <span class='ocrx_word' id='word_1_524' title='bbox 2756 2767 3095 2835; x_wconf 83' lang='grc' dir='ltr'>Μονογενοῦς</span> <span class='ocrx_word' id='word_1_525' title='bbox 3133 2768 3337 2822; x_wconf 80' lang='grc' dir='ltr'>ἔννοιαν</span> <span class='ocrx_word' id='word_1_526' title='bbox 3379 2769 3739 2839; x_wconf 73' lang='grc' dir='ltr'>προσϐιϐάζει</span> <span class='ocrx_word' id='word_1_527' title='bbox 3782 2773 3904 2842; x_wconf 64' lang='grc'>(84).</span> 
     </span>
    </p>
   </div>
   <div class='ocr_carea' id='block_1_73' title="bbox 2342 2859 3905 2936">
    <p class='ocr_par' dir='ltr' id='par_1_73' title="bbox 2342 2859 3905 2936">
     <span class='ocr_line' id='line_1_73' title="bbox 2342 2859 3905 2936; baseline 0.002 -23"><span class='ocrx_word' id='word_1_528' title='bbox 2342 2860 2600 2929; x_wconf 85' lang='grc' dir='ltr'>Καίτοιγε</span> <span class='ocrx_word' id='word_1_529' title='bbox 2641 2859 2735 2912; x_wconf 82' lang='grc' dir='ltr'>τοῦ</span> <span class='ocrx_word' id='word_1_530' title='bbox 2774 2862 2829 2912; x_wconf 84' lang='grc' dir='ltr'><strong>ἐν</strong></span> <span class='ocrx_word' id='word_1_531' title='bbox 2871 2862 3021 2931; x_wconf 81' lang='grc' dir='ltr'>φωνῇ</span> <span class='ocrx_word' id='word_1_532' title='bbox 3052 2859 3209 2928; x_wconf 80' lang='grc' dir='ltr'>λόγου</span> <span class='ocrx_word' id='word_1_533' title='bbox 3240 2862 3358 2913; x_wconf 87' lang='grc' dir='ltr'><strong>οὑδέ</strong></span> <span class='ocrx_word' id='word_1_534' title='bbox 3381 2861 3551 2925; x_wconf 79' lang='grc' dir='ltr'>οὑτως</span> <span class='ocrx_word' id='word_1_535' title='bbox 3571 2859 3637 2933; x_wconf 76' lang='grc' dir='ltr'>ἦν</span> <span class='ocrx_word' id='word_1_536' title='bbox 3669 2866 3825 2933; x_wconf 80' lang='grc' dir='ltr'>χρεία</span> <span class='ocrx_word' id='word_1_537' title='bbox 3846 2868 3905 2936; x_wconf 71' lang='grc' dir='ltr'>τῇ</span> 
     </span>
    </p>
   </div>
   <div class='ocr_carea' id='block_1_74' title="bbox 2340 2952 3907 3025">
    <p class='ocr_par' dir='ltr' id='par_1_74' title="bbox 2340 2952 3907 3025">
     <span class='ocr_line' id='line_1_74' title="bbox 2340 2952 3907 3025; baseline 0.003 -21"><span class='ocrx_word' id='word_1_538' title='bbox 2340 2952 2613 3022; x_wconf 83' lang='grc' dir='ltr'>ἀσωμάτῳ</span> <span class='ocrx_word' id='word_1_539' title='bbox 2648 2952 2842 3022; x_wconf 84' lang='grc' dir='ltr'>φύσει,</span> <span class='ocrx_word' id='word_1_540' title='bbox 2870 2952 3046 3005; x_wconf 82' lang='grc' dir='ltr'>αὑτῶν</span> <span class='ocrx_word' id='word_1_541' title='bbox 3073 2952 3180 3005; x_wconf 84' lang='grc' dir='ltr'><strong>τῶν</strong></span> <span class='ocrx_word' id='word_1_542' title='bbox 3212 2952 3509 3025; x_wconf 87' lang='grc' dir='ltr'>νοηθέντων</span> <span class='ocrx_word' id='word_1_543' title='bbox 3542 2956 3907 3024; x_wconf 81' lang='grc' dir='ltr'>μεταδίδοσθαι</span> 
     </span>
    </p>
   </div>
   <div class='ocr_carea' id='block_1_75' title="bbox 2341 3041 3907 3117">
    <p class='ocr_par' dir='ltr' id='par_1_75' title="bbox 2341 3041 3907 3117">
     <span class='ocr_line' id='line_1_75' title="bbox 2341 3041 3907 3117; baseline 0.004 -23"><span class='ocrx_word' id='word_1_544' title='bbox 2341 3041 2653 3112; x_wconf 81' lang='grc' dir='ltr'>δυναμένων</span> <span class='ocrx_word' id='word_1_545' title='bbox 2692 3043 2771 3112; x_wconf 82' lang='grc' dir='ltr'><strong>τῷ</strong></span> <span class='ocrx_word' id='word_1_546' title='bbox 2814 3044 3183 3115; x_wconf 82' lang='grc' dir='ltr'>συνεργοῦντι.</span> <span class='ocrx_word' id='word_1_547' title='bbox 3228 3046 3387 3098; x_wconf 84' lang='grc' dir='ltr'>Ὥστε</span> <span class='ocrx_word' id='word_1_548' title='bbox 3426 3046 3508 3108; x_wconf 86' lang='grc' dir='ltr'><strong>τίς</strong></span> <span class='ocrx_word' id='word_1_549' title='bbox 3552 3046 3713 3117; x_wconf 80' lang='grc' dir='ltr'>χρεία</span> <span class='ocrx_word' id='word_1_550' title='bbox 3761 3048 3907 3116; x_wconf 80' lang='grc' dir='ltr'>λόγου</span> 
     </span>
    </p>
   </div>
   <div class='ocr_carea' id='block_1_76' title="bbox 2342 3134 3911 3210">
    <p class='ocr_par' dir='ltr' id='par_1_76' title="bbox 2342 3134 3911 3210">
     <span class='ocr_line' id='line_1_76' title="bbox 2342 3134 3911 3210; baseline 0.004 -24"><span class='ocrx_word' id='word_1_551' title='bbox 2342 3137 2450 3196; x_wconf 83' lang='grc' dir='ltr'>τοῖς</span> <span class='ocrx_word' id='word_1_552' title='bbox 2478 3134 2793 3206; x_wconf 84' lang='grc' dir='ltr'>δυναμένοις</span> <span class='ocrx_word' id='word_1_553' title='bbox 2822 3136 2879 3203; x_wconf 78' lang='grc' dir='ltr'><strong>ἐξ</strong></span> <span class='ocrx_word' id='word_1_554' title='bbox 2906 3136 3069 3189; x_wconf 79' lang='grc' dir='ltr'>αὑτοῦ</span> <span class='ocrx_word' id='word_1_555' title='bbox 3097 3138 3188 3191; x_wconf 70' lang='grc' dir='ltr'>τοῦ</span> <span class='ocrx_word' id='word_1_556' title='bbox 3224 3140 3492 3210; x_wconf 81' lang='grc' dir='ltr'>νοήματος</span> <span class='ocrx_word' id='word_1_557' title='bbox 3521 3143 3800 3193; x_wconf 77' lang='grc' dir='ltr'>κοινωνεῖν</span> <span class='ocrx_word' id='word_1_558' title='bbox 3825 3141 3911 3195; x_wconf 78' lang='grc' dir='ltr'><strong>άλ-</strong></span> 
     </span>
    </p>
   </div>
   <div class='ocr_carea' id='block_1_77' title="bbox 2343 3228 3908 3304">
    <p class='ocr_par' dir='ltr' id='par_1_77' title="bbox 2343 3228 3908 3304">
     <span class='ocr_line' id='line_1_77' title="bbox 2343 3228 3908 3304; baseline 0.004 -25"><span class='ocrx_word' id='word_1_559' title='bbox 2343 3228 2522 3299; x_wconf 83' lang='grc' dir='ltr'>λήλοις</span> <span class='ocrx_word' id='word_1_560' title='bbox 2548 3229 2654 3281; x_wconf 84' lang='grc' dir='ltr'><strong>τῶν</strong></span> <span class='ocrx_word' id='word_1_561' title='bbox 2700 3229 3115 3301; x_wconf 73' lang='grc' dir='ltr'>βουλευμάτωνς</span> <span class='ocrx_word' id='word_1_562' title='bbox 3146 3231 3299 3301; x_wconf 81' lang='grc' dir='ltr'>Φωνὴ</span> <span class='ocrx_word' id='word_1_563' title='bbox 3346 3233 3442 3301; x_wconf 79' lang='grc' dir='ltr'><strong>μὲν</strong></span> <span class='ocrx_word' id='word_1_564' title='bbox 3481 3233 3588 3302; x_wconf 75' lang='grc' dir='ltr'>γὰρ</span> <span class='ocrx_word' id='word_1_565' title='bbox 3620 3233 3689 3285; x_wconf 79' lang='grc' dir='ltr'>δι’</span> <span class='ocrx_word' id='word_1_566' title='bbox 3727 3234 3908 3304; x_wconf 69' lang='grc' dir='ltr'>ἀκοὴν,</span> 
     </span>
    </p>
   </div>
   <div class='ocr_carea' id='block_1_78' title="bbox 2345 3318 3910 3397">
    <p class='ocr_par' dir='ltr' id='par_1_78' title="bbox 2345 3318 3910 3397">
     <span class='ocr_line' id='line_1_78' title="bbox 2345 3318 3910 3397; baseline 0.003 -23"><span class='ocrx_word' id='word_1_567' title='bbox 2345 3321 2437 3374; x_wconf 76' lang='grc' dir='ltr'><strong>καὶ</strong></span> <span class='ocrx_word' id='word_1_568' title='bbox 2491 3318 2627 3389; x_wconf 79' lang='grc' dir='ltr'>ἀκοὴ</span> <span class='ocrx_word' id='word_1_569' title='bbox 2675 3321 2857 3389; x_wconf 79' lang='grc' dir='ltr'>φωνῆς</span> <span class='ocrx_word' id='word_1_570' title='bbox 2911 3323 3127 3376; x_wconf 81' lang='grc' dir='ltr'>ἒνεκεν’</span> <span class='ocrx_word' id='word_1_571' title='bbox 3174 3325 3309 3376; x_wconf 81' lang='grc' dir='ltr'>ὅπου</span> <span class='ocrx_word' id='word_1_572' title='bbox 3372 3323 3426 3375; x_wconf 80' lang='grc' dir='ltr'>δὲ</span> <span class='ocrx_word' id='word_1_573' title='bbox 3476 3324 3574 3377; x_wconf 87' lang='grc' dir='ltr'><strong>οὑκ</strong></span> <span class='ocrx_word' id='word_1_574' title='bbox 3617 3327 3747 3395; x_wconf 83' lang='grc' dir='ltr'>ἀὴρ,</span> <span class='ocrx_word' id='word_1_575' title='bbox 3797 3326 3910 3397; x_wconf 78' lang='grc' dir='ltr'><strong>οὑχὶ</strong></span> 
     </span>
    </p>
   </div>
   <div class='ocr_carea' id='block_1_79' title="bbox 2343 3410 3907 3488">
    <p class='ocr_par' dir='ltr' id='par_1_79' title="bbox 2343 3410 3907 3488">
     <span class='ocr_line' id='line_1_79' title="bbox 2343 3410 3907 3488; baseline 0.004 -24"><span class='ocrx_word' id='word_1_576' title='bbox 2343 3412 2581 3482; x_wconf 84' lang='grc' dir='ltr'>γλῶσσα,</span> <span class='ocrx_word' id='word_1_577' title='bbox 2619 3412 2737 3480; x_wconf 67' lang='grc' dir='ltr'>οὑχ)</span> <span class='ocrx_word' id='word_1_578' title='bbox 2781 3410 2893 3474; x_wconf 70' lang='grc' dir='ltr'>οὖς,</span> <span class='ocrx_word' id='word_1_579' title='bbox 2930 3416 2987 3465; x_wconf 91' lang='grc' dir='ltr'><strong>οὑ</strong></span> <span class='ocrx_word' id='word_1_580' title='bbox 3042 3417 3209 3486; x_wconf 86' lang='grc' dir='ltr'>πόρος</span> <span class='ocrx_word' id='word_1_581' title='bbox 3242 3415 3449 3479; x_wconf 76' lang='grc' dir='ltr'>σκολιὸς</span> <span class='ocrx_word' id='word_1_582' title='bbox 3488 3417 3579 3467; x_wconf 74' lang='grc' dir='ltr'><strong>ἐπὶ</strong></span> <span class='ocrx_word' id='word_1_583' title='bbox 3608 3418 3709 3487; x_wconf 77' lang='grc' dir='ltr'><strong>τὴν</strong></span> <span class='ocrx_word' id='word_1_584' title='bbox 3754 3420 3808 3471; x_wconf 86' lang='grc' dir='ltr'>ὲν</span> <span class='ocrx_word' id='word_1_585' title='bbox 3846 3422 3907 3488; x_wconf 77' lang='grc' dir='ltr'>τῇ</span> 
     </span>
    </p>
   </div>
   <div class='ocr_carea' id='block_1_80' title="bbox 2344 3500 3911 3575">
    <p class='ocr_par' dir='ltr' id='par_1_80' title="bbox 2344 3500 3911 3575">
     <span class='ocr_line' id='line_1_80' title="bbox 2344 3500 3911 3575; baseline 0.003 -19"><span class='ocrx_word' id='word_1_586' title='bbox 2344 3502 2553 3573; x_wconf 81' lang='grc' dir='ltr'>κεφαλῇ</span> <span class='ocrx_word' id='word_1_587' title='bbox 2585 3500 2931 3571; x_wconf 84' lang='grc' dir='ltr'>συναίσθησιν</span> <span class='ocrx_word' id='word_1_588' title='bbox 2957 3504 3243 3575; x_wconf 73' lang='grc' dir='ltr'>ἀναφέρων</span> <span class='ocrx_word' id='word_1_589' title='bbox 3262 3507 3385 3570; x_wconf 66' lang='grc' dir='ltr'>τοὺς</span> <span class='ocrx_word' id='word_1_590' title='bbox 3407 3506 3631 3575; x_wconf 75' lang='grc' dir='ltr'>ψόφους,</span> <span class='ocrx_word' id='word_1_591' title='bbox 3662 3510 3778 3560; x_wconf 80' lang='grc' dir='ltr'>ἐκεῖ</span> <span class='ocrx_word' id='word_1_592' title='bbox 3799 3509 3911 3561; x_wconf 75' lang='grc' dir='ltr'><strong>οὑδέ</strong></span> 
     </span>
    </p>
   </div>
   <div class='ocr_carea' id='block_1_81' title="bbox 2344 3593 3908 3670">
    <p class='ocr_par' dir='ltr' id='par_1_81' title="bbox 2344 3593 3908 3670">
     <span class='ocr_line' id='line_1_81' title="bbox 2344 3593 3908 3670; baseline 0.002 -21"><span class='ocrx_word' id='word_1_593' title='bbox 2344 3596 2603 3669; x_wconf 79' lang='grc' dir='ltr'>ῥημάτων</span> <span class='ocrx_word' id='word_1_594' title='bbox 2643 3594 2820 3665; x_wconf 84' lang='grc' dir='ltr'>χρεία,</span> <span class='ocrx_word' id='word_1_595' title='bbox 2851 3593 2962 3647; x_wconf 84' lang='grc' dir='ltr'>ἀλλ’</span> <span class='ocrx_word' id='word_1_596' title='bbox 2997 3593 3053 3661; x_wconf 80' lang='grc' dir='ltr'><strong>ἐξ</strong></span> <span class='ocrx_word' id='word_1_597' title='bbox 3082 3596 3280 3658; x_wconf 83' lang='grc' dir='ltr'>αὑτῶν,</span> <span class='ocrx_word' id='word_1_598' title='bbox 3319 3598 3392 3659; x_wconf 88' lang='grc' dir='ltr'><strong>ὡς</strong></span> <span class='ocrx_word' id='word_1_599' title='bbox 3417 3600 3480 3650; x_wconf 81' lang='grc' dir='ltr'><strong>ἂν</strong></span> <span class='ocrx_word' id='word_1_600' title='bbox 3503 3601 3643 3652; x_wconf 81' lang='grc' dir='ltr'>εῐποι</span> <span class='ocrx_word' id='word_1_601' title='bbox 3675 3600 3784 3670; x_wconf 84' lang='grc'>(85)</span> <span class='ocrx_word' id='word_1_602' title='bbox 3808 3618 3908 3663; x_wconf 82' lang='grc' dir='ltr'>τις,</span> 
     </span>
    </p>
   </div>
   <div class='ocr_carea' id='block_1_82' title="bbox 2342 3687 3908 3761">
    <p class='ocr_par' dir='ltr' id='par_1_82' title="bbox 2342 3687 3908 3761">
     <span class='ocr_line' id='line_1_82' title="bbox 2342 3687 3908 3761; baseline 0.003 -18"><span class='ocrx_word' id='word_1_603' title='bbox 2342 3691 2449 3743; x_wconf 86' lang='grc' dir='ltr'><strong>τῶν</strong></span> <span class='ocrx_word' id='word_1_604' title='bbox 2472 3691 2528 3742; x_wconf 84' lang='grc' dir='ltr'><strong>ἐν</strong></span> <span class='ocrx_word' id='word_1_605' title='bbox 2558 3687 2755 3759; x_wconf 71' lang='grc' dir='ltr'>καρδίᾳ</span> <span class='ocrx_word' id='word_1_606' title='bbox 2788 3687 3075 3759; x_wconf 81' lang='grc' dir='ltr'>νοημάτων</span> <span class='ocrx_word' id='word_1_607' title='bbox 3105 3687 3197 3741; x_wconf 76' lang='grc' dir='ltr'>τοῦ</span> <span class='ocrx_word' id='word_1_608' title='bbox 3223 3687 3522 3758; x_wconf 82' lang='grc' dir='ltr'>θελήματος</span> <span class='ocrx_word' id='word_1_609' title='bbox 3546 3694 3581 3760; x_wconf 80' lang='grc' dir='ltr'>ἡ</span> <span class='ocrx_word' id='word_1_610' title='bbox 3613 3694 3908 3761; x_wconf 69' lang='grc' dir='ltr'>μετάδοσις.</span> 
     </span>
    </p>
   </div>
   <div class='ocr_carea' id='block_1_83' title="bbox 2345 3778 3911 3854">
    <p class='ocr_par' dir='ltr' id='par_1_83' title="bbox 2345 3778 3911 3854">
     <span class='ocr_line' id='line_1_83' title="bbox 2345 3778 3911 3854; baseline 0 -18"><span class='ocrx_word' id='word_1_611' title='bbox 2345 3785 2523 3854; x_wconf 83' lang='grc' dir='ltr'>Ὅπερ</span> <span class='ocrx_word' id='word_1_612' title='bbox 2558 3778 2650 3835; x_wconf 77' lang='grc' dir='ltr'><strong>οὖν</strong></span> <span class='ocrx_word' id='word_1_613' title='bbox 2694 3782 2850 3853; x_wconf 77' lang='grc' dir='ltr'>ἔφην,</span> <span class='ocrx_word' id='word_1_614' title='bbox 2894 3782 3035 3836; x_wconf 82' lang='grc' dir='ltr'>ὣστε</span> <span class='ocrx_word' id='word_1_615' title='bbox 3075 3781 3425 3851; x_wconf 82' lang='grc' dir='ltr'>διαναστῆναι</span> <span class='ocrx_word' id='word_1_616' title='bbox 3458 3781 3546 3833; x_wconf 76' lang='grc' dir='ltr'>τὸν</span> <span class='ocrx_word' id='word_1_617' title='bbox 3596 3784 3723 3835; x_wconf 75' lang='grc' dir='ltr'>νοῦν</span> <span class='ocrx_word' id='word_1_618' title='bbox 3763 3784 3911 3854; x_wconf 74' lang='grc' dir='ltr'>ἡμῶν</span> 
     </span>
    </p>
   </div>
   <div class='ocr_carea' id='block_1_84' title="bbox 2346 3872 3915 3945">
    <p class='ocr_par' dir='ltr' id='par_1_84' title="bbox 2346 3872 3915 3945">
     <span class='ocr_line' id='line_1_84' title="bbox 2346 3872 3915 3945; baseline 0 -18"><span class='ocrx_word' id='word_1_619' title='bbox 2346 3876 2483 3945; x_wconf 78' lang='grc' dir='ltr'>πρὸς</span> <span class='ocrx_word' id='word_1_620' title='bbox 2504 3875 2601 3945; x_wconf 82' lang='grc' dir='ltr'><strong>τὴν</strong></span> <span class='ocrx_word' id='word_1_621' title='bbox 2630 3876 2856 3945; x_wconf 82' lang='grc' dir='ltr'>ἔρευναν</span> <span class='ocrx_word' id='word_1_622' title='bbox 2879 3874 2971 3927; x_wconf 82' lang='grc' dir='ltr'>τοῦ</span> <span class='ocrx_word' id='word_1_623' title='bbox 3001 3874 3292 3945; x_wconf 85' lang='grc' dir='ltr'>προσώπου</span> <span class='ocrx_word' id='word_1_624' title='bbox 3323 3873 3455 3945; x_wconf 87' lang='grc' dir='ltr'>πρὸς</span> <span class='ocrx_word' id='word_1_625' title='bbox 3483 3872 3539 3925; x_wconf 84' lang='grc' dir='ltr'>ὃν</span> <span class='ocrx_word' id='word_1_626' title='bbox 3570 3875 3621 3926; x_wconf 89' lang='grc' dir='ltr'><strong>οί</strong></span> <span class='ocrx_word' id='word_1_627' title='bbox 3646 3874 3813 3943; x_wconf 80' lang='grc' dir='ltr'>λόγοι,</span> <span class='ocrx_word' id='word_1_628' title='bbox 3837 3893 3915 3928; x_wconf 84' lang='grc' dir='ltr'>σο-</span> 
     </span>
    </p>
   </div>
   <div class='ocr_carea' id='block_1_85' title="bbox 2348 3966 3913 4036">
    <p class='ocr_par' dir='ltr' id='par_1_85' title="bbox 2348 3966 3913 4036">
     <span class='ocr_line' id='line_1_85' title="bbox 2348 3966 3913 4036; baseline 0.003 -18"><span class='ocrx_word' id='word_1_629' title='bbox 2348 3966 2461 4034; x_wconf 80' lang='grc' dir='ltr'><strong>φῶς</strong></span> <span class='ocrx_word' id='word_1_630' title='bbox 2486 3967 2579 4019; x_wconf 67' lang='grc' dir='ltr'>καὶ</span> <span class='ocrx_word' id='word_1_631' title='bbox 2606 3966 2863 4033; x_wconf 74' lang='grc' dir='ltr'>ἐντέχνως</span> <span class='ocrx_word' id='word_1_632' title='bbox 2885 3966 2944 4017; x_wconf 79' lang='grc' dir='ltr'>τὸ</span> <span class='ocrx_word' id='word_1_633' title='bbox 2972 3968 3152 4036; x_wconf 80' lang='grc' dir='ltr'>σχῆμα</span> <span class='ocrx_word' id='word_1_634' title='bbox 3175 3967 3331 4020; x_wconf 75' lang='grc' dir='ltr'>τοῦτο</span> <span class='ocrx_word' id='word_1_635' title='bbox 3345 3966 3440 4034; x_wconf 80' lang='grc' dir='ltr'>τῆς</span> <span class='ocrx_word' id='word_1_636' title='bbox 3464 3966 3748 4021; x_wconf 84' lang='grc' dir='ltr'>διαλέκτου</span> <span class='ocrx_word' id='word_1_637' title='bbox 3778 3985 3913 4030; x_wconf 85' lang='grc' dir='ltr'>παο-</span> 
     </span>
    </p>
   </div>
   <div class='ocr_carea' id='block_1_86' title="bbox 2347 4058 2621 4129">
    <p class='ocr_par' dir='ltr' id='par_1_86' title="bbox 2347 4058 2621 4129">
     <span class='ocr_line' id='line_1_86' title="bbox 2347 4058 2621 4129; baseline -0.004 -18"><span class='ocrx_word' id='word_1_638' title='bbox 2347 4058 2621 4129; x_wconf 87' lang='grc' dir='ltr'>είληπται.</span> 
     </span>
    </p>
   </div>
   <div class='ocr_carea' id='block_1_87' title="bbox 2418 4332 3911 4407">
    <p class='ocr_par' dir='ltr' id='par_1_87' title="bbox 2418 4332 3911 4407">
     <span class='ocr_line' id='line_1_87' title="bbox 2418 4332 3911 4407; baseline -0.002 -19"><span class='ocrx_word' id='word_1_639' title='bbox 2418 4334 2471 4388; x_wconf 79' lang='lat'><strong>3.</strong></span> <span class='ocrx_word' id='word_1_640' title='bbox 2511 4332 2771 4405; x_wconf 79' lang='grc' dir='ltr'>Δεύτερόν</span> <span class='ocrx_word' id='word_1_641' title='bbox 2826 4333 2973 4386; x_wconf 86' lang='grc' dir='ltr'>ἐστιν</span> <span class='ocrx_word' id='word_1_642' title='bbox 3015 4334 3283 4399; x_wconf 82' lang='grc' dir='ltr'>ἐξετάσαι,</span> <span class='ocrx_word' id='word_1_643' title='bbox 3325 4334 3371 4387; x_wconf 84' lang='grc' dir='ltr'><strong>εί</strong></span> <span class='ocrx_word' id='word_1_644' title='bbox 3413 4334 3596 4407; x_wconf 79' lang='grc' dir='ltr'>ἕτερον</span> <span class='ocrx_word' id='word_1_645' title='bbox 3635 4334 3784 4406; x_wconf 78' lang='grc' dir='ltr'>παρὰ</span> <span class='ocrx_word' id='word_1_646' title='bbox 3830 4335 3911 4388; x_wconf 70' lang='grc' dir='ltr'><strong>τὸν</strong></span> 
     </span>
    </p>
   </div>
   <div class='ocr_carea' id='block_1_88' title="bbox 2348 4425 3912 4497">
    <p class='ocr_par' dir='ltr' id='par_1_88' title="bbox 2348 4425 3912 4497">
     <span class='ocr_line' id='line_1_88' title="bbox 2348 4425 3912 4497; baseline -0.001 -20"><span class='ocrx_word' id='word_1_647' title='bbox 2348 4425 2405 4477; x_wconf 85' lang='grc' dir='ltr'><strong>ἐν</strong></span> <span class='ocrx_word' id='word_1_648' title='bbox 2434 4426 2575 4495; x_wconf 81' lang='grc' dir='ltr'>ἀρχῇ</span> <span class='ocrx_word' id='word_1_649' title='bbox 2614 4426 2977 4495; x_wconf 88' lang='grc' dir='ltr'>πεποιημένον</span> <span class='ocrx_word' id='word_1_650' title='bbox 3003 4426 3230 4495; x_wconf 75' lang='grc' dir='ltr'>οὐρανὸν</span> <span class='ocrx_word' id='word_1_651' title='bbox 3262 4426 3322 4479; x_wconf 87' lang='grc' dir='ltr'>τὸ</span> <span class='ocrx_word' id='word_1_652' title='bbox 3364 4428 3652 4497; x_wconf 84' lang='grc' dir='ltr'>στερέωμα</span> <span class='ocrx_word' id='word_1_653' title='bbox 3686 4426 3861 4487; x_wconf 77' lang='grc' dir='ltr'>τοῦτο,</span> <span class='ocrx_word' id='word_1_654' title='bbox 3889 4427 3912 4476; x_wconf 76' lang='grc' dir='ltr'>ὃ</span> 
     </span>
    </p>
   </div>
   <div class='ocr_carea' id='block_1_89' title="bbox 672 4516 2242 4598">
    <p class='ocr_par' dir='ltr' id='par_1_89' title="bbox 672 4518 2237 4591">
     <span class='ocr_line' id='line_1_89' title="bbox 672 4518 2237 4591; baseline -0.003 -13"><span class='ocrx_word' id='word_1_655' title='bbox 672 4523 814 4591; x_wconf 92' lang='lat' dir='ltr'><strong>cipio</strong></span> <span class='ocrx_word' id='word_1_656' title='bbox 840 4520 1040 4574; x_wconf 90' lang='lat' dir='ltr'><strong>factum</strong></span> <span class='ocrx_word' id='word_1_657' title='bbox 1074 4518 1249 4572; x_wconf 88' lang='lat' dir='ltr'><strong>fuerat</strong></span> <span class='ocrx_word' id='word_1_658' title='bbox 1276 4537 1287 4570; x_wconf 93' lang='lat'>:</span> <span class='ocrx_word' id='word_1_659' title='bbox 1316 4519 1458 4586; x_wconf 84' lang='lat' dir='ltr'><strong>quod</strong></span> <span class='ocrx_word' id='word_1_660' title='bbox 1489 4519 1660 4585; x_wconf 91' lang='lat' dir='ltr'><strong>ipsum</strong></span> <span class='ocrx_word' id='word_1_661' title='bbox 1691 4518 1874 4572; x_wconf 88' lang='lat' dir='ltr'><strong>itidem</strong></span> <span class='ocrx_word' id='word_1_662' title='bbox 1911 4520 2237 4589; x_wconf 90' lang='lat' dir='ltr'><strong>appellatum</strong></span> 
     </span>
    </p>
   </div>
   <div class='ocr_carea' id='block_1_90' title="bbox 2344 4516 3910 4598">
    <p class='ocr_par' dir='ltr' id='par_1_90' title="bbox 2347 4516 3910 4588">
     <span class='ocr_line' id='line_1_90' title="bbox 2347 4516 3910 4588; baseline 0.001 -20"><span class='ocrx_word' id='word_1_663' title='bbox 2347 4518 2437 4569; x_wconf 75' lang='grc' dir='ltr'><strong>καὶ</strong></span> <span class='ocrx_word' id='word_1_664' title='bbox 2466 4517 2595 4569; x_wconf 70' lang='grc' dir='ltr'>αὑτὸ</span> <span class='ocrx_word' id='word_1_665' title='bbox 2627 4516 2897 4587; x_wconf 82' lang='grc' dir='ltr'>ἐπεκλήθη</span> <span class='ocrx_word' id='word_1_666' title='bbox 2932 4517 3178 4586; x_wconf 76' lang='grc' dir='ltr'>οὐρανὸς,</span> <span class='ocrx_word' id='word_1_667' title='bbox 3215 4519 3306 4569; x_wconf 79' lang='grc' dir='ltr'>καὶ</span> <span class='ocrx_word' id='word_1_668' title='bbox 3331 4520 3377 4570; x_wconf 83' lang='grc' dir='ltr'><strong>εί</strong></span> <span class='ocrx_word' id='word_1_669' title='bbox 3400 4519 3531 4580; x_wconf 77' lang='grc' dir='ltr'>ὅλως</span> <span class='ocrx_word' id='word_1_670' title='bbox 3554 4519 3775 4588; x_wconf 68' lang='grc' dir='ltr'>οὑρανοὶ</span> <span class='ocrx_word' id='word_1_671' title='bbox 3798 4519 3910 4571; x_wconf 68' lang='grc' dir='ltr'>δύο·</span> 
     </span>
    </p>
   </div>
   <div class='ocr_carea' id='block_1_91' title="bbox 672 4608 2242 4679">
    <p class='ocr_par' dir='ltr' id='par_1_91' title="bbox 672 4608 2242 4679">
     <span class='ocr_line' id='line_1_91' title="bbox 672 4608 2242 4679; baseline -0.003 -11"><span class='ocrx_word' id='word_1_672' title='bbox 672 4615 743 4669; x_wconf 90' lang='lat' dir='ltr'><strong>sit</strong></span> <span class='ocrx_word' id='word_1_673' title='bbox 773 4612 986 4677; x_wconf 60' lang='lat' dir='ltr'><strong>caelum,</strong></span> <span class='ocrx_word' id='word_1_674' title='bbox 1006 4610 1110 4675; x_wconf 89' lang='lat' dir='ltr'><strong>vel,</strong></span> <span class='ocrx_word' id='word_1_675' title='bbox 1144 4619 1319 4664; x_wconf 91' lang='lat' dir='ltr'><strong>utrum</strong></span> <span class='ocrx_word' id='word_1_676' title='bbox 1338 4609 1443 4662; x_wconf 92' lang='lat' dir='ltr'><strong>duo</strong></span> <span class='ocrx_word' id='word_1_677' title='bbox 1463 4608 1679 4662; x_wconf 91' lang='lat' dir='ltr'><strong>omnino</strong></span> <span class='ocrx_word' id='word_1_678' title='bbox 1704 4609 1809 4661; x_wconf 91' lang='lat' dir='ltr'><strong>sint</strong></span> <span class='ocrx_word' id='word_1_679' title='bbox 1842 4610 1987 4664; x_wconf 74' lang='lat' dir='ltr'><strong>cmli.</strong></span> <span class='ocrx_word' id='word_1_680' title='bbox 2018 4611 2123 4665; x_wconf 89' lang='lat' dir='ltr'><strong>Sed</strong></span> <span class='ocrx_word' id='word_1_681' title='bbox 2151 4611 2242 4679; x_wconf 90' lang='lat' dir='ltr'><strong>qui</strong></span> 
     </span>
    </p>
   </div>
   <div class='ocr_carea' id='block_1_92' title="bbox 673 4699 2242 4770">
    <p class='ocr_par' dir='ltr' id='par_1_92' title="bbox 673 4699 2242 4770">
     <span class='ocr_line' id='line_1_92' title="bbox 673 4699 2242 4770; baseline -0.002 -12"><span class='ocrx_word' id='word_1_682' title='bbox 673 4706 740 4759; x_wconf 92' lang='lat' dir='ltr'><strong>de</strong></span> <span class='ocrx_word' id='word_1_683' title='bbox 773 4703 912 4757; x_wconf 82' lang='lat' dir='ltr'><strong>coelo</strong></span> <span class='ocrx_word' id='word_1_684' title='bbox 942 4703 1244 4756; x_wconf 87' lang='lat' dir='ltr'><strong>disseruere</strong></span> <span class='ocrx_word' id='word_1_685' title='bbox 1268 4699 1591 4770; x_wconf 87' lang='lat' dir='ltr'><strong>philosophi,</strong></span> <span class='ocrx_word' id='word_1_686' title='bbox 1618 4699 1867 4754; x_wconf 89' lang='lat' dir='ltr'><strong>amittere</strong></span> <span class='ocrx_word' id='word_1_687' title='bbox 1886 4700 2098 4770; x_wconf 87' lang='lat' dir='ltr'><strong>linguas</strong></span> <span class='ocrx_word' id='word_1_688' title='bbox 2116 4716 2242 4756; x_wconf 92' lang='lat' dir='ltr'><strong>suas</strong></span> 
     </span>
    </p>
   </div>
   <div class='ocr_carea' id='block_1_93' title="bbox 675 4789 2239 4863">
    <p class='ocr_par' dir='ltr' id='par_1_93' title="bbox 675 4789 2239 4863">
     <span class='ocr_line' id='line_1_93' title="bbox 675 4789 2239 4863; baseline -0.004 -13"><span class='ocrx_word' id='word_1_689' title='bbox 675 4794 883 4858; x_wconf 90' lang='lat' dir='ltr'><strong>malint,</strong></span> <span class='ocrx_word' id='word_1_690' title='bbox 910 4807 1067 4863; x_wconf 91' lang='lat' dir='ltr'><strong>quam</strong></span> <span class='ocrx_word' id='word_1_691' title='bbox 1103 4792 1155 4845; x_wconf 90' lang='lat' dir='ltr'><strong>id</strong></span> <span class='ocrx_word' id='word_1_692' title='bbox 1190 4805 1286 4845; x_wconf 87' lang='lat' dir='ltr'><strong>ceu</strong></span> <span class='ocrx_word' id='word_1_693' title='bbox 1312 4806 1494 4845; x_wconf 87' lang='lat' dir='ltr'><strong>verum</strong></span> <span class='ocrx_word' id='word_1_694' title='bbox 1529 4789 1831 4844; x_wconf 90' lang='lat' dir='ltr'><strong>admittere.</strong></span> <span class='ocrx_word' id='word_1_695' title='bbox 1857 4789 2069 4845; x_wconf 88' lang='lat' dir='ltr'><strong>Ponunt</strong></span> <span class='ocrx_word' id='word_1_696' title='bbox 2094 4791 2239 4845; x_wconf 92' lang='lat' dir='ltr'><strong>enim</strong></span> 
     </span>
    </p>
   </div>
   <div class='ocr_carea' id='block_1_94' title="bbox 674 4881 2239 4950">
    <p class='ocr_par' dir='ltr' id='par_1_94' title="bbox 674 4881 2239 4950">
     <span class='ocr_line' id='line_1_94' title="bbox 674 4881 2239 4950; baseline -0.001 -11"><span class='ocrx_word' id='word_1_697' title='bbox 674 4886 868 4941; x_wconf 70' lang='lat' dir='ltr'><strong>caelum</strong></span> <span class='ocrx_word' id='word_1_698' title='bbox 891 4901 1053 4939; x_wconf 92' lang='lat' dir='ltr'><strong>unum</strong></span> <span class='ocrx_word' id='word_1_699' title='bbox 1068 4897 1207 4950; x_wconf 88' lang='lat' dir='ltr'><strong>esse,</strong></span> <span class='ocrx_word' id='word_1_700' title='bbox 1226 4897 1323 4939; x_wconf 90' lang='lat' dir='ltr'><strong>nec</strong></span> <span class='ocrx_word' id='word_1_701' title='bbox 1338 4881 1453 4950; x_wconf 88' lang='lat' dir='ltr'><strong>ejus</strong></span> <span class='ocrx_word' id='word_1_702' title='bbox 1465 4896 1586 4937; x_wconf 89' lang='lat' dir='ltr'><strong>esse</strong></span> <span class='ocrx_word' id='word_1_703' title='bbox 1604 4890 1828 4947; x_wconf 64' lang='lat' dir='ltr'><strong>naturae,</strong></span> <span class='ocrx_word' id='word_1_704' title='bbox 1848 4891 1903 4936; x_wconf 89' lang='lat' dir='ltr'><strong>ut</strong></span> <span class='ocrx_word' id='word_1_705' title='bbox 1926 4884 2239 4948; x_wconf 91' lang='lat' dir='ltr'><strong>secundum,</strong></span> 
     </span>
    </p>
   </div>
   <div class='ocr_carea' id='block_1_95' title="bbox 674 4972 2236 5044">
    <p class='ocr_par' dir='ltr' id='par_1_95' title="bbox 674 4972 2236 5044">
     <span class='ocr_line' id='line_1_95' title="bbox 674 4972 2236 5044; baseline -0.001 -16"><span class='ocrx_word' id='word_1_706' title='bbox 674 4985 766 5029; x_wconf 91' lang='lat' dir='ltr'><strong>aut</strong></span> <span class='ocrx_word' id='word_1_707' title='bbox 788 4975 1024 5039; x_wconf 84' lang='lat' dir='ltr'><strong>.ertium,</strong></span> <span class='ocrx_word' id='word_1_708' title='bbox 1047 4986 1137 5029; x_wconf 90' lang='lat' dir='ltr'><strong>aut</strong></span> <span class='ocrx_word' id='word_1_709' title='bbox 1155 4974 1427 5044; x_wconf 78' lang='lat' dir='ltr'><strong>multiplex</strong></span> <span class='ocrx_word' id='word_1_710' title='bbox 1446 4972 1494 5028; x_wconf 89' lang='lat' dir='ltr'><strong>ei</strong></span> <span class='ocrx_word' id='word_1_711' title='bbox 1516 4973 1754 5037; x_wconf 86' lang='lat' dir='ltr'><strong>accedat,</strong></span> <span class='ocrx_word' id='word_1_712' title='bbox 1775 4988 1919 5044; x_wconf 81' lang='lat' dir='ltr'><strong>cum,</strong></span> <span class='ocrx_word' id='word_1_713' title='bbox 1948 4983 2003 5027; x_wconf 91' lang='lat' dir='ltr'><strong>ut</strong></span> <span class='ocrx_word' id='word_1_714' title='bbox 2026 4983 2236 5043; x_wconf 89' lang='lat' dir='ltr'><strong>putant,</strong></span> 
     </span>
    </p>
   </div>
   <div class='ocr_carea' id='block_1_96' title="bbox 678 5063 2237 5135">
    <p class='ocr_par' dir='ltr' id='par_1_96' title="bbox 678 5063 2237 5135">
     <span class='ocr_line' id='line_1_96' title="bbox 678 5063 2237 5135; baseline -0.002 -10"><span class='ocrx_word' id='word_1_715' title='bbox 678 5076 788 5125; x_wconf 81' lang='lat' dir='ltr'><strong>tota</strong></span> <span class='ocrx_word' id='word_1_716' title='bbox 815 5068 1054 5125; x_wconf 70' lang='lat' dir='ltr'><strong>caelestis</strong></span> <span class='ocrx_word' id='word_1_717' title='bbox 1082 5068 1323 5135; x_wconf 88' lang='lat' dir='ltr'><strong>corporis</strong></span> <span class='ocrx_word' id='word_1_718' title='bbox 1352 5064 1651 5123; x_wconf 89' lang='lat' dir='ltr'><strong>substantia</strong></span> <span class='ocrx_word' id='word_1_719' title='bbox 1687 5067 1752 5119; x_wconf 93' lang='lat' dir='ltr'><strong>ad</strong></span> <span class='ocrx_word' id='word_1_720' title='bbox 1782 5063 1997 5119; x_wconf 89' lang='lat' dir='ltr'><strong>unicum</strong></span> <span class='ocrx_word' id='word_1_721' title='bbox 2032 5066 2237 5121; x_wconf 90' lang='lat' dir='ltr'><strong>consti-</strong></span> 
     </span>
    </p>
   </div>
   <div class='ocr_carea' id='block_1_97' title="bbox 751 5293 1681 5367">
    <p class='ocr_par' dir='ltr' id='par_1_97' title="bbox 751 5293 1681 5367">
     <span class='ocr_line' id='line_1_97' title="bbox 751 5293 1681 5367; baseline -0.006 -15"><span class='ocrx_word' id='word_1_722' title='bbox 751 5296 862 5367; x_wconf 83' lang='grc'>(81)</span> <span class='ocrx_word' id='word_1_723' title='bbox 891 5297 1039 5353; x_wconf 84' lang='lat' dir='ltr'><strong>Colb.</strong></span> <span class='ocrx_word' id='word_1_724' title='bbox 1074 5298 1279 5366; x_wconf 87' lang='lat' dir='ltr'><strong>primus</strong></span> <span class='ocrx_word' id='word_1_725' title='bbox 1308 5293 1681 5367; x_wconf 78' lang='grc' dir='ltr'>σαφηνίζεται.</span> 
     </span>
    </p>
   </div>
   <div class='ocr_carea' id='block_1_98' title="bbox 750 5360 2243 5437">
    <p class='ocr_par' dir='ltr' id='par_1_98' title="bbox 750 5360 2243 5437">
     <span class='ocr_line' id='line_1_98' title="bbox 750 5360 2243 5437; baseline -0.007 -14"><span class='ocrx_word' id='word_1_726' title='bbox 750 5360 862 5437; x_wconf 72' lang='grc'>(82)</span> <span class='ocrx_word' id='word_1_727' title='bbox 891 5372 965 5423; x_wconf 86' lang='lat' dir='ltr'><strong>Ita</strong></span> <span class='ocrx_word' id='word_1_728' title='bbox 1006 5360 1242 5437; x_wconf 77' lang='lat' dir='ltr'><strong>quinque</strong></span> <span class='ocrx_word' id='word_1_729' title='bbox 1292 5360 1601 5420; x_wconf 62' lang='lat' dir='ltr'><strong>tttss.&#39;Editi</strong></span> <span class='ocrx_word' id='word_1_730' title='bbox 1632 5378 1751 5419; x_wconf 88' lang='lat' dir='ltr'><strong>cum</strong></span> <span class='ocrx_word' id='word_1_731' title='bbox 1804 5378 1910 5418; x_wconf 92' lang='lat' dir='ltr'><strong>uno</strong></span> <span class='ocrx_word' id='word_1_732' title='bbox 1948 5370 2041 5415; x_wconf 88' lang='lat' dir='ltr'><strong>aut</strong></span> <span class='ocrx_word' id='word_1_733' title='bbox 2073 5360 2243 5415; x_wconf 85' lang='lat' dir='ltr'><strong>altero</strong></span> 
     </span>
    </p>
   </div>
   <div class='ocr_carea' id='block_1_99' title="bbox 681 5441 2183 5515">
    <p class='ocr_par' dir='ltr' id='par_1_99' title="bbox 681 5441 2183 5515">
     <span class='ocr_line' id='line_1_99' title="bbox 681 5441 2183 5515; baseline 0.001 -22"><span class='ocrx_word' id='word_1_734' title='bbox 681 5441 1127 5515; x_wconf 41' lang='lat' dir='ltr'><strong>ms‘._f_b§6tov.__</strong></span> <span class='ocrx_word' id='word_1_735' title='bbox 1364 5514 1367 5515; x_wconf 14' lang='grc' dir='ltr'><em>ν</em></span> <span class='ocrx_word' id='word_1_736' title='bbox 1519 5504 1575 5515; x_wconf 61' lang='lat' dir='ltr'>m</span> <span class='ocrx_word' id='word_1_737' title='bbox 1639 5506 1650 5515; x_wconf 90' lang='lat'><strong>_</strong></span> <span class='ocrx_word' id='word_1_738' title='bbox 1731 5498 1755 5515; x_wconf 42' lang='grc' dir='ltr'>τ</span> <span class='ocrx_word' id='word_1_739' title='bbox 1864 5505 1876 5515; x_wconf 85' lang='lat'>_</span> <span class='ocrx_word' id='word_1_740' title='bbox 1971 5504 1981 5515; x_wconf 37' lang='grc' dir='ltr'><strong><em>ι</em></strong></span> <span class='ocrx_word' id='word_1_741' title='bbox 2159 5504 2183 5515; x_wconf 43' lang='grc'><strong>-</strong></span> 
     </span>
    </p>
   </div>
   <div class='ocr_carea' id='block_1_100' title="bbox 753 5498 2245 5579">
    <p class='ocr_par' dir='ltr' id='par_1_100' title="bbox 753 5498 2245 5579">
     <span class='ocr_line' id='line_1_100' title="bbox 753 5498 2245 5579; baseline -0.006 -16"><span class='ocrx_word' id='word_1_742' title='bbox 753 5510 865 5579; x_wconf 76' lang='lat'><strong>(83)</strong></span> <span class='ocrx_word' id='word_1_743' title='bbox 908 5511 982 5563; x_wconf 86' lang='lat' dir='ltr'><strong>Ita</strong></span> <span class='ocrx_word' id='word_1_744' title='bbox 1011 5509 1225 5564; x_wconf 87' lang='lat' dir='ltr'><strong>codices</strong></span> <span class='ocrx_word' id='word_1_745' title='bbox 1259 5514 1485 5579; x_wconf 77' lang='lat' dir='ltr'><strong>septem.</strong></span> <span class='ocrx_word' id='word_1_746' title='bbox 1519 5504 1679 5579; x_wconf 76' lang='lat' dir='ltr'><strong>Illud,</strong></span> <span class='ocrx_word' id='word_1_747' title='bbox 1704 5498 1823 5579; x_wconf 65' lang='grc' dir='ltr'>εἶτα</span> <span class='ocrx_word' id='word_1_748' title='bbox 1860 5504 2086 5579; x_wconf 71' lang='grc' dir='ltr'>ἐποίησε</span> <span class='ocrx_word' id='word_1_749' title='bbox 2100 5504 2245 5579; x_wconf 66' lang='grc' dir='ltr'>φῶς,</span> 
     </span>
    </p>
   </div>
   <div class='ocr_carea' id='block_1_101' title="bbox 683 5574 2253 5634">
    <p class='ocr_par' dir='ltr' id='par_1_101' title="bbox 683 5574 2253 5634">
     <span class='ocr_line' id='line_1_101' title="bbox 683 5574 2253 5634; baseline -0.002 -3"><span class='ocrx_word' id='word_1_750' title='bbox 683 5574 1021 5634; x_wconf 75' lang='lat' dir='ltr'><strong>deSideratur</strong></span> <span class='ocrx_word' id='word_1_751' title='bbox 1068 5580 1122 5633; x_wconf 88' lang='lat' dir='ltr'><strong>in</strong></span> <span class='ocrx_word' id='word_1_752' title='bbox 1174 5574 1349 5631; x_wconf 81' lang='lat' dir='ltr'><strong>editis.</strong></span> <span class='ocrx_word' id='word_1_753' title='bbox 1384 5575 1515 5630; x_wconf 78' lang='lat' dir='ltr'><strong>Mox-</strong></span> <span class='ocrx_word' id='word_1_754' title='bbox 1554 5576 1719 5630; x_wconf 88' lang='lat' dir='ltr'><strong>editio</strong></span> <span class='ocrx_word' id='word_1_755' title='bbox 1758 5574 1916 5627; x_wconf 81' lang='lat' dir='ltr'><strong>Basil.</strong></span> <span class='ocrx_word' id='word_1_756' title='bbox 1948 5590 2065 5628; x_wconf 90' lang='lat' dir='ltr'><strong>cum</strong></span> <span class='ocrx_word' id='word_1_757' title='bbox 2100 5574 2253 5628; x_wconf 85' lang='lat' dir='ltr'><strong>Bodl.</strong></span> 
     </span>
    </p>
   </div>
   <div class='ocr_carea' id='block_1_102' title="bbox 683 5643 2254 5724">
    <p class='ocr_par' dir='ltr' id='par_1_102' title="bbox 683 5643 2254 5724">
     <span class='ocr_line' id='line_1_102' title="bbox 683 5643 2254 5724; baseline -0.004 -21"><span class='ocrx_word' id='word_1_758' title='bbox 683 5659 741 5703; x_wconf 73' lang='lat' dir='ltr'><strong>et</strong></span> <span class='ocrx_word' id='word_1_759' title='bbox 784 5666 904 5703; x_wconf 89' lang='lat' dir='ltr'><strong>cum</strong></span> <span class='ocrx_word' id='word_1_760' title='bbox 951 5650 1195 5713; x_wconf 85' lang='lat' dir='ltr'><strong>pluribus</strong></span> <span class='ocrx_word' id='word_1_761' title='bbox 1244 5648 1551 5724; x_wconf 27' lang='lat' dir='ltr'><strong>ali‘is‘mss.</strong></span> <span class='ocrx_word' id='word_1_762' title='bbox 1607 5644 1990 5724; x_wconf 40' lang='grc' dir='ltr'>προστάσσει...-</span> <span class='ocrx_word' id='word_1_763' title='bbox 2018 5643 2143 5724; x_wconf 62' lang='grc' dir='ltr'><strong>Ιξίεξιε⁸</strong></span> <span class='ocrx_word' id='word_1_764' title='bbox 2182 5645 2254 5724; x_wconf 75' lang='lat' dir='ltr'><strong>ita</strong></span> 
     </span>
    </p>
   </div>
   <div class='ocr_carea' id='block_1_103' title="bbox 687 5714 2259 5788">
    <p class='ocr_par' dir='ltr' id='par_1_103' title="bbox 687 5714 2259 5788">
     <span class='ocr_line' id='line_1_103' title="bbox 687 5714 2259 5788; baseline -0.005 -15"><span class='ocrx_word' id='word_1_765' title='bbox 687 5721 857 5773; x_wconf 86' lang='lat' dir='ltr'><strong>multo</strong></span> <span class='ocrx_word' id='word_1_766' title='bbox 882 5731 1002 5788; x_wconf 91' lang='lat' dir='ltr'><strong>post</strong></span> <span class='ocrx_word' id='word_1_767' title='bbox 1032 5736 1161 5773; x_wconf 84' lang='lat' dir='ltr'><strong>voce</strong></span> <span class='ocrx_word' id='word_1_768' title='bbox 1194 5719 1532 5788; x_wconf 70' lang='grc' dir='ltr'>ἀπορρήτου,</span> <span class='ocrx_word' id='word_1_769' title='bbox 1574 5714 1775 5788; x_wconf 66' lang='lat' dir='ltr'><strong>arcani,</strong></span> <span class='ocrx_word' id='word_1_770' title='bbox 1824 5715 2078 5781; x_wconf 86' lang='lat' dir='ltr'><strong>intelligit</strong></span> <span class='ocrx_word' id='word_1_771' title='bbox 2106 5714 2259 5788; x_wconf 83' lang='lat' dir='ltr'><strong>Basi-</strong></span> 
     </span>
    </p>
   </div>
   <div class='ocr_carea' id='block_1_104' title="bbox 690 5786 2262 5857">
    <p class='ocr_par' dir='ltr' id='par_1_104' title="bbox 690 5786 2262 5857">
     <span class='ocr_line' id='line_1_104' title="bbox 690 5786 2262 5857; baseline -0.001 -17"><span class='ocrx_word' id='word_1_772' title='bbox 690 5790 793 5842; x_wconf 88' lang='lat' dir='ltr'><strong>lius</strong></span> <span class='ocrx_word' id='word_1_773' title='bbox 823 5786 1077 5850; x_wconf 77' lang='lat' dir='ltr'><strong>Verlntm,</strong></span> <span class='ocrx_word' id='word_1_774' title='bbox 1110 5791 1258 5857; x_wconf 79' lang='lat' dir='ltr'><strong>quasi</strong></span> <span class='ocrx_word' id='word_1_775' title='bbox 1294 5786 1433 5841; x_wconf 80' lang='lat' dir='ltr'><strong>Deus</strong></span> <span class='ocrx_word' id='word_1_776' title='bbox 1483 5802 1603 5839; x_wconf 88' lang='lat' dir='ltr'><strong>cum</strong></span> <span class='ocrx_word' id='word_1_777' title='bbox 1657 5786 1829 5840; x_wconf 77' lang='lat' dir='ltr'><strong>Verbo</strong></span> <span class='ocrx_word' id='word_1_778' title='bbox 1883 5788 1934 5839; x_wconf 88' lang='lat' dir='ltr'><strong>itt</strong></span> <span class='ocrx_word' id='word_1_779' title='bbox 1984 5787 2262 5841; x_wconf 80' lang='lat' dir='ltr'><strong>condendo</strong></span> 
     </span>
    </p>
   </div>
   <div class='ocr_carea' id='block_1_105' title="bbox 694 5858 1447 5914">
    <p class='ocr_par' dir='ltr' id='par_1_105' title="bbox 694 5858 1447 5914">
     <span class='ocr_line' id='line_1_105' title="bbox 694 5858 1447 5914; baseline -0.001 -3"><span class='ocrx_word' id='word_1_780' title='bbox 694 5860 890 5914; x_wconf 86' lang='lat' dir='ltr'><strong>mundo</strong></span> <span class='ocrx_word' id='word_1_781' title='bbox 925 5860 1110 5913; x_wconf 83' lang='lat' dir='ltr'><strong>fuisset</strong></span> <span class='ocrx_word' id='word_1_782' title='bbox 1137 5858 1447 5913; x_wconf 85' lang='lat' dir='ltr'><strong>collocutus.</strong></span> 
     </span>
    </p>
   </div>
   <div class='ocr_carea' id='block_1_106' title="bbox 2345 4604 3912 4679">
    <p class='ocr_par' dir='ltr' id='par_1_106' title="bbox 2345 4604 3912 4679">
     <span class='ocr_line' id='line_1_106' title="bbox 2345 4604 3912 4679; baseline 0.002 -20"><span class='ocrx_word' id='word_1_783' title='bbox 2345 4608 2479 4676; x_wconf 84' lang='grc' dir='ltr'>ὅπερ</span> <span class='ocrx_word' id='word_1_784' title='bbox 2513 4608 2559 4657; x_wconf 81' lang='grc' dir='ltr'>οἱ</span> <span class='ocrx_word' id='word_1_785' title='bbox 2590 4604 2657 4656; x_wconf 71' lang='grc' dir='ltr'><strong>τὰ</strong></span> <span class='ocrx_word' id='word_1_786' title='bbox 2695 4607 2820 4675; x_wconf 70' lang='grc' dir='ltr'>περὶ</span> <span class='ocrx_word' id='word_1_787' title='bbox 2840 4606 3069 4676; x_wconf 80' lang='grc' dir='ltr'>οὑρανοῦ</span> <span class='ocrx_word' id='word_1_788' title='bbox 3103 4606 3556 4679; x_wconf 77' lang='grc' dir='ltr'>φιλοσοφήσαντες</span> <span class='ocrx_word' id='word_1_789' title='bbox 3586 4609 3698 4677; x_wconf 84' lang='grc'>(86)</span> <span class='ocrx_word' id='word_1_790' title='bbox 3733 4610 3912 4662; x_wconf 72' lang='grc' dir='ltr'>ἕλοινέ</span> 
     </span>
    </p>
   </div>
   <div class='ocr_carea' id='block_1_107' title="bbox 2347 4695 3915 4771">
    <p class='ocr_par' dir='ltr' id='par_1_107' title="bbox 2347 4695 3915 4771">
     <span class='ocr_line' id='line_1_107' title="bbox 2347 4695 3915 4771; baseline 0.003 -23"><span class='ocrx_word' id='word_1_791' title='bbox 2347 4696 2412 4749; x_wconf 80' lang='grc' dir='ltr'><strong>ἂν</strong></span> <span class='ocrx_word' id='word_1_792' title='bbox 2447 4695 2644 4765; x_wconf 80' lang='grc' dir='ltr'>μᾶλλον</span> <span class='ocrx_word' id='word_1_793' title='bbox 2674 4696 2770 4757; x_wconf 81' lang='grc' dir='ltr'><strong>τὰς</strong></span> <span class='ocrx_word' id='word_1_794' title='bbox 2796 4695 3044 4764; x_wconf 78' lang='grc' dir='ltr'>γλώσσας</span> <span class='ocrx_word' id='word_1_795' title='bbox 3067 4697 3344 4768; x_wconf 86' lang='grc' dir='ltr'>προέσθαι,</span> <span class='ocrx_word' id='word_1_796' title='bbox 3373 4699 3404 4768; x_wconf 80' lang='grc' dir='ltr'><strong>ἢ</strong></span> <span class='ocrx_word' id='word_1_797' title='bbox 3428 4698 3502 4760; x_wconf 84' lang='grc' dir='ltr'>ὡς</span> <span class='ocrx_word' id='word_1_798' title='bbox 3525 4697 3726 4769; x_wconf 83' lang='grc' dir='ltr'>ἀληθὲς</span> <span class='ocrx_word' id='word_1_799' title='bbox 3754 4719 3915 4771; x_wconf 78' lang='grc' dir='ltr'>παρσ-</span> 
     </span>
    </p>
   </div>
   <div class='ocr_carea' id='block_1_108' title="bbox 2350 4788 3913 4863">
    <p class='ocr_par' dir='ltr' id='par_1_108' title="bbox 2350 4788 3913 4863">
     <span class='ocr_line' id='line_1_108' title="bbox 2350 4788 3913 4863; baseline 0.006 -23"><span class='ocrx_word' id='word_1_800' title='bbox 2350 4788 2619 4853; x_wconf 84' lang='grc' dir='ltr'>δέξασθαι.</span> <span class='ocrx_word' id='word_1_801' title='bbox 2666 4790 2799 4841; x_wconf 81' lang='grc' dir='ltr'>Ἕνα</span> <span class='ocrx_word' id='word_1_802' title='bbox 2845 4790 2952 4859; x_wconf 79' lang='grc' dir='ltr'><strong>γὰρ</strong></span> <span class='ocrx_word' id='word_1_803' title='bbox 2998 4790 3341 4844; x_wconf 86' lang='grc' dir='ltr'>ὑποτίθενται</span> <span class='ocrx_word' id='word_1_804' title='bbox 3389 4793 3643 4863; x_wconf 75' lang='grc' dir='ltr'>οὐρανὸν,</span> <span class='ocrx_word' id='word_1_805' title='bbox 3693 4799 3787 4849; x_wconf 69' lang='grc' dir='ltr'><strong>καὶ</strong></span> <span class='ocrx_word' id='word_1_806' title='bbox 3825 4801 3913 4849; x_wconf 66' lang='grc' dir='ltr'><strong>οὐκ</strong></span> 
     </span>
    </p>
   </div>
   <div class='ocr_carea' id='block_1_109' title="bbox 2350 4877 3913 4951">
    <p class='ocr_par' dir='ltr' id='par_1_109' title="bbox 2350 4877 3913 4951">
     <span class='ocr_line' id='line_1_109' title="bbox 2350 4877 3913 4951; baseline 0.006 -23"><span class='ocrx_word' id='word_1_807' title='bbox 2350 4877 2491 4946; x_wconf 76' lang='grc' dir='ltr'>ἔχειν</span> <span class='ocrx_word' id='word_1_808' title='bbox 2523 4877 2669 4947; x_wconf 85' lang='grc' dir='ltr'>αὑτῷ</span> <span class='ocrx_word' id='word_1_809' title='bbox 2698 4879 2856 4945; x_wconf 73' lang='grc' dir='ltr'>φύσιν</span> <span class='ocrx_word' id='word_1_810' title='bbox 2877 4918 2890 4941; x_wconf 94' lang='grc'><strong>,</strong></span> <span class='ocrx_word' id='word_1_811' title='bbox 2921 4878 3168 4951; x_wconf 85' lang='grc' dir='ltr'>δεύτερον</span> <span class='ocrx_word' id='word_1_812' title='bbox 3188 4920 3201 4941; x_wconf 91' lang='grc'><strong>,</strong></span> <span class='ocrx_word' id='word_1_813' title='bbox 3230 4882 3262 4950; x_wconf 83' lang='grc' dir='ltr'>ἢ</span> <span class='ocrx_word' id='word_1_814' title='bbox 3310 4881 3488 4951; x_wconf 81' lang='grc' dir='ltr'>τρίτον</span> <span class='ocrx_word' id='word_1_815' title='bbox 3509 4925 3522 4947; x_wconf 90' lang='grc'><strong>,</strong></span> <span class='ocrx_word' id='word_1_816' title='bbox 3560 4886 3590 4941; x_wconf 75' lang='grc' dir='ltr'>ἦ</span> <span class='ocrx_word' id='word_1_817' title='bbox 3634 4887 3913 4938; x_wconf 59' lang='grc' dir='ltr'>πολλοστὸν</span> 
     </span>
    </p>
   </div>
   <div class='ocr_carea' id='block_1_110' title="bbox 2350 4957 3907 5045">
    <p class='ocr_par' dir='ltr' id='par_1_110' title="bbox 2350 4957 3907 5045">
     <span class='ocr_line' id='line_1_110' title="bbox 2350 4957 3907 5045; baseline 0.006 -26"><span class='ocrx_word' id='word_1_818' title='bbox 2350 4968 2763 5039; x_wconf 85' lang='grc' dir='ltr'>προσγενέσθαι,</span> <span class='ocrx_word' id='word_1_819' title='bbox 2790 4969 2969 5040; x_wconf 83' lang='grc' dir='ltr'>πάσης</span> <span class='ocrx_word' id='word_1_820' title='bbox 2999 4971 3099 5040; x_wconf 78' lang='grc' dir='ltr'>τῆς</span> <span class='ocrx_word' id='word_1_821' title='bbox 3120 4970 3303 5034; x_wconf 86' lang='grc' dir='ltr'>οὑσίας</span> <span class='ocrx_word' id='word_1_822' title='bbox 3334 4972 3426 5025; x_wconf 79' lang='grc' dir='ltr'><strong>τοῦ</strong></span> <span class='ocrx_word' id='word_1_823' title='bbox 3449 4957 3702 5044; x_wconf 73' lang='grc' dir='ltr'>οὐρανίου</span> <span class='ocrx_word' id='word_1_824' title='bbox 3742 4976 3907 5045; x_wconf 82' lang='grc' dir='ltr'>σώμα-</span> 
     </span>
    </p>
   </div>
   <div class='ocr_carea' id='block_1_111' title="bbox 2347 5061 3914 5139">
    <p class='ocr_par' dir='ltr' id='par_1_111' title="bbox 2347 5061 3914 5139">
     <span class='ocr_line' id='line_1_111' title="bbox 2347 5061 3914 5139; baseline 0.006 -26"><span class='ocrx_word' id='word_1_825' title='bbox 2347 5079 2436 5126; x_wconf 87' lang='grc' dir='ltr'><strong>τος</strong></span> <span class='ocrx_word' id='word_1_826' title='bbox 2459 5065 2536 5126; x_wconf 76' lang='grc' dir='ltr'><strong>εἰς</strong></span> <span class='ocrx_word' id='word_1_827' title='bbox 2586 5061 2684 5132; x_wconf 75' lang='grc' dir='ltr'><strong>τὴν</strong></span> <span class='ocrx_word' id='word_1_828' title='bbox 2730 5062 2823 5115; x_wconf 78' lang='grc' dir='ltr'>τοῦ</span> <span class='ocrx_word' id='word_1_829' title='bbox 2867 5065 2982 5127; x_wconf 85' lang='grc' dir='ltr'>ἐνὸς</span> <span class='ocrx_word' id='word_1_830' title='bbox 3033 5064 3291 5118; x_wconf 83' lang='grc' dir='ltr'>σύστασιν</span> <span class='ocrx_word' id='word_1_831' title='bbox 3327 5066 3800 5139; x_wconf 79' lang='grc' dir='ltr'>ἀπαναλωθείσης,</span> <span class='ocrx_word' id='word_1_832' title='bbox 3849 5073 3914 5132; x_wconf 74' lang='grc' dir='ltr'><strong>ὡς</strong></span> 
     </span>
    </p>
   </div>
   <div class='ocr_carea' id='block_1_112' title="bbox 2424 5288 3885 5361">
    <p class='ocr_par' dir='ltr' id='par_1_112' title="bbox 2424 5288 3885 5361">
     <span class='ocr_line' id='line_1_112' title="bbox 2424 5288 3885 5361; baseline 0.004 -22"><span class='ocrx_word' id='word_1_833' title='bbox 2424 5289 2537 5361; x_wconf 59' lang='grc'>(84)</span> <span class='ocrx_word' id='word_1_834' title='bbox 2564 5288 2699 5361; x_wconf 75' lang='lat' dir='ltr'><strong>Reg.</strong></span> <span class='ocrx_word' id='word_1_835' title='bbox 2742 5304 2947 5355; x_wconf 72' lang='lat' dir='ltr'><strong>primus</strong></span> <span class='ocrx_word' id='word_1_836' title='bbox 2993 5305 3112 5343; x_wconf 90' lang='lat' dir='ltr'><strong>cum</strong></span> <span class='ocrx_word' id='word_1_837' title='bbox 3144 5290 3295 5361; x_wconf 68' lang='lat' dir='ltr'><strong>Coll).</strong></span> <span class='ocrx_word' id='word_1_838' title='bbox 3334 5293 3507 5352; x_wconf 85' lang='lat' dir='ltr'><strong>primo</strong></span> <span class='ocrx_word' id='word_1_839' title='bbox 3543 5294 3885 5361; x_wconf 69' lang='grc' dir='ltr'>προϐιεαζει.</span> 
     </span>
    </p>
   </div>
   <div class='ocr_carea' id='block_1_113' title="bbox 2424 5359 3914 5434">
    <p class='ocr_par' dir='ltr' id='par_1_113' title="bbox 2424 5359 3914 5434">
     <span class='ocr_line' id='line_1_113' title="bbox 2424 5359 3914 5434; baseline 0 -23"><span class='ocrx_word' id='word_1_840' title='bbox 2424 5360 2535 5434; x_wconf 67' lang='grc'>(85)</span> <span class='ocrx_word' id='word_1_841' title='bbox 2567 5359 2656 5434; x_wconf 78' lang='lat' dir='ltr'><strong>Sic</strong></span> <span class='ocrx_word' id='word_1_842' title='bbox 2705 5371 2920 5434; x_wconf 75' lang='lat' dir='ltr'><strong>septem</strong></span> <span class='ocrx_word' id='word_1_843' title='bbox 2978 5376 3103 5414; x_wconf 86' lang='lat' dir='ltr'><strong>mss.</strong></span> <span class='ocrx_word' id='word_1_844' title='bbox 3160 5360 3299 5415; x_wconf 86' lang='lat' dir='ltr'><strong>Editi</strong></span> <span class='ocrx_word' id='word_1_845' title='bbox 3330 5363 3404 5424; x_wconf 83' lang='grc' dir='ltr'>ὡς</span> <span class='ocrx_word' id='word_1_846' title='bbox 3442 5359 3682 5434; x_wconf 76' lang='grc' dir='ltr'>ἂνεῖπῃ.</span> <span class='ocrx_word' id='word_1_847' title='bbox 3727 5367 3914 5417; x_wconf 73' lang='lat' dir='ltr'><strong>Ibidem</strong></span> 
     </span>
    </p>
   </div>
   <div class='ocr_carea' id='block_1_114' title="bbox 2354 5429 3913 5510">
    <p class='ocr_par' dir='ltr' id='par_1_114' title="bbox 2354 5429 3913 5510">
     <span class='ocr_line' id='line_1_114' title="bbox 2354 5429 3913 5510; baseline 0.003 -30"><span class='ocrx_word' id='word_1_848' title='bbox 2354 5429 2506 5510; x_wconf 56' lang='lat' dir='ltr'><strong>Begii</strong></span> <span class='ocrx_word' id='word_1_849' title='bbox 2541 5429 2771 5510; x_wconf 63' lang='lat' dir='ltr'><strong>primus,</strong></span> <span class='ocrx_word' id='word_1_850' title='bbox 2801 5430 3010 5510; x_wconf 71' lang='lat' dir='ltr'><strong>tertius,</strong></span> <span class='ocrx_word' id='word_1_851' title='bbox 3038 5442 3261 5510; x_wconf 86' lang='lat' dir='ltr'><strong>quart_us</strong></span> <span class='ocrx_word' id='word_1_852' title='bbox 3285 5443 3338 5510; x_wconf 85' lang='lat' dir='ltr'><strong>_et</strong></span> <span class='ocrx_word' id='word_1_853' title='bbox 3360 5434 3581 5510; x_wconf 73' lang='lat' dir='ltr'><strong>quintus</strong></span> <span class='ocrx_word' id='word_1_854' title='bbox 3702 5435 3913 5505; x_wconf 58' lang='grc' dir='ltr'>καρδίᾳ.</span> 
     </span>
    </p>
   </div>
   <div class='ocr_carea' id='block_1_115' title="bbox 2354 5500 3914 5573">
    <p class='ocr_par' dir='ltr' id='par_1_115' title="bbox 2354 5500 3914 5573">
     <span class='ocr_line' id='line_1_115' title="bbox 2354 5500 3914 5573; baseline 0.001 -18"><span class='ocrx_word' id='word_1_855' title='bbox 2354 5500 2494 5555; x_wconf 80' lang='lat' dir='ltr'><strong>Editi</strong></span> <span class='ocrx_word' id='word_1_856' title='bbox 2515 5514 2645 5573; x_wconf 62' lang='lat' dir='ltr'><strong>cum</strong></span> <span class='ocrx_word' id='word_1_857' title='bbox 2679 5500 2961 5573; x_wconf 76' lang='lat' dir='ltr'><strong>aliquibus</strong></span> <span class='ocrx_word' id='word_1_858' title='bbox 2985 5515 3114 5573; x_wconf 86' lang='lat' dir='ltr'><strong>mss.</strong></span> <span class='ocrx_word' id='word_1_859' title='bbox 3144 5502 3250 5554; x_wconf 83' lang='grc' dir='ltr'><strong>τῶν</strong></span> <span class='ocrx_word' id='word_1_860' title='bbox 3282 5502 3604 5573; x_wconf 84' lang='grc' dir='ltr'>ἐγκαρδίων.</span> <span class='ocrx_word' id='word_1_861' title='bbox 3638 5500 3914 5573; x_wconf 49' lang='lat' dir='ltr'><strong>ltegfsci—</strong></span> 
     </span>
    </p>
   </div>
   <div class='ocr_carea' id='block_1_116' title="bbox 2359 5570 3281 5641">
    <p class='ocr_par' dir='ltr' id='par_1_116' title="bbox 2359 5570 3281 5641">
     <span class='ocr_line' id='line_1_116' title="bbox 2359 5570 3281 5641; baseline 0 -17"><span class='ocrx_word' id='word_1_862' title='bbox 2359 5580 2443 5624; x_wconf 84' lang='lat' dir='ltr'><strong>tus</strong></span> <span class='ocrx_word' id='word_1_863' title='bbox 2464 5570 2579 5641; x_wconf 80' lang='grc' dir='ltr'><strong>τῶν</strong></span> <span class='ocrx_word' id='word_1_864' title='bbox 2606 5570 2905 5641; x_wconf 57' lang='grc' dir='ltr'>ἐγκαρδίων</span> <span class='ocrx_word' id='word_1_865' title='bbox 2943 5571 3281 5641; x_wconf 83' lang='grc' dir='ltr'>θελημάτων.</span> 
     </span>
    </p>
   </div>
   <div class='ocr_carea' id='block_1_117' title="bbox 2432 5638 3914 5710">
    <p class='ocr_par' dir='ltr' id='par_1_117' title="bbox 2432 5638 3914 5710">
     <span class='ocr_line' id='line_1_117' title="bbox 2432 5638 3914 5710; baseline -0.001 -17"><span class='ocrx_word' id='word_1_866' title='bbox 2432 5640 2543 5710; x_wconf 83' lang='grc'>(86)</span> <span class='ocrx_word' id='word_1_867' title='bbox 2601 5638 2755 5710; x_wconf 74' lang='lat' dir='ltr'><strong>Colb.</strong></span> <span class='ocrx_word' id='word_1_868' title='bbox 2811 5644 3013 5709; x_wconf 85' lang='lat' dir='ltr'><strong>primus</strong></span> <span class='ocrx_word' id='word_1_869' title='bbox 3042 5638 3476 5710; x_wconf 74' lang='grc' dir='ltr'>φιλοσοφοῦντες.</span> <span class='ocrx_word' id='word_1_870' title='bbox 3531 5642 3728 5698; x_wconf 87' lang='lat' dir='ltr'><strong>Statim</strong></span> <span class='ocrx_word' id='word_1_871' title='bbox 3773 5644 3914 5697; x_wconf 81' lang='lat' dir='ltr'><strong>Bodl.</strong></span> 
     </span>
    </p>
   </div>
   <div class='ocr_carea' id='block_1_118' title="bbox 2365 5709 3901 5784">
    <p class='ocr_par' dir='ltr' id='par_1_118' title="bbox 2365 5709 3901 5784">
     <span class='ocr_line' id='line_1_118' title="bbox 2365 5709 3901 5784; baseline 0.004 -23"><span class='ocrx_word' id='word_1_872' title='bbox 2365 5724 2484 5784; x_wconf 80' lang='lat' dir='ltr'><strong>cum</strong></span> <span class='ocrx_word' id='word_1_873' title='bbox 2538 5709 2657 5784; x_wconf 72' lang='lat' dir='ltr'><strong>aliis</strong></span> <span class='ocrx_word' id='word_1_874' title='bbox 2690 5711 2895 5784; x_wconf 69' lang='lat' dir='ltr'><strong>duobus</strong></span> <span class='ocrx_word' id='word_1_875' title='bbox 2936 5728 3064 5768; x_wconf 82' lang='lat' dir='ltr'><strong>mss.</strong></span> <span class='ocrx_word' id='word_1_876' title='bbox 3115 5713 3191 5776; x_wconf 84' lang='grc' dir='ltr'>ὼς</span> <span class='ocrx_word' id='word_1_877' title='bbox 3244 5709 3477 5784; x_wconf 72' lang='grc' dir='ltr'>άληθῶς.</span> <span class='ocrx_word' id='word_1_878' title='bbox 3521 5714 3726 5771; x_wconf 74' lang='lat' dir='ltr'><strong>Ibidem</strong></span> <span class='ocrx_word' id='word_1_879' title='bbox 3771 5713 3901 5771; x_wconf 86' lang='lat' dir='ltr'><strong>Colb</strong></span> 
     </span>
    </p>
   </div>
   <div class='ocr_carea' id='block_1_119' title="bbox 2367 5780 2978 5841">
    <p class='ocr_par' dir='ltr' id='par_1_119' title="bbox 2367 5780 2978 5841">
     <span class='ocr_line' id='line_1_119' title="bbox 2367 5780 2978 5841; baseline 0 -6"><span class='ocrx_word' id='word_1_880' title='bbox 2367 5781 2572 5836; x_wconf 80' lang='lat' dir='ltr'><strong>urinttts</strong></span> <span class='ocrx_word' id='word_1_881' title='bbox 2604 5780 2978 5841; x_wconf 74' lang='grc' dir='ltr'>ὑποδέξασθαι.</span> 
     </span>
    </p>
   </div>
  </div>
