4098 6326
143 383 227 434 57

1305 371 1592 427 NOMINA.
1633 369 1696 423 lll
1740 367 1772 420 ll

1873 365 2342 421 ΙΙΞΧᾹΕΜΕΠΟΝ.
3359 361 3432 420 5'8

139 502 392 554 οἴονται.
435 501 530 554 Ἕν
561 500 667 570 γάρ
712 515 842 567 φασι
886 495 998 567 (87)
1028 494 1087 547 τὸ
1129 493 1523 564 κυκλοφορικδν
1570 493 1749 564 σῶμα,

1873 483 2116 538 tuendum
2147 483 2309 537 fuerit
2351 489 2687 553 consumpta.
2715 479 2923 535 Etenim
2946 494 3140 551 corpus
3163 479 3216 536 in
3240 481 3427 537 orbem

141 595 257 648 καὶ
306 593 470 647 τοῦτο
511 591 958 663 πεπερασμένον·
991 589 1127 658 ὅπερ
1156 590 1201 641 εἰ
1224 586 1652 657 συναπήρτισται
1677 585 1752 657 τῷ

142 688 374 760 πρώτῳ
412 686 658 758 οὐρανῷ,
692 686 854 758 μηδὲν
894 681 1280 736 ὑπολείπεσθαι
1327 679 1463 751 πρὸς
1501 679 1753 750 δευτέρου

143 781 181 850 ἢ
239 780 436 850 τρίτου
479 777 711 846 γένεσιν.
753 775 939 830 Ταῦτα
980 775 1076 844 μὲν
1099 768 1190 828 οῦν
1219 774 1268 828 οἱ
1305 772 1436 844 ὓλην
1465 771 1756 843 ἀγέννητον

143 872 554 938 ἐπεισάγοντες
606 871 681 943 τῷ
727 866 1042 940 δημιουργῷ
1100 867 1492 936 φαντάζονται,
1548 865 1611 916 ὲκ
1662 865 1757 934 τῆς

145 963 399 1033 πρώτης
446 963 767 1032 μυθοποιίας
805 960 941 1033 πρὸς
985 959 1046 1012 τὸ
1088 960 1378 1015 ἀκόλουθον
1403 956 1596 1026 ψεῦδος
1626 956 1757 1008 ὐπο-

146 1055 468 1124 φερὸμενοι
497 1056 645 1128 (88)·
681 1056 842 1124 ἡμεῖς
876 1053 932 1106 δὲ
975 1053 1230 1125 ἀξιοῦμεν
1261 1052 1386 1112 τοὺς
1422 1049 1531 1103 τῶν
1571 1046 1760 1118 Ἐλλή-

152 1162 270 1195 νων
304 1147 506 1214 σοφοὺς
554 1147 628 1216 μὴ
673 1144 935 1215 πρότερον
975 1146 1123 1215 ἡμᾶς
1161 1139 1585 1210 καταχλευάζειν
1633 1137 1761 1208 πρὶν

150 1236 228 1288 τὰ
268 1238 413 1309 πρὸς
450 1237 713 1306 ἀλλήλους
759 1236 1067 1290 διάθωνται.
1110 1236 1231 1289 Εἰσὶ
1262 1232 1371 1304 γὰρ
1401 1235 1458 1286 ὲν
1499 1235 1680 1296 αὐτοῖς
1713 1228 1763 1284 οἳ

152 1331 435 1402 ἀπείρους
464 1329 725 1399 οὐρανοὺς
747 1330 840 1382 καὶ
873 1331 1112 1401 κόσμους
1148 1322 1284 1379 εἷναί
1313 1343 1496 1395 φασιν,
1527 1346 1600 1382 ων
1635 1327 1764 1380 ὅταν

153 1421 551 1488 ἁπελέγξωσιν
575 1419 634 1473 τὸ
662 1421 924 1475 ἀπίθανον
950 1424 997 1474 οἱ
1023 1417 1474 1491 ἐμϐριθεστέραις
1493 1422 1616 1480 ταῖς
1631 1419 1766 1470 ἀπο-

153 1513 371 1575 Ξεέξεσι
407 1511 709 1584 χρώμενοι,
749 1515 843 1567 καὶ
889 1515 1008 1575 ταῖς
1060 1515 1462 1584 γεωμετρικαῖς
1499 1509 1767 1576 ἀνάγκαις

155 1605 487 1674 συστήσωσι
536 1605 608 1676 μὴ
648 1606 791 1674 ἔχειν
825 1603 984 1671 φύσιν
1031 1603 1187 1659 ἄλλον
1229 1603 1457 1675 οὐρανὸν
1490 1599 1763 1668 γενέσθαι,

158 1696 326 1767 παρά
356 1696 445 1750 τὸν
474 1697 592 1757 ένα,
619 1696 738 1747 τότε
785 1695 877 1748 καὶ
902 1695 1010 1767 (89)
1048 1696 1248 1766 μᾶλλον
1285 1690 1767 1761 καταγελασόμεθα

163 1789 269 1859 τῆς
306 1788 638 1860 γραμμικῆς
675 1790 769 1842 καὶ
790 1791 1039 1858 έντέχνου
1070 1790 1247 1842 αὐτῶν
1294 1787 1579 1860 φλυαρίας,
1609 1787 1766 1858 εἴπερ

159 1881 415 1952 δρῶντες
452 1878 804 1948 πομφόλυγας
848 1877 934 1929 διὰ
975 1877 1075 1945 τῆς
1107 1877 1299 1945 ὁμοίας
1336 1876 1516 1938 αἰτίας
1556 1871 1768 1942 γινομέ-
1798 1855 1838 1908 Β

165 1991 269 2035 νας
302 1970 435 2041 μίαν
458 1988 516 2023 τε
555 1972 644 2023 καὶ
674 1969 896 2030 πολλὰς,
930 1965 1047 2020 εἶτα
1085 1966 1488 2038 ἀμφιϐάλλουσι
1518 1966 1645 2038 περὶ
1674 1966 1767 2018 οὐ-

165 2062 360 2132 ρανῶν
402 2060 699 2125 πλειόνων,
731 2062 777 2112 εί
820 2059 1043 2130 ἐξαρκεῖ
1089 2057 1286 2121 αὐτοὺς
1330 2059 1363 2127 ἡ
1407 2055 1769 2128 δημιουργικὴ

163 2153 412 2222 δύναμις
444 2153 786 2222 παραγαγεῖν
831 2152 909 2212 εἰς
947 2149 1008 2202 τὸ
1041 2144 1199 2202 εἶναι.
1233 2142 1334 2200 ’Ὧν
1365 2146 1457 2219 τὴν
1487 2149 1636 2217 ἰσχὺν
1677 2147 1770 2200 καὶ

165 2249 231 2298 το
262 2245 496 2316 μέγεθος
531 2244 682 2298 οὐδὲν
707 2243 989 2316 ἡγούμεθα
1013 2243 1291 2314 διαφέρειν
1318 2242 1419 2311 τῆς
1458 2240 1646 2310 κοίλης
1689 2257 1772 2291 νο-

166 2340 322 2400 τίδος
349 2340 446 2409 τῆς
470 2338 942 2412 ὑπερφυσωμένης
968 2340 1023 2390 έν
1049 2340 1162 2401 τοῖς
1188 2338 1455 2408 κρουνοῖς,
1483 2336 1611 2388 ὅταν
1640 2332 1773 2404 πρὸς

167 2433 274 2502 τὴν
317 2432 591 2502 ὑπεροχὴν
624 2433 722 2502 τῆς
751 2431 846 2483 τοῦ
873 2429 1007 2482 Θεοῦ
1033 2430 1316 2499 δυνάμεως
1352 2427 1769 2497 ἁποϐλέψωμεν.

168 2523 349 2572 ’Ὡστε
385 2521 788 2587 καταγέλαστος
822 2522 1002 2580 αὐτοῖς
1038 2521 1148 2587 (90)
1182 2522 1209 2571 ὁ
1242 2521 1336 2572 τοῦ
1387 2519 1648 2572 ἀδυνάτου
1687 2515 1774 2567 λὸ-

169 2628 294 2676 γος.
348 2611 538 2679 Ἡμεῖς
569 2610 624 2662 δὲ
668 2610 920 2662 τοσοῦτον
959 2609 1233 2678 ἀπέχομεν
1265 2609 1342 2678 τῷ
1386 2609 1620 2678 δευτέρῳ
1645 2611 1772 2659 ἀπι-

169 2707 352 2765 στεῖν,
386 2703 527 2757 ὥστε
558 2705 650 2757 καὶ
681 2704 769 2757 τὸν
795 2704 976 2776 τρίτον
1007 2703 1395 2774 ἐπιζητοῦμεν,
1425 2695 1484 2754 οῦ
1519 2700 1617 2770 τῆς
1647 2699 1774 2761 θέας

169 2801 198 2850 ὁ
235 2798 510 2869 μακάριος
541 2797 751 2862 Παῦλος
784 2796 894 2868 (91)
927 2796 1153 2866 ἠξιώθη.
1200 2797 1258 2849 '0
1298 2795 1354 2848 δὲ
1381 2793 1625 2864 ψαλμὸς,
1660 2793 1776 2843 ὀνο-

172 2890 376 2962 μάζων
402 2892 664 2961 οὐρανοὺς
690 2891 954 2961 οὐρανῶν.
989 2890 1082 2942 καὶ
1114 2889 1373 2942 πλειόνων
1409 2889 1539 2958 ἡμῖν
1568 2885 1774 2937 ἔννοιαν

172 2983 525 3051 ἐνεποίησεν.
563 2982 636 3033 Οὐ
680 2981 848 3050 δήπου
903 2980 958 3033 δὲ
1003 2981 1176 3032 ταῦτα
1225 2979 1630 3049 παραδοξότερα
1667 2974 1776 3028 τῶν

173 3074 325 3127 ἐπτά
349 3073 582 3127 κύκλων,
614 3073 733 3126 καθ’
763 3065 836 3125 ὧν
867 3072 915 3124 οἱ
949 3072 1090 3124 έπτά
1125 3072 1354 3139 ἀστέρες
1395 3069 1579 3140 σχεδὸν
1625 3069 1777 3137 παρά

174 3165 405 3218 πάντων)
455 3162 756 3234 συμφώνως
796 3163 1183 3234 ὁμολογοῦνται
1238 3161 1521 3233 φέρεσθαι,
1565 3159 1654 3222 οὓς
1682 3169 1777 3219 καὶ

175 3259 522 3331 Ξνηρμόσθαι
557 3258 716 3328 φασὶν
740 3259 913 3330 ἑτέρῳ
940 3259 1029 3311 τὸν
1057 3260 1264 3328 ἕτερον,
1303 3255 1443 3311 κατά
1471 3256 1567 3326 τὴν
1594 3254 1776 3307 εἰκόνα

176 3357 290 3407 τῶν
331 3353 511 3406 κάδων
550 3351 656 3405 τῶν
684 3353 762 3414 εἰς
797 3349 1058 3420 ἀλλήλους
1098 3345 1776 3419 ὲμὸεϐηκότων..Τούτους

176 3444 238 3497 δὲ
258 3447 362 3514 τὴν
387 3445 637 3497 ἐναντίαν
676 3443 754 3512 τῷ
781 3443 943 3496 παντὶ
987 3441 1320 3514 φερομένους
1351 3440 1462 3511 (92)
1482 3483 1495 3505 ,
1530 3457 1778 3512 περισχι-

178 3536 416 3606 ζομένου
457 3535 551 3588 τοῦ
585 3536 798 3606 αἰθέρος
822 3537 1025 3598 αὐτοῖς,
1050 3534 1244 3605 εῦηχόν
1271 3552 1391 3587 τινα
1423 3535 1515 3588 καὶ
1548 3534 1778 3605 ἐναρμό-

179 3646 293 3680 νιον
336 3627 645 3680 ἀποδιδόναι
682 3628 953 3696 φθόγγον,
1007 3627 1145 3680 ὦστε
1178 3629 1357 3680 πᾶσαν
1393 3628 1491 3699 τὴν
1540 3630 1597 3682 ὲν
1650 3627 1778 3698 μελ-

180 3721 377 3791 ῳδίαις
411 3719 604 3791 ἡδονὴν
633 3720 1011 3791 ὑπερϐάλλειν.
1037 3716 1170 3772 Εἶτα
1199 3720 1416 3772 ἐπειδὰν
1436 3721 1532 3791 τὴν
1563 3720 1651 3774 διά
1676 3720 1777 3790 τῆς

180 3810 498 3882 αἰσθήσεως
542 3811 724 3864 πίστιν
756 3813 803 3865 οἱ
853 3811 1026 3864 ταῦτα
1053 3811 1302 3878 λέγοντες
1339 3812 1698 3878 ἀπαιτῶνται,
1724 3811 1776 3864 τί

182 3923 386 3977 quam;
417 3905 542 3959 Ὀτι
562 3905 648 3958 διά
674 3905 772 3977 τὴν
789 3905 848 3970 ἐξ
870 3905 1044 3976 ἀρχῆς
1071 3905 1358 3975 συνήθειαν
1403 3906 1540 3977 πρὸς
1566 3905 1656 3958 τὸν
1681 3906 1778 3974 ψό-

185 4017 287 4068 φον
346 4002 410 4052 ὲκ
460 3998 686 4070 πρώτης
732 3998 999 4068 γενέσεως
1035 3997 1439 4062 συνεθισθέντες
1484 3997 1666 4068 αὐτῷ,
1713 3999 1778 4050 ἐκ

184 4092 392 4161 πολλῆς
439 4093 540 4161 τῆς
591 4093 718 4164 περὶ
763 4093 822 4144 τὸ
859 4091 1078 4144 ἀκούειν
1126 4090 1357 4160 μελέτης
1398 4091 1494 4161 τὴν
1529 4091 1777 4161 αἴσθησιν

182 4184 560 4258 ἀφῃρήμεθα·
599 4183 788 4254 ὥσπερ
827 4185 876 4236 οἱ
908 4187 965 4236 ὲν
1004 4187 1115 4247 τοῖς
1139 4184 1411 4253 χαλκείοις
1449 4184 1684 4253 συνεχῶς
1710 4183 1779 4236 τά

184 4273 302 4331 ὦτα
331 4276 818 4346 κατακρουόμενοι.
840 4271 938 4329 Ὧν
964 4277 1023 4330 τὸ
1051 4278 1438 4346 σεσοφισμένον
1463 4275 1557 4328 καὶ
1582 4274 1778 4346 σαθρὸν

185 4370 509 4440 διελέγχειν,
559 4366 729 4433 οὕτως
775 4369 1013 4439 ἐναργῶς
1071 4372 1136 4422 ἐκ
1174 4369 1394 4439 πρώτης
1432 4369 1600 4439 ἀκοῆς
1644 4369 1778 4421 πᾶσι

187 4464 677 4534 καταφαινόμενον,
711 4465 810 4516 οὐκ
853 4463 999 4515 ἔστιν
1034 4461 1225 4533 ἀνδρὸς
1255 4460 1376 4514 οὔτε
1415 4461 1607 4532 χρόνου
1647 4461 1779 4514 εἰδό-

1858 575 1967 648 24
1994 577 2405 637 circumactum,
2432 591 2592 629 unum
2618 588 2739 630 esse
2762 573 2932 640 aiunt,
2959 573 3196 645 illudque
3219 573 3429 630 ﬁnitum

1861 685 1982 724 esse
2014 686 2027 721 :
2069 669 2211 740 quod
2246 681 2376 722 Sane
2411 667 2455 719 si
2489 668 2709 722 omnino
2741 667 3076 734 insumptum
3111 675 3194 721 est
3230 668 3297 722 ad
3327 666 3436 738 pri-

1863 783 2009 822 mum
2058 767 2255 820 coelum
2302 759 2732 828 conliciendum,
2782 776 3123 834 consequens
3168 759 3332 817 fuerit
3376 768 3436 816 ut

1865 859 1995 915 nihil
2027 857 2138 926 jam
2163 860 2227 911 ad
2263 855 2484 913 secundi
2521 855 2604 908 vel
2640 856 2785 909 tertii
2811 857 3221 925 generationem
3247 869 3439 923 supcr-

1863 955 1955 1008 sit.
1987 949 2112 1006 Haec
2133 949 2349 1018 quidem
2385 947 2614 1018 ﬁngunt,
2652 943 2743 1014 qui
2774 945 2950 1013 Opiﬁci
2983 947 3283 1019 ingenitam
3319 959 3438 999 ma-

1863 1045 2052 1099 teriam
2088 1042 2527 1105 subministrant,
2564 1056 2629 1094 ex
2661 1038 2766 1094 hoc
2809 1039 2986 1108 primo
3018 1051 3325 1096 commento
3358 1036 3440 1092 fa-

1865 1135 2054 1190 buloso
2078 1136 2143 1190 ad
2172 1135 2514 1203 subsequens
2537 1132 2876 1186 mendacium
2908 1129 3111 1199 delapsi
3138 1148 3152 1183 :
3182 1147 3280 1188 nos
3307 1143 3442 1189 vero

1865 1227 2176 1282 Graecorum
2207 1228 2480 1296 sapientes
2506 1239 2783 1293 rogamus,
2817 1233 2874 1278 ut
2907 1239 2974 1278 ne
3005 1224 3159 1293 prius
3188 1239 3286 1278 nos
3316 1225 3441 1279 irri-

1867 1322 2046 1385 deant,
2082 1335 2240 1390 quam
2281 1321 2420 1376 inter
2452 1333 2510 1374 se
2549 1318 2922 1374 convenerint.
2957 1317 3095 1372 Sunt
3125 1317 3268 1372 enim
3300 1317 3444 1372 inter

1869 1416 2036 1485 ipsos,
2080 1413 2170 1483 qui
2217 1413 2382 1467 caelos
2415 1422 2468 1467 et
2511 1411 2743 1466 mundos
2785 1411 2939 1463 aiunt
2985 1424 3106 1465 esse
3137 1407 3382 1463 inﬁnitos
3427 1422 3443 1462 :

1869 1525 2096 1579 quorum
2153 1523 2272 1561 cum
2327 1507 2556 1574 ineptias
2591 1504 2969 1575 redarguerint
3025 1505 3084 1570 ii,
3136 1503 3227 1572 qui
3286 1519 3448 1574 argu-

1870 1603 2066 1656 mentis
2099 1609 2325 1654 utuntur
2361 1597 2726 1668 gravioribus,
2764 1608 2929 1669 atque
2962 1597 3309 1668 geometricis
3354 1597 3449 1651 de-

1876 1690 2358 1746 monstrationibus
2391 1688 2742 1756 prohaverint
2781 1691 2832 1742 id
2873 1699 3082 1743 naturae
3117 1702 3442 1757 repugnare,

1873 1796 1931 1839 ut
1957 1785 2152 1840 cmlum
2200 1782 2340 1835 aliud
2380 1791 2576 1850 prmter
2611 1797 2772 1836 unum
2825 1780 2952 1845 ﬁat;
2997 1790 3124 1836 tunc
3159 1795 3346 1834 eorum
3385 1780 3448 1833 li-

1873 1893 2063 1933 neares
2102 1874 2524 1944 artiﬁcialesque
2557 1891 2732 1945 nugas
2767 1876 2928 1929 etiam
2969 1876 3138 1944 magis
3178 1873 3450 1929 deridebi-

1873 1985 2011 2023 ntus.
2049 1969 2324 2037 Siquidem
2357 1969 2458 2022 etsi
2493 1967 2561 2021 ob
2591 1968 2821 2021 similem
2857 1983 3076 2022 causam
3114 1964 3228 2023 ﬁeri
3269 1968 3450 2022 vident

1872 2063 1988 2116 sive
2014 2075 2197 2125 unam,
2228 2061 2341 2114 sive
2369 2061 2566 2115 multas
2599 2059 2792 2123 bullas,
2837 2061 3191 2114 nihilominus
3227 2060 3295 2114 de
3335 2073 3450 2113 eaa-

1872 2155 2043 2208 lorum
2087 2152 2432 2206 multitudine
2483 2154 2750 2217 dubitant,
2796 2167 2863 2205 an
2913 2160 3155 2221 potestas
3202 2149 3451 2206 effectrix

1875 2263 1969 2302 ens
2008 2248 2060 2301 in
2091 2247 2262 2300 luccm
2288 2246 2450 2300 edere
2489 2248 2743 2314 potuerit.
2777 2245 3018 2311 Quorum
3055 2246 3220 2300 robur
3248 2259 3310 2298 ac
3337 2260 3451 2298 ma-

1873 2339 2235 2410 gnltudinem,
2275 2353 2398 2392 cum
2444 2336 2511 2390 ad
2549 2336 2744 2389 divinae
2785 2337 3039 2404 potentiae
3077 2339 3451 2406 praestantiam

1877 2436 2220 2504 respicimus.
2259 2436 2325 2489 ab
2356 2448 2420 2488 eo
2456 2433 2683 2487 humore
2722 2443 2966 2484 concavo
2999 2430 3090 2498 qui
3123 2431 3178 2482 in
3208 2429 3456 2482 fontibus

1876 2524 2200 2583 salientibus
2223 2526 2558 2590 intumescit,
2581 2523 2714 2577 nihil
2737 2520 2952 2577 diﬁerre
2975 2532 3250 2592 putamus.
3276 2520 3456 2589 Quare

1876 2624 1929 2675 id
1963 2623 2077 2675 lteri
2102 2637 2206 2675 non
2233 2634 2390 2690 posse
2414 2619 2644 2672 ridicule
2663 2617 2871 2670 dicunt.
2905 2615 3012 2670 Sed
3044 2626 3249 2669 tantum
3277 2618 3454 2679 abest,

1877 2724 1933 2769 ut
1972 2731 2069 2770 nos
2099 2715 2168 2770 de
2208 2715 2379 2770 altero
2406 2712 2546 2766 ccelo
2581 2711 2910 2778 dubitemus,
2939 2719 2999 2765 ut
3035 2710 3198 2765 etiam
3231 2711 3454 2764 tertium

1875 2808 2027 2878 cujus
2053 2819 2273 2877 aspectu
2300 2810 2487 2863 beatus
2518 2805 2716 2862 Paulus
2746 2805 2996 2874 dignatus
3034 2812 3140 2866 est.
3181 2802 3225 2834 ³⁷
3277 2802 3458 2872 inqui-

1876 2914 2080 2952 ramus.
2120 2898 2365 2952 Psalmus
2405 2908 2588 2951 autem
2622 2899 2749 2950 dum
2790 2895 3037 2949 nominat
3081 2895 3250 2949 cmlos
3289 2895 3456 2947 caelo-

1879 3007 1996 3045 rum
2031 2990 2096 3056 ³⁸,
2132 2991 2366 3060 plurium
2413 2990 2576 3045 etiam
2621 2988 2812 3043 tribuit
2845 2987 3001 3043 nobis
3043 2987 3312 3041 notitiam.
3349 2985 3453 3041 Ne-

1883 3099 1990 3155 que
2024 3098 2152 3138 vero
2189 3084 2302 3137 ltazc
2343 3082 2608 3152 stupenda
2643 3090 2771 3136 sunt
2807 3078 3005 3150 magis,
3047 3093 3211 3148 quam
3248 3088 3456 3150 septem

1806 3203 1847 3258 ρ
1884 3175 2069 3231 circuli
2107 3192 2121 3228 :
2155 3175 2208 3228 in
2251 3174 2447 3244 quibus
2478 3172 2665 3230 stellas
2701 3180 2910 3242 septem
2945 3170 3072 3225 ferri
3105 3185 3295 3225 omnes
3344 3186 3456 3224 uno

1883 3266 1996 3320 fere
2037 3278 2304 3319 consensu
2348 3265 2673 3319 conﬁtentur
2709 3281 2722 3318 :
2762 3277 2898 3330 quos
2923 3263 3086 3316 etiam
3122 3261 3348 3316 alterum
3377 3260 3458 3314 al-

1883 3356 2005 3420 teri,
2043 3356 2218 3408 instar
2245 3358 2504 3409 cadorum
2536 3354 2588 3407 in
2620 3367 2678 3408 se
2714 3360 2900 3406 mutuo
2928 3352 3276 3418 insertorum,
3306 3359 3459 3420 apta-

1880 3459 1963 3504 tos
1996 3463 2116 3504 esse
2150 3456 2422 3504 astruunt.
2471 3447 2611 3514 Quin
2652 3447 2816 3502 etiam
2856 3445 3019 3501 hosce
3053 3445 3287 3499 circulos
3319 3457 3455 3499 con-

1882 3543 2047 3597 trario
2097 3542 2339 3598 universi
2386 3542 2553 3597 motui
2606 3549 2767 3595 cursu
2820 3539 3099 3607 abreptos,
3139 3535 3342 3592 diﬂisso
3389 3539 3460 3592 ab

1881 3637 2012 3707 ipsis
2046 3636 2272 3702 aethere,
2309 3646 2522 3706 gratum
2573 3634 2864 3705 quemdam
2909 3645 2973 3687 ac
3007 3631 3334 3687 concinnum
3364 3645 3457 3685 so-

1879 3745 2007 3784 num
2037 3727 2371 3784 contendunt
2395 3727 2643 3791 reddere,
2678 3725 2814 3780 adeo
2849 3734 2907 3779 ut
2941 3724 3189 3779 melodia:
3217 3723 3458 3777 suavita-

1883 3827 1987 3871 tem
2038 3832 2254 3872 omnem
2293 3825 2602 3886 exsuperet.
2635 3816 2840 3871 Deinde
2863 3831 2985 3870 cum
3020 3815 3056 3870 ii
3085 3814 3176 3883 qui
3213 3813 3339 3867 talia
3376 3813 3461 3868 di-

1879 3921 2026 3977 cunt,
2051 3926 2306 3966 sensuum
2335 3910 2494 3966 ﬁdem
2520 3925 2584 3964 ac
2609 3909 2978 3965 testimonium
3005 3919 3291 3978 rogantur,
3320 3906 3452 3977 quid

1880 4003 2247 4073 respondent?
2294 4002 2404 4057 Nos
2453 4003 2522 4057 ob
2569 4015 2687 4055 eam
2730 4015 2890 4070 quam
2932 3999 3088 4055 initio
3135 4014 3258 4054 cum
3316 4013 3454 4053 sono

1880 4093 2143 4148 habemus
2174 4091 2622 4147 consuetudinem
2646 4131 2662 4158 ,
2693 4091 2819 4146 huic
2845 4091 3020 4145 eidem
3058 4105 3191 4144 sono
3221 4105 3249 4142 a
3280 4088 3458 4159 primo

1880 4194 2001 4238 ertu
2046 4195 2312 4252 assuetos,
2355 4199 2515 4240 sensu
2568 4185 2672 4239 isto
2714 4199 2826 4254 prae
2875 4182 3148 4253 frequenti
3203 4182 3455 4236 audiendi

1881 4277 2270 4334 exercitatione
2299 4278 2535 4349 privari;
2566 4277 2791 4346 perinde
2817 4285 2979 4343 atque
3008 4275 3060 4329 hi
3094 4289 3326 4344 quorum
3356 4289 3454 4326 au-

1882 4383 1968 4422 res
2005 4369 2056 4423 in
2093 4368 2323 4425 oﬁicinis
2365 4370 2575 4424 aerariis
2615 4369 2831 4424 assidue
2864 4367 3259 4422 obtunduntur.
3307 4362 3456 4432 Quo-

1883 4473 2000 4511 rum
2062 4460 2344 4516 confutare
2399 4460 2800 4515 cavillationem
2863 4474 2927 4513 ac
2985 4457 3326 4520 futilitatem,
3383 4457 3458 4510 ita

187 4572 278 4618 τος
329 4557 640 4623 φείδεσθαι,
686 4555 810 4609 οὔτε
848 4559 945 4626 τῆς
996 4555 1261 4618 συνέσεως
1308 4555 1415 4607 τῶν
1474 4555 1772 4608 ἀκουόντων

1883 4563 2069 4622 aperte
2099 4555 2352 4610 omnibus
2378 4571 2442 4610 ex
2479 4555 2652 4624 primo
2680 4554 2864 4607 auditu
2899 4566 2957 4605 se
2985 4552 3324 4621 prodentem,
3350 4548 3456 4602 viri

192 4646 614 4717 στοχαζομένου.
649 4649 809 4702 Ἀλλά
835 4648 900 4701 τὰ
929 4647 1037 4700 τῶν
1062 4647 1259 4711 ἔξωθεν
1283 4649 1396 4708 τοῖς
1427 4645 1531 4712 ἔξω
1555 4646 1778 4700 καταλι-

192 4739 386 4801 πόντες
399 4741 558 4809 ἡμεῖς
571 4740 660 4792 ἐπὶ
674 4741 763 4793 τὸν
774 4741 1223 4811 ἐκκλησιαστικὸν
1238 4739 1545 4809 ὑποστρέφο
1553 4756 1649 4810 μεν
1665 4740 1774 4810 (95)

190 4830 369 4898 λόγον.
428 4830 656 4901 Εἴρηται
729 4834 825 4902 μὲν
877 4829 967 4885 οῦν
998 4850 1107 4885 τισι
1165 4831 1273 4884 τῶν
1316 4829 1420 4902 πρὸ
1460 4831 1646 4901 ἡμῶν,
1707 4833 1781 4904 μὴ

261 4969 308 5000 ³⁷
350 4969 393 5022 11
418 4966 547 5024 Cor.
597 4986 694 5034 xu,
729 4970 785 5026 2.
863 4971 906 5002 ³⁸
942 4970 1084 5026 Psal.
1138 4967 1366 5036 cx'Lvm,
1396 4973 1452 5026 4.

263 5142 381 5211 (87)
406 5141 656 5214 Nonnulli
686 5158 815 5198 mss.
849 5143 981 5214 φησί

264 5214 384 5288 (88)
418 5213 882 5288 Colb.__s_e_cundus
912 5213 1341 5288 ίὲπιφερομενοι.
1393 5215 1592 5270 lhidem
1631 5216 1764 5288 Reg.

196 5282 543 5354 primus,th
577 5284 842 5354 Ἑλλήνων
869 5282 1081 5350 παῖδας,
1102 5282 1428 5340 ’ϐὶαιεονιιιη
1457 5305 1670 5353 pueros.

265 5352 383 5424 (89)
411 5353 502 5406 Sic.
534 5369 663 5408 mss.
701 5352 872 5408 multi.
899 5358 1053 5409 l)eest
1077 5357 1169 5409 καί
1206 5357 1258 5409 in
1297 5352 1478 5412 editis.
1520 5360 1768 5414 Subinde

197 5426 410 5496 codices
441 5425 548 5496 duo
569 5425 666 5493 τῆς
696 5427 1089 5496 γραμματικῆς
1116 5426 1228 5479 καί.

267 5493 382 5567 (90)
438 5493 591 5547 Coll).
649 5493 1098 5567 ρηιιιυελαύτῶήν.
1156 5498 1302 5567 Editi
1353 5512 1476 5551 eum
1537 5511 1766 5567 utroque

200 5563 363 5638 Coisl.
393 5575 446 5638 et
476 5579 597 5638 cum
632 5565 752 5618 aliis
784 5565 961 5638 multis
1009 5569 1212 5629 αὐτοῖς.
1264 5566 1412 5619 Haud
1449 5571 1618 5621 multo
1654 5563 1773 5638 post

203 5632 368 5688 editio
401 5632 565 5702 Basil.
617 5649 738 5687 eum
795 5636 981 5688 decem
1034 5654 1161 5691 mss.
1217 5639 1493 5702 ἀπιστεῖν,
1539 5640 1622 5692 ὅτι
1654 5632 1773 5694 ’καὶ

201 5703 307 5757 τόν.
343 5703 520 5756 Editio
544 5701 717 5758 Paris.
743 5703 882 5757 ὥστε
915 5707 1007 5758 καὶ
1029 5709 1138 5760 τόν.

274 5773 384 5847 (9.1)
413 5773 643 5847 Codices
674 5783 783 5828 tres
811 5777 856 5847 ίό
912 5777 1182 5847 μακάριος
1209 5778 1503 5841 ἀπόστολος
1539 5780 1770 5844 Παῦλος.

209 5841 503 5900 Editicutn
531 5841 684 5901 Colb.
740 5841 974 5914 primo-6
1020 5841 1288 5918 μακάριος
1334 5851 1564 5912 Παῦλος.
1627 5841 1770 5923 Lege

1890 4659 1996 4699 non
2048 4655 2151 4713 est,
2184 4648 2274 4716 qui
2304 4657 2390 4702 aul
2424 4661 2648 4718 parcere
2669 4647 2806 4699 sciat
2833 4644 3086 4714 tetnpori,
3117 4652 3210 4696 aut
3236 4641 3457 4695 audien-

1888 4738 2019 4793 tium
2052 4739 2463 4812 intelligentiam
2487 4737 2770 4806 conjectet.
2801 4737 2997 4792 Verum
3025 4745 3248 4790 externa
3283 4743 3461 4789 exter-

1891 4833 1976 4889 nis
2001 4835 2388 4908 relinquentes,
2424 4851 2522 4891 nos
2556 4837 2622 4891 ad
2653 4834 3077 4891 ecclesiasticum
3134 4831 3461 4888 revertimur

1884 5149 2158 5211 Ducamm,
2191 5146 2258 5200 de
2292 5147 2550 5201 caelorum
2588 5159 2830 5198 numero.
2861 5144 3058 5198 Ibidem
3076 5143 3224 5201 Colb.
3256 5159 3453 5200 secun-

1875 5222 1974 5274 dus
2003 5221 2031 5271 ὁ
2058 5218 2114 5271 δὲ
2149 5218 2474 5289 Ψαλμῳδός.
2505 5216 2943 5289 Aliquantopost
2977 5231 3069 5268 sex
3103 5231 3228 5270 mss.
3249 5217 3323 5268 Οὐ
3354 5216 3452 5287 δή·

1875 5306 1974 5341 που
2003 5289 2059 5340 δὲ
2085 5286 2444 5343 ταῦτα.Ἐιιίιὶ
2475 5288 2532 5341 οὑ
2565 5288 2764 5357 δήποτε
2796 5286 2872 5339 δέ.

1943 5359 2056 5431 (9‘2)
2079 5360 2229 5415 Colb.
2264 5363 2469 5428 primus
2494 5359 2768 5431 cumlleg.
2791 5367 2945 5412 sexto
2968 5357 3450 5431 περιφερομένους.

1873 5426 2069 5510 Statim
2113 5426 2458 5510 mssgnostr-i‘
2500 5428 2744 5510 plerique
2774 5443 2970 5510 omnes
3006 5426 3125 5483 cum
3169 5426 3324 5510 βσςι.
3364 5426 3456 5482 εὖ.

1871 5500 2002 5571 ηχὸν
2039 5519 2180 5555 τινα.
2218 5502 2393 5555 Editio
2423 5500 2593 5556 Paris.
2626 5497 2819 5571 ἐνηχόν
2851 5515 2996 5571 τινα,
3038 5497 3452 5571 nundita'recte.

1944 5571 2058 5639 (95)
2092 5571 2181 5624 Sic
2237 5573 2403 5626 codex
2455 5568 2859 5625 Combel‘JCum
2915 5570 3038 5624 aliis
3095 5568 3267 5624 tribus
3316 5585 3453 5625 mss.

1871 5641 2015 5695 Editi
2052 5651 2106 5695 et
2129 5642 2276 5697 Colb.
2326 5643 2529 5710 primus
2566 5640 3021 5711 ὑποστρέψωμεν.
3052 5639 3183 5709 Reg.
3231 5641 3459 5711 quintus

1873 5712 2286 5782 ὑποστέφωμεν.
2319 5708 2612 5778 Aliquanto
2642 5708 2759 5780 post
2786 5708 2942 5782 Colit.
2964 5708 3185 5782 Aprilnns
3221 5708 3456 5782 παραδί-

1871 5779 2291 5839 δοσθαιζδιὸιὶω
2325 5784 2494 5840 codex
2521 5779 2668 5839 idem
2700 5781 2930 5836 ἐνταῦθα
2959 5780 3012 5834 δὲ
3044 5779 3456 5854 ἐπεργαστικώ-

1873 5870 2050 5924 τερον.
