  <div class='ocr_page' id='page_1' title='image "/cluster/home/n/w/nwhite01/storage/ocr_20150623/29/pst.000005712274/434.png"; bbox 0 0 4060 6316; ppageno 0'>
   <div class='ocr_carea' id='block_1_1' title="bbox 87 354 1659 424">
    <p class='ocr_par' dir='ltr' id='par_1_1' title="bbox 87 356 1659 424">
     <span class='ocr_line' id='line_1_1' title="bbox 87 356 1659 424; baseline -0.01 0"><span class='ocrx_word' id='word_1_1' title='bbox 87 373 144 424; x_wconf 70' lang='grc' dir='ltr'><strong>ω</strong></span> <span class='ocrx_word' id='word_1_2' title='bbox 1211 360 1496 414; x_wconf 62' lang='lat' dir='ltr'><strong>llOfillLlA</strong></span> <span class='ocrx_word' id='word_1_3' title='bbox 1537 357 1602 410; x_wconf 91' lang='grc'><strong>111</strong></span> <span class='ocrx_word' id='word_1_4' title='bbox 1645 356 1659 409; x_wconf 98' lang='grc' dir='ltr'><strong>Ι</strong></span> 
     </span>
    </p>
   </div>
   <div class='ocr_carea' id='block_1_2' title="bbox 1765 354 3327 424">
    <p class='ocr_par' dir='ltr' id='par_1_2' title="bbox 1765 355 3327 412">
     <span class='ocr_line' id='line_1_2' title="bbox 1765 355 3327 412; baseline 0.003 -4"><span class='ocrx_word' id='word_1_5' title='bbox 1765 355 2252 410; x_wconf 66' lang='grc' dir='ltr'><strong>[ΙΕΧΑΕΜΕΠΟΝ.</strong></span> <span class='ocrx_word' id='word_1_6' title='bbox 3258 358 3327 412; x_wconf 63' lang='lat'><strong>6%</strong></span> 
     </span>
    </p>
   </div>
   <div class='ocr_carea' id='block_1_3' title="bbox 91 473 1659 555">
    <p class='ocr_par' dir='ltr' id='par_1_3' title="bbox 91 473 1658 555">
     <span class='ocr_line' id='line_1_3' title="bbox 91 473 1658 555; baseline -0.008 -19"><span class='ocrx_word' id='word_1_7' title='bbox 91 485 219 555; x_wconf 67' lang='grc' dir='ltr'>πρὸς</span> <span class='ocrx_word' id='word_1_8' title='bbox 246 485 358 543; x_wconf 84' lang='grc' dir='ltr'>τοῖς</span> <span class='ocrx_word' id='word_1_9' title='bbox 381 481 710 550; x_wconf 78' lang='grc' dir='ltr'>διαστήμασι</span> <span class='ocrx_word' id='word_1_10' title='bbox 737 496 828 531; x_wconf 85' lang='grc' dir='ltr'><strong>και</strong></span> <span class='ocrx_word' id='word_1_11' title='bbox 856 478 951 547; x_wconf 76' lang='grc' dir='ltr'>τὴν</span> <span class='ocrx_word' id='word_1_12' title='bbox 977 477 1295 529; x_wconf 74' lang='grc' dir='ltr'>ἀντιτυπίαν</span> <span class='ocrx_word' id='word_1_13' title='bbox 1323 476 1452 545; x_wconf 80' lang='grc' dir='ltr'>ἔχει.</span> <span class='ocrx_word' id='word_1_14' title='bbox 1489 474 1562 544; x_wconf 84' lang='grc' dir='ltr'><strong>Τῇ</strong></span> <span class='ocrx_word' id='word_1_15' title='bbox 1604 473 1658 525; x_wconf 82' lang='grc' dir='ltr'>δὲ</span> 
     </span>
    </p>
   </div>
   <div class='ocr_carea' id='block_1_4' title="bbox 1765 473 3327 555">
    <p class='ocr_par' dir='ltr' id='par_1_4' title="bbox 1769 473 3327 542">
     <span class='ocr_line' id='line_1_4' title="bbox 1769 473 3327 542; baseline 0.003 -16"><span class='ocrx_word' id='word_1_16' title='bbox 1769 473 2162 537; x_wconf 88' lang='lat' dir='ltr'><strong>mensionibus,</strong></span> <span class='ocrx_word' id='word_1_17' title='bbox 2199 473 2249 525; x_wconf 92' lang='lat' dir='ltr'><strong>in</strong></span> <span class='ocrx_word' id='word_1_18' title='bbox 2277 473 2578 537; x_wconf 86' lang='lat' dir='ltr'><strong>latitudine,</strong></span> <span class='ocrx_word' id='word_1_19' title='bbox 2611 474 2850 542; x_wconf 87' lang='lat' dir='ltr'><strong>inquam,</strong></span> <span class='ocrx_word' id='word_1_20' title='bbox 2879 489 2940 527; x_wconf 90' lang='lat' dir='ltr'><strong>ac</strong></span> <span class='ocrx_word' id='word_1_21' title='bbox 2964 474 3327 542; x_wconf 82' lang='lat' dir='ltr'><strong>prolnntlitate</strong></span> 
     </span>
    </p>
   </div>
   <div class='ocr_carea' id='block_1_5' title="bbox 90 567 1654 647">
    <p class='ocr_par' dir='ltr' id='par_1_5' title="bbox 90 567 1654 647">
     <span class='ocr_line' id='line_1_5' title="bbox 90 567 1654 647; baseline -0.002 -28"><span class='ocrx_word' id='word_1_22' title='bbox 90 578 271 647; x_wconf 51' lang='grc' dir='ltr'>Γραφῇ</span> <span class='ocrx_word' id='word_1_23' title='bbox 309 572 535 642; x_wconf 81' lang='grc' dir='ltr'>σύνηθες</span> <span class='ocrx_word' id='word_1_24' title='bbox 568 571 630 622; x_wconf 85' lang='grc' dir='ltr'>τὸ</span> <span class='ocrx_word' id='word_1_25' title='bbox 665 569 918 640; x_wconf 83' lang='grc' dir='ltr'>κραταιὸν</span> <span class='ocrx_word' id='word_1_26' title='bbox 956 569 1047 620; x_wconf 72' lang='grc' dir='ltr'><strong>καὶ</strong></span> <span class='ocrx_word' id='word_1_27' title='bbox 1073 567 1346 619; x_wconf 81' lang='grc' dir='ltr'>ἀνένδοτον</span> <span class='ocrx_word' id='word_1_28' title='bbox 1377 567 1654 637; x_wconf 75' lang='grc' dir='ltr'><strong>στερέωμα</strong></span> 
     </span>
    </p>
   </div>
   <div class='ocr_carea' id='block_1_6' title="bbox 89 656 1656 732">
    <p class='ocr_par' dir='ltr' id='par_1_6' title="bbox 89 656 1656 732">
     <span class='ocr_line' id='line_1_6' title="bbox 89 656 1656 732; baseline -0.007 -13"><span class='ocrx_word' id='word_1_29' title='bbox 89 667 281 732; x_wconf 82' lang='grc' dir='ltr'>λέγειν,</span> <span class='ocrx_word' id='word_1_30' title='bbox 307 663 384 724; x_wconf 84' lang='grc' dir='ltr'>ὠς</span> <span class='ocrx_word' id='word_1_31' title='bbox 406 661 497 716; x_wconf 73' lang='grc' dir='ltr'><strong>καὶ</strong></span> <span class='ocrx_word' id='word_1_32' title='bbox 528 661 618 713; x_wconf 71' lang='grc' dir='ltr'><strong>ἐπὶ</strong></span> <span class='ocrx_word' id='word_1_33' title='bbox 656 659 816 729; x_wconf 81' lang='grc' dir='ltr'><strong>ἀέρος</strong></span> <span class='ocrx_word' id='word_1_34' title='bbox 849 657 1109 720; x_wconf 74' lang='grc' dir='ltr'><strong>πολλάκις</strong></span> <span class='ocrx_word' id='word_1_35' title='bbox 1142 656 1656 718; x_wconf 76' lang='grc' dir='ltr'>καταπυκνωθέντος</span> 
     </span>
    </p>
   </div>
   <div class='ocr_carea' id='block_1_7' title="bbox 87 748 1656 828">
    <p class='ocr_par' dir='ltr' id='par_1_7' title="bbox 87 748 1656 828">
     <span class='ocr_line' id='line_1_7' title="bbox 87 748 1656 828; baseline -0.008 -17"><span class='ocrx_word' id='word_1_36' title='bbox 87 761 150 828; x_wconf 79' lang='grc' dir='ltr'>τῇ</span> <span class='ocrx_word' id='word_1_37' title='bbox 185 757 336 824; x_wconf 82' lang='grc' dir='ltr'>φωνῇ</span> <span class='ocrx_word' id='word_1_38' title='bbox 377 753 545 824; x_wconf 86' lang='grc' dir='ltr'>ταύτῃ</span> <span class='ocrx_word' id='word_1_39' title='bbox 590 751 918 821; x_wconf 59' lang='grc' dir='ltr'>κεχρῆσθαυ</span> <span class='ocrx_word' id='word_1_40' title='bbox 957 751 1031 813; x_wconf 78' lang='grc' dir='ltr'>ὡς</span> <span class='ocrx_word' id='word_1_41' title='bbox 1064 751 1190 802; x_wconf 84' lang='grc' dir='ltr'>ὅταν</span> <span class='ocrx_word' id='word_1_42' title='bbox 1218 748 1345 820; x_wconf 85' lang='grc' dir='ltr'>λέγῃ</span> <span class='ocrx_word' id='word_1_43' title='bbox 1367 765 1379 777; x_wconf 91' lang='grc'><strong>·</strong></span> <span class='ocrx_word' id='word_1_44' title='bbox 1428 748 1487 800; x_wconf 84' lang='lat' dir='ltr'><strong>&#39;U</strong></span> <span class='ocrx_word' id='word_1_45' title='bbox 1520 764 1656 800; x_wconf 81' lang='grc' dir='ltr'>στε-</span> 
     </span>
    </p>
   </div>
   <div class='ocr_carea' id='block_1_8' title="bbox 86 837 1656 916">
    <p class='ocr_par' dir='ltr' id='par_1_8' title="bbox 86 837 1656 916">
     <span class='ocr_line' id='line_1_8' title="bbox 86 837 1656 916; baseline -0.007 -18"><span class='ocrx_word' id='word_1_46' title='bbox 86 847 233 916; x_wconf 60' lang='grc' dir='ltr'>ρεῶν</span> <span class='ocrx_word' id='word_1_47' title='bbox 257 843 548 914; x_wconf 72' lang='grc' dir='ltr'><strong>βροντήν.</strong></span> <span class='ocrx_word' id='word_1_48' title='bbox 584 841 691 911; x_wconf 79' lang='grc' dir='ltr'>Τὴν</span> <span class='ocrx_word' id='word_1_49' title='bbox 723 841 830 910; x_wconf 79' lang='grc' dir='ltr'><strong>γὰρ</strong></span> <span class='ocrx_word' id='word_1_50' title='bbox 866 840 1192 912; x_wconf 76' lang='grc' dir='ltr'>στερρότητα</span> <span class='ocrx_word' id='word_1_51' title='bbox 1223 839 1315 891; x_wconf 72' lang='grc' dir='ltr'><strong>καὶ</strong></span> <span class='ocrx_word' id='word_1_52' title='bbox 1341 837 1656 890; x_wconf 79' lang='grc' dir='ltr'><strong>ἀντιτυπίαν</strong></span> 
     </span>
    </p>
   </div>
   <div class='ocr_carea' id='block_1_9' title="bbox 91 929 1658 1008">
    <p class='ocr_par' dir='ltr' id='par_1_9' title="bbox 91 929 1658 1008">
     <span class='ocr_line' id='line_1_9' title="bbox 91 929 1658 1008; baseline -0.009 -14"><span class='ocrx_word' id='word_1_53' title='bbox 91 941 178 994; x_wconf 72' lang='grc' dir='ltr'>τοῦ</span> <span class='ocrx_word' id='word_1_54' title='bbox 220 939 529 1008; x_wconf 86' lang='grc' dir='ltr'>πνεύματος</span> <span class='ocrx_word' id='word_1_55' title='bbox 567 934 658 987; x_wconf 75' lang='grc' dir='ltr'>τοῦ</span> <span class='ocrx_word' id='word_1_56' title='bbox 709 929 1280 1002; x_wconf 82' lang='grc' dir='ltr'>ἐναπολαμόανομένου</span> <span class='ocrx_word' id='word_1_57' title='bbox 1323 933 1440 992; x_wconf 83' lang='grc' dir='ltr'>ταῖς</span> <span class='ocrx_word' id='word_1_58' title='bbox 1489 929 1658 981; x_wconf 79' lang='grc' dir='ltr'>κοιλό-</span> 
     </span>
    </p>
   </div>
   <div class='ocr_carea' id='block_1_10' title="bbox 90 1013 1658 1102">
    <p class='ocr_par' dir='ltr' id='par_1_10' title="bbox 90 1013 1658 1102">
     <span class='ocr_line' id='line_1_10' title="bbox 90 1013 1658 1102; baseline -0.008 -17"><span class='ocrx_word' id='word_1_59' title='bbox 90 1051 206 1102; x_wconf 83' lang='grc' dir='ltr'>τησι</span> <span class='ocrx_word' id='word_1_60' title='bbox 236 1013 347 1083; x_wconf 78' lang='grc' dir='ltr'>τῶν</span> <span class='ocrx_word' id='word_1_61' title='bbox 373 1028 549 1097; x_wconf 79' lang='grc' dir='ltr'>νεφῶν</span> <span class='ocrx_word' id='word_1_62' title='bbox 581 1031 678 1096; x_wconf 77' lang='grc'>(2),</span> <span class='ocrx_word' id='word_1_63' title='bbox 720 1028 814 1079; x_wconf 70' lang='grc' dir='ltr'><strong>καὶ</strong></span> <span class='ocrx_word' id='word_1_64' title='bbox 853 1026 937 1078; x_wconf 74' lang='grc' dir='ltr'>διὰ</span> <span class='ocrx_word' id='word_1_65' title='bbox 973 1025 1032 1077; x_wconf 79' lang='grc' dir='ltr'><strong>τὸ</strong></span> <span class='ocrx_word' id='word_1_66' title='bbox 1070 1024 1257 1094; x_wconf 86' lang='grc' dir='ltr'>βιαίως</span> <span class='ocrx_word' id='word_1_67' title='bbox 1296 1023 1658 1093; x_wconf 87' lang='grc' dir='ltr'>ἐκρήγνυσθαι</span> 
     </span>
    </p>
   </div>
   <div class='ocr_carea' id='block_1_11' title="bbox 93 1113 1660 1190">
    <p class='ocr_par' dir='ltr' id='par_1_11' title="bbox 93 1113 1660 1190">
     <span class='ocr_line' id='line_1_11' title="bbox 93 1113 1660 1190; baseline -0.006 -16"><span class='ocrx_word' id='word_1_68' title='bbox 93 1125 209 1185; x_wconf 67' lang='grc' dir='ltr'>τοὺς</span> <span class='ocrx_word' id='word_1_69' title='bbox 233 1120 378 1174; x_wconf 77' lang='grc' dir='ltr'>κατὰ</span> <span class='ocrx_word' id='word_1_70' title='bbox 395 1120 494 1182; x_wconf 80' lang='grc' dir='ltr'>τὰς</span> <span class='ocrx_word' id='word_1_71' title='bbox 519 1118 745 1190; x_wconf 73' lang='grc' dir='ltr'>βροντάς</span> <span class='ocrx_word' id='word_1_72' title='bbox 773 1116 1155 1178; x_wconf 79' lang='grc' dir='ltr'>άποτελοῦντος</span> <span class='ocrx_word' id='word_1_73' title='bbox 1180 1115 1402 1184; x_wconf 66' lang='grc' dir='ltr'>ψόφους,</span> <span class='ocrx_word' id='word_1_74' title='bbox 1433 1113 1660 1184; x_wconf 58' lang='grc' dir='ltr'>στερέω-</span> 
     </span>
    </p>
   </div>
   <div class='ocr_carea' id='block_1_12' title="bbox 95 1205 1658 1283">
    <p class='ocr_par' dir='ltr' id='par_1_12' title="bbox 95 1205 1658 1283">
     <span class='ocr_line' id='line_1_12' title="bbox 95 1205 1658 1283; baseline -0.005 -17"><span class='ocrx_word' id='word_1_75' title='bbox 95 1233 170 1267; x_wconf 88' lang='grc' dir='ltr'><strong>σιν</strong></span> <span class='ocrx_word' id='word_1_76' title='bbox 198 1213 429 1283; x_wconf 73' lang='grc' dir='ltr'>βροντῆς</span> <span class='ocrx_word' id='word_1_77' title='bbox 462 1213 494 1281; x_wconf 85' lang='grc' dir='ltr'>ἡ</span> <span class='ocrx_word' id='word_1_78' title='bbox 528 1211 716 1282; x_wconf 75' lang='grc' dir='ltr'>Γραφὴ</span> <span class='ocrx_word' id='word_1_79' title='bbox 753 1208 1178 1279; x_wconf 81' lang='grc' dir='ltr'>προσηγόρευσε.</span> <span class='ocrx_word' id='word_1_80' title='bbox 1219 1209 1327 1261; x_wconf 80' lang='grc' dir='ltr'><strong>Καὶ</strong></span> <span class='ocrx_word' id='word_1_81' title='bbox 1364 1205 1456 1259; x_wconf 78' lang='grc' dir='ltr'><strong>νῦν</strong></span> <span class='ocrx_word' id='word_1_82' title='bbox 1486 1206 1658 1258; x_wconf 82' lang='grc' dir='ltr'>τοίνυν</span> 
     </span>
    </p>
   </div>
   <div class='ocr_carea' id='block_1_13' title="bbox 94 1295 1657 1375">
    <p class='ocr_par' dir='ltr' id='par_1_13' title="bbox 94 1295 1657 1375">
     <span class='ocr_line' id='line_1_13' title="bbox 94 1295 1657 1375; baseline -0.004 -19"><span class='ocrx_word' id='word_1_83' title='bbox 94 1304 365 1375; x_wconf 76' lang='grc' dir='ltr'><strong>ἡγούμεθα</strong></span> <span class='ocrx_word' id='word_1_84' title='bbox 417 1302 508 1354; x_wconf 85' lang='grc' dir='ltr'><strong>ἐπί</strong></span> <span class='ocrx_word' id='word_1_85' title='bbox 558 1317 699 1362; x_wconf 86' lang='grc' dir='ltr'>τινος</span> <span class='ocrx_word' id='word_1_86' title='bbox 748 1301 977 1369; x_wconf 73' lang='grc' dir='ltr'>στερρᾶς</span> <span class='ocrx_word' id='word_1_87' title='bbox 1025 1299 1236 1368; x_wconf 82' lang='grc' dir='ltr'>φύσεως</span> <span class='ocrx_word' id='word_1_88' title='bbox 1291 1299 1498 1366; x_wconf 80' lang='grc' dir='ltr'>στέγειν</span> <span class='ocrx_word' id='word_1_89' title='bbox 1564 1295 1657 1349; x_wconf 78' lang='grc' dir='ltr'>τοῦ</span> 
     </span>
    </p>
   </div>
   <div class='ocr_carea' id='block_1_14' title="bbox 94 1388 1655 1462">
    <p class='ocr_par' dir='ltr' id='par_1_14' title="bbox 94 1388 1655 1462">
     <span class='ocr_line' id='line_1_14' title="bbox 94 1388 1655 1462; baseline -0.006 -14"><span class='ocrx_word' id='word_1_90' title='bbox 94 1398 272 1459; x_wconf 68' lang='grc' dir='ltr'>ὓδατος</span> <span class='ocrx_word' id='word_1_91' title='bbox 306 1395 368 1447; x_wconf 78' lang='grc' dir='ltr'>τὸ</span> <span class='ocrx_word' id='word_1_92' title='bbox 405 1391 682 1462; x_wconf 77' lang='grc' dir='ltr'><strong>ὀλισθηρὸν</strong></span> <span class='ocrx_word' id='word_1_93' title='bbox 729 1391 822 1443; x_wconf 74' lang='grc' dir='ltr'><strong>καὶ</strong></span> <span class='ocrx_word' id='word_1_94' title='bbox 847 1390 1154 1444; x_wconf 78' lang='grc' dir='ltr'>εὐδιάλυτον</span> <span class='ocrx_word' id='word_1_95' title='bbox 1191 1390 1261 1458; x_wconf 81' lang='grc'><strong>(5)</strong></span> <span class='ocrx_word' id='word_1_96' title='bbox 1302 1388 1655 1459; x_wconf 82' lang='grc' dir='ltr'>ἐξαρκούσης,</span> 
     </span>
    </p>
   </div>
   <div class='ocr_carea' id='block_1_15' title="bbox 93 1479 1659 1558">
    <p class='ocr_par' dir='ltr' id='par_1_15' title="bbox 93 1479 1659 1558">
     <span class='ocr_line' id='line_1_15' title="bbox 93 1479 1659 1558; baseline -0.002 -24"><span class='ocrx_word' id='word_1_97' title='bbox 93 1491 179 1558; x_wconf 68' lang='grc' dir='ltr'><strong>τὴν</strong></span> <span class='ocrx_word' id='word_1_98' title='bbox 209 1487 394 1556; x_wconf 76' lang='grc' dir='ltr'>φωνὴν</span> <span class='ocrx_word' id='word_1_99' title='bbox 442 1483 639 1551; x_wconf 86' lang='grc' dir='ltr'>ταύτην</span> <span class='ocrx_word' id='word_1_100' title='bbox 683 1481 956 1552; x_wconf 80' lang='grc' dir='ltr'>τετάχθαι.</span> <span class='ocrx_word' id='word_1_101' title='bbox 1010 1482 1119 1534; x_wconf 75' lang='grc' dir='ltr'>Καὶ</span> <span class='ocrx_word' id='word_1_102' title='bbox 1139 1481 1198 1532; x_wconf 86' lang='grc' dir='ltr'><strong>οὐ</strong></span> <span class='ocrx_word' id='word_1_103' title='bbox 1249 1481 1446 1548; x_wconf 84' lang='grc' dir='ltr'><strong>δήπου,</strong></span> <span class='ocrx_word' id='word_1_104' title='bbox 1477 1479 1659 1550; x_wconf 82' lang='grc' dir='ltr'>ἐπειδὴ</span> 
     </span>
    </p>
   </div>
   <div class='ocr_carea' id='block_1_16' title="bbox 93 1572 1662 1646">
    <p class='ocr_par' dir='ltr' id='par_1_16' title="bbox 93 1572 1662 1646">
     <span class='ocr_line' id='line_1_16' title="bbox 93 1572 1662 1646; baseline -0.006 -16"><span class='ocrx_word' id='word_1_105' title='bbox 93 1579 226 1633; x_wconf 74' lang='grc' dir='ltr'>κατὰ</span> <span class='ocrx_word' id='word_1_106' title='bbox 252 1579 352 1646; x_wconf 81' lang='grc' dir='ltr'><strong>τὴν</strong></span> <span class='ocrx_word' id='word_1_107' title='bbox 387 1574 568 1646; x_wconf 83' lang='grc' dir='ltr'>κοινὴν</span> <span class='ocrx_word' id='word_1_108' title='bbox 599 1574 823 1645; x_wconf 78' lang='grc' dir='ltr'>ἐκδοχὴν</span> <span class='ocrx_word' id='word_1_109' title='bbox 846 1575 909 1626; x_wconf 91' lang='grc' dir='ltr'><strong>ἐκ</strong></span> <span class='ocrx_word' id='word_1_110' title='bbox 938 1573 1031 1625; x_wconf 75' lang='grc' dir='ltr'>τοῦ</span> <span class='ocrx_word' id='word_1_111' title='bbox 1057 1572 1244 1636; x_wconf 75' lang='grc' dir='ltr'>ὕδατος</span> <span class='ocrx_word' id='word_1_112' title='bbox 1266 1574 1410 1625; x_wconf 81' lang='grc' dir='ltr'>δοκεῖ</span> <span class='ocrx_word' id='word_1_113' title='bbox 1441 1574 1538 1644; x_wconf 77' lang='grc' dir='ltr'>τὴν</span> 
     </span>
    </p>
   </div>
   <div class='ocr_carea' id='block_1_17' title="bbox 95 1661 1659 1738">
    <p class='ocr_par' dir='ltr' id='par_1_17' title="bbox 95 1661 1659 1738">
     <span class='ocr_line' id='line_1_17' title="bbox 95 1661 1659 1738; baseline -0.005 -14"><span class='ocrx_word' id='word_1_114' title='bbox 95 1690 228 1725; x_wconf 86' lang='grc' dir='ltr'>νεσιν</span> <span class='ocrx_word' id='word_1_115' title='bbox 274 1669 586 1738; x_wconf 83' lang='grc' dir='ltr'>ἐσχηκέναι,</span> <span class='ocrx_word' id='word_1_116' title='bbox 627 1667 659 1737; x_wconf 85' lang='grc' dir='ltr'>ἢ</span> <span class='ocrx_word' id='word_1_117' title='bbox 709 1667 859 1719; x_wconf 75' lang='grc' dir='ltr'>ὕδατι</span> <span class='ocrx_word' id='word_1_118' title='bbox 913 1665 1181 1736; x_wconf 83' lang='grc' dir='ltr'>πεπηγότι</span> <span class='ocrx_word' id='word_1_119' title='bbox 1228 1665 1465 1735; x_wconf 82' lang='grc' dir='ltr'>ἐμφερὲς</span> <span class='ocrx_word' id='word_1_120' title='bbox 1524 1661 1659 1717; x_wconf 78' lang='grc' dir='ltr'>εἶναι</span> 
     </span>
    </p>
   </div>
   <div class='ocr_carea' id='block_1_18' title="bbox 96 1755 1656 1833">
    <p class='ocr_par' dir='ltr' id='par_1_18' title="bbox 96 1755 1656 1833">
     <span class='ocr_line' id='line_1_18' title="bbox 96 1755 1656 1833; baseline -0.005 -18"><span class='ocrx_word' id='word_1_121' title='bbox 96 1762 349 1833; x_wconf 79' lang='grc' dir='ltr'>προσήκει</span> <span class='ocrx_word' id='word_1_122' title='bbox 398 1759 657 1830; x_wconf 77' lang='grc' dir='ltr'>νομίζειν,</span> <span class='ocrx_word' id='word_1_123' title='bbox 705 1759 738 1828; x_wconf 75' lang='grc' dir='ltr'>ἦ</span> <span class='ocrx_word' id='word_1_124' title='bbox 775 1774 880 1809; x_wconf 89' lang='grc' dir='ltr'>τινι</span> <span class='ocrx_word' id='word_1_125' title='bbox 917 1755 1142 1828; x_wconf 87' lang='grc' dir='ltr'>τοιαύτῃ</span> <span class='ocrx_word' id='word_1_126' title='bbox 1185 1756 1282 1827; x_wconf 78' lang='grc' dir='ltr'>ὐλῃ</span> <span class='ocrx_word' id='word_1_127' title='bbox 1331 1757 1394 1807; x_wconf 86' lang='grc' dir='ltr'><strong>ἐκ</strong></span> <span class='ocrx_word' id='word_1_128' title='bbox 1438 1756 1534 1825; x_wconf 85' lang='grc' dir='ltr'>τῆς</span> <span class='ocrx_word' id='word_1_129' title='bbox 1565 1755 1656 1807; x_wconf 80' lang='grc' dir='ltr'>τοῦ</span> 
     </span>
    </p>
   </div>
   <div class='ocr_carea' id='block_1_19' title="bbox 99 1848 1658 1925">
    <p class='ocr_par' dir='ltr' id='par_1_19' title="bbox 99 1848 1658 1925">
     <span class='ocr_line' id='line_1_19' title="bbox 99 1848 1658 1925; baseline -0.005 -18"><span class='ocrx_word' id='word_1_130' title='bbox 99 1853 250 1925; x_wconf 79' lang='grc' dir='ltr'>ὑγροῦ</span> <span class='ocrx_word' id='word_1_131' title='bbox 278 1852 580 1924; x_wconf 79' lang='grc' dir='ltr'>διηθήσεως</span> <span class='ocrx_word' id='word_1_132' title='bbox 605 1852 702 1922; x_wconf 86' lang='grc' dir='ltr'>τὴν</span> <span class='ocrx_word' id='word_1_133' title='bbox 732 1852 902 1919; x_wconf 79' lang='grc' dir='ltr'>ἀρχὴν</span> <span class='ocrx_word' id='word_1_134' title='bbox 929 1848 1303 1918; x_wconf 78' lang='grc' dir='ltr'>λαμϐανούσῃ,</span> <span class='ocrx_word' id='word_1_135' title='bbox 1334 1848 1490 1900; x_wconf 81' lang='grc' dir='ltr'>ὁποία</span> <span class='ocrx_word' id='word_1_136' title='bbox 1512 1848 1658 1900; x_wconf 74' lang='grc' dir='ltr'>ἐστὶν</span> 
     </span>
    </p>
   </div>
   <div class='ocr_carea' id='block_1_20' title="bbox 96 1939 1661 2016">
    <p class='ocr_par' dir='ltr' id='par_1_20' title="bbox 96 1939 1661 2016">
     <span class='ocr_line' id='line_1_20' title="bbox 96 1939 1661 2016; baseline -0.003 -16"><span class='ocrx_word' id='word_1_137' title='bbox 96 1949 209 2016; x_wconf 82' lang='grc' dir='ltr'>ἦτε</span> <span class='ocrx_word' id='word_1_138' title='bbox 253 1947 347 2000; x_wconf 73' lang='grc' dir='ltr'>τοῦ</span> <span class='ocrx_word' id='word_1_139' title='bbox 404 1944 736 2016; x_wconf 72' lang='grc' dir='ltr'>κρυστάλλου</span> <span class='ocrx_word' id='word_1_140' title='bbox 781 1941 967 2005; x_wconf 80' lang='grc' dir='ltr'>λίθου,</span> <span class='ocrx_word' id='word_1_141' title='bbox 998 1941 1058 1994; x_wconf 82' lang='grc' dir='ltr'><strong>ὃν</strong></span> <span class='ocrx_word' id='word_1_142' title='bbox 1108 1939 1172 1993; x_wconf 86' lang='grc' dir='ltr'>δι’</span> <span class='ocrx_word' id='word_1_143' title='bbox 1220 1940 1661 2010; x_wconf 79' lang='grc' dir='ltr'>ὑπερϐάλλουσαν</span> 
     </span>
    </p>
   </div>
   <div class='ocr_carea' id='block_1_21' title="bbox 98 2030 1664 2106">
    <p class='ocr_par' dir='ltr' id='par_1_21' title="bbox 98 2030 1664 2106">
     <span class='ocr_line' id='line_1_21' title="bbox 98 2030 1664 2106; baseline -0.004 -14"><span class='ocrx_word' id='word_1_144' title='bbox 98 2040 179 2092; x_wconf 73' lang='grc' dir='ltr'>τοῦ</span> <span class='ocrx_word' id='word_1_145' title='bbox 212 2039 403 2102; x_wconf 83' lang='grc' dir='ltr'>ὓδατος</span> <span class='ocrx_word' id='word_1_146' title='bbox 434 2037 594 2106; x_wconf 78' lang='grc' dir='ltr'>πῆξιν</span> <span class='ocrx_word' id='word_1_147' title='bbox 631 2030 1038 2105; x_wconf 86' lang='grc' dir='ltr'>μεταποιεῖσθαί</span> <span class='ocrx_word' id='word_1_148' title='bbox 1067 2048 1252 2100; x_wconf 77' lang='grc' dir='ltr'>φασιν,</span> <span class='ocrx_word' id='word_1_149' title='bbox 1281 2033 1313 2102; x_wconf 80' lang='grc' dir='ltr'>ἢ</span> <span class='ocrx_word' id='word_1_150' title='bbox 1343 2034 1374 2103; x_wconf 83' lang='grc' dir='ltr'><strong>ή</strong></span> <span class='ocrx_word' id='word_1_151' title='bbox 1412 2032 1506 2086; x_wconf 80' lang='grc' dir='ltr'>τοῦ</span> <span class='ocrx_word' id='word_1_152' title='bbox 1535 2033 1664 2086; x_wconf 82' lang='grc' dir='ltr'>σπέ-</span> 
     </span>
    </p>
   </div>
   <div class='ocr_carea' id='block_1_22' title="bbox 97 2124 1662 2200">
    <p class='ocr_par' dir='ltr' id='par_1_22' title="bbox 97 2124 1662 2200">
     <span class='ocr_line' id='line_1_22' title="bbox 97 2124 1662 2200; baseline -0.006 -15"><span class='ocrx_word' id='word_1_153' title='bbox 97 2133 212 2185; x_wconf 76' lang='grc' dir='ltr'>κλου</span> <span class='ocrx_word' id='word_1_154' title='bbox 237 2132 398 2199; x_wconf 76' lang='grc' dir='ltr'>φύσις</span> <span class='ocrx_word' id='word_1_155' title='bbox 433 2130 506 2200; x_wconf 69' lang='grc'>(4)</span> <span class='ocrx_word' id='word_1_156' title='bbox 553 2130 609 2180; x_wconf 83' lang='grc' dir='ltr'>ἐν</span> <span class='ocrx_word' id='word_1_157' title='bbox 661 2124 942 2196; x_wconf 82' lang='grc' dir='ltr'>μετάλλοις</span> <span class='ocrx_word' id='word_1_158' title='bbox 970 2124 1356 2194; x_wconf 82' lang='grc' dir='ltr'>συνισταμένη.</span> <span class='ocrx_word' id='word_1_159' title='bbox 1398 2124 1557 2186; x_wconf 90' lang='grc' dir='ltr'>Λίθος</span> <span class='ocrx_word' id='word_1_160' title='bbox 1605 2124 1662 2176; x_wconf 84' lang='grc' dir='ltr'><strong>δέ</strong></span> 
     </span>
    </p>
   </div>
   <div class='ocr_carea' id='block_1_23' title="bbox 95 2214 1662 2291">
    <p class='ocr_par' dir='ltr' id='par_1_23' title="bbox 95 2214 1662 2291">
     <span class='ocr_line' id='line_1_23' title="bbox 95 2214 1662 2291; baseline -0.006 -13"><span class='ocrx_word' id='word_1_161' title='bbox 95 2226 200 2278; x_wconf 73' lang='grc' dir='ltr'>ἐστι</span> <span class='ocrx_word' id='word_1_162' title='bbox 225 2222 480 2291; x_wconf 83' lang='grc' dir='ltr'>διαυγὴς,</span> <span class='ocrx_word' id='word_1_163' title='bbox 515 2218 818 2282; x_wconf 72' lang='grc' dir='ltr'>ἰδιάζουσαν</span> <span class='ocrx_word' id='word_1_164' title='bbox 848 2218 938 2270; x_wconf 72' lang='grc' dir='ltr'><strong>καὶ</strong></span> <span class='ocrx_word' id='word_1_165' title='bbox 982 2215 1376 2287; x_wconf 74' lang='grc' dir='ltr'>καθαρωτάτην</span> <span class='ocrx_word' id='word_1_166' title='bbox 1417 2214 1514 2286; x_wconf 85' lang='grc' dir='ltr'>τὴν</span> <span class='ocrx_word' id='word_1_167' title='bbox 1544 2215 1662 2268; x_wconf 88' lang='grc' dir='ltr'>δια-</span> 
     </span>
    </p>
   </div>
   <div class='ocr_carea' id='block_1_24' title="bbox 97 2307 1663 2385">
    <p class='ocr_par' dir='ltr' id='par_1_24' title="bbox 97 2307 1663 2385">
     <span class='ocr_line' id='line_1_24' title="bbox 97 2307 1663 2385; baseline -0.007 -15"><span class='ocrx_word' id='word_1_168' title='bbox 97 2318 305 2385; x_wconf 69' lang='grc' dir='ltr'>φάνειαν</span> <span class='ocrx_word' id='word_1_169' title='bbox 333 2311 687 2382; x_wconf 77' lang='grc' dir='ltr'>κεκτημένος,</span> <span class='ocrx_word' id='word_1_170' title='bbox 719 2310 796 2373; x_wconf 88' lang='grc' dir='ltr'>ὃς,</span> <span class='ocrx_word' id='word_1_171' title='bbox 819 2309 918 2362; x_wconf 82' lang='grc' dir='ltr'>ἐὰν</span> <span class='ocrx_word' id='word_1_172' title='bbox 965 2309 1106 2362; x_wconf 75' lang='grc' dir='ltr'>κατὰ</span> <span class='ocrx_word' id='word_1_173' title='bbox 1134 2308 1230 2379; x_wconf 85' lang='grc' dir='ltr'><strong>τὴν</strong></span> <span class='ocrx_word' id='word_1_174' title='bbox 1267 2307 1460 2361; x_wconf 78' lang='grc' dir='ltr'>ἑαυτοῦ</span> <span class='ocrx_word' id='word_1_175' title='bbox 1503 2307 1663 2376; x_wconf 85' lang='grc' dir='ltr'>φύσιν</span> 
     </span>
    </p>
   </div>
   <div class='ocr_carea' id='block_1_25' title="bbox 98 2399 1660 2477">
    <p class='ocr_par' dir='ltr' id='par_1_25' title="bbox 98 2399 1660 2477">
     <span class='ocr_line' id='line_1_25' title="bbox 98 2399 1660 2477; baseline -0.006 -16"><span class='ocrx_word' id='word_1_176' title='bbox 98 2407 315 2477; x_wconf 77' lang='grc' dir='ltr'>ἀκριϐὴς</span> <span class='ocrx_word' id='word_1_177' title='bbox 339 2403 559 2475; x_wconf 80' lang='grc' dir='ltr'>εὑρεθῇ,</span> <span class='ocrx_word' id='word_1_178' title='bbox 599 2404 734 2474; x_wconf 86' lang='grc' dir='ltr'>μήτε</span> <span class='ocrx_word' id='word_1_179' title='bbox 768 2400 1224 2471; x_wconf 86' lang='grc' dir='ltr'>κατεδηδεσμένος</span> <span class='ocrx_word' id='word_1_180' title='bbox 1254 2399 1506 2470; x_wconf 88' lang='grc' dir='ltr'>σηπεδόνι</span> <span class='ocrx_word' id='word_1_181' title='bbox 1535 2400 1660 2462; x_wconf 76' lang='grc' dir='ltr'>τινὶ,</span> 
     </span>
    </p>
   </div>
   <div class='ocr_carea' id='block_1_26' title="bbox 103 2490 1662 2569">
    <p class='ocr_par' dir='ltr' id='par_1_26' title="bbox 103 2490 1662 2569">
     <span class='ocr_line' id='line_1_26' title="bbox 103 2490 1662 2569; baseline -0.004 -19"><span class='ocrx_word' id='word_1_182' title='bbox 103 2501 224 2569; x_wconf 75' lang='grc' dir='ltr'>μήτε</span> <span class='ocrx_word' id='word_1_183' title='bbox 253 2497 312 2549; x_wconf 85' lang='grc' dir='ltr'><strong>τὸ</strong></span> <span class='ocrx_word' id='word_1_184' title='bbox 336 2495 498 2566; x_wconf 81' lang='grc' dir='ltr'>βάθος</span> <span class='ocrx_word' id='word_1_185' title='bbox 527 2493 940 2565; x_wconf 72' lang='grc' dir='ltr'>ὑπερρηγμένος</span> <span class='ocrx_word' id='word_1_186' title='bbox 968 2494 1086 2554; x_wconf 85' lang='grc' dir='ltr'>ταῖς</span> <span class='ocrx_word' id='word_1_187' title='bbox 1118 2491 1399 2559; x_wconf 73' lang='grc' dir='ltr'>διαφύσεσι</span> <span class='ocrx_word' id='word_1_188' title='bbox 1423 2531 1437 2554; x_wconf 98' lang='grc'><strong>,</strong></span> <span class='ocrx_word' id='word_1_189' title='bbox 1465 2490 1662 2562; x_wconf 82' lang='grc' dir='ltr'>μικροῦ</span> 
     </span>
    </p>
   </div>
   <div class='ocr_carea' id='block_1_27' title="bbox 100 2579 1666 2659">
    <p class='ocr_par' dir='ltr' id='par_1_27' title="bbox 100 2579 1666 2659">
     <span class='ocr_line' id='line_1_27' title="bbox 100 2579 1666 2659; baseline -0.003 -18"><span class='ocrx_word' id='word_1_190' title='bbox 100 2590 166 2659; x_wconf 78' lang='grc' dir='ltr'>τῷ</span> <span class='ocrx_word' id='word_1_191' title='bbox 194 2590 309 2658; x_wconf 81' lang='grc' dir='ltr'>ἀέρι</span> <span class='ocrx_word' id='word_1_192' title='bbox 338 2587 436 2659; x_wconf 82' lang='grc' dir='ltr'>τὴν</span> <span class='ocrx_word' id='word_1_193' title='bbox 465 2585 737 2655; x_wconf 87' lang='grc' dir='ltr'>διαύγειαν</span> <span class='ocrx_word' id='word_1_194' title='bbox 780 2585 971 2637; x_wconf 86' lang='grc' dir='ltr'>ἔοικεν.</span> <span class='ocrx_word' id='word_1_195' title='bbox 1001 2583 1188 2636; x_wconf 79' lang='grc' dir='ltr'>Οὐδενὶ</span> <span class='ocrx_word' id='word_1_196' title='bbox 1225 2579 1317 2636; x_wconf 75' lang='grc' dir='ltr'>οὖν</span> <span class='ocrx_word' id='word_1_197' title='bbox 1356 2583 1556 2637; x_wconf 85' lang='grc' dir='ltr'>τούτων</span> <span class='ocrx_word' id='word_1_198' title='bbox 1591 2586 1666 2637; x_wconf 86' lang='grc' dir='ltr'>εί-</span> 
     </span>
    </p>
   </div>
   <div class='ocr_carea' id='block_1_28' title="bbox 102 2675 1663 2751">
    <p class='ocr_par' dir='ltr' id='par_1_28' title="bbox 102 2675 1663 2751">
     <span class='ocr_line' id='line_1_28' title="bbox 102 2675 1663 2751; baseline -0.003 -18"><span class='ocrx_word' id='word_1_199' title='bbox 102 2679 324 2750; x_wconf 76' lang='grc' dir='ltr'>κάζομεν</span> <span class='ocrx_word' id='word_1_200' title='bbox 368 2680 430 2733; x_wconf 80' lang='grc' dir='ltr'>τὸ</span> <span class='ocrx_word' id='word_1_201' title='bbox 480 2679 784 2751; x_wconf 78' lang='grc' dir='ltr'>στερέωμα.</span> <span class='ocrx_word' id='word_1_202' title='bbox 826 2675 1086 2746; x_wconf 81' lang='grc' dir='ltr'>Παιδικῆς</span> <span class='ocrx_word' id='word_1_203' title='bbox 1125 2675 1234 2746; x_wconf 79' lang='grc' dir='ltr'><strong>γάρ</strong></span> <span class='ocrx_word' id='word_1_204' title='bbox 1280 2676 1358 2747; x_wconf 83' lang='grc' dir='ltr'>τῷ</span> <span class='ocrx_word' id='word_1_205' title='bbox 1412 2677 1522 2730; x_wconf 80' lang='grc' dir='ltr'>ὄντι</span> <span class='ocrx_word' id='word_1_206' title='bbox 1572 2678 1663 2728; x_wconf 77' lang='grc' dir='ltr'><strong>καὶ</strong></span> 
     </span>
    </p>
   </div>
   <div class='ocr_carea' id='block_1_29' title="bbox 106 2768 1660 2843">
    <p class='ocr_par' dir='ltr' id='par_1_29' title="bbox 106 2768 1660 2843">
     <span class='ocr_line' id='line_1_29' title="bbox 106 2768 1660 2843; baseline -0.004 -17"><span class='ocrx_word' id='word_1_207' title='bbox 106 2773 264 2843; x_wconf 82' lang='grc' dir='ltr'>ἁπλῆς</span> <span class='ocrx_word' id='word_1_208' title='bbox 295 2772 533 2835; x_wconf 80' lang='grc' dir='ltr'>διανοίας</span> <span class='ocrx_word' id='word_1_209' title='bbox 564 2769 816 2833; x_wconf 85' lang='grc' dir='ltr'>τοιαύτας</span> <span class='ocrx_word' id='word_1_210' title='bbox 838 2768 981 2840; x_wconf 77' lang='grc' dir='ltr'>ἔχειν</span> <span class='ocrx_word' id='word_1_211' title='bbox 1004 2769 1259 2838; x_wconf 72' lang='grc' dir='ltr'>περὶτῶν</span> <span class='ocrx_word' id='word_1_212' title='bbox 1289 2769 1552 2838; x_wconf 81' lang='grc' dir='ltr'>οὐρανίων</span> <span class='ocrx_word' id='word_1_213' title='bbox 1585 2769 1660 2838; x_wconf 77' lang='grc'><strong>(5)</strong></span> 
     </span>
    </p>
   </div>
   <div class='ocr_carea' id='block_1_30' title="bbox 103 2859 1659 2934">
    <p class='ocr_par' dir='ltr' id='par_1_30' title="bbox 103 2859 1659 2934">
     <span class='ocr_line' id='line_1_30' title="bbox 103 2859 1659 2934; baseline -0.004 -15"><span class='ocrx_word' id='word_1_214' title='bbox 103 2867 186 2929; x_wconf 80' lang='grc' dir='ltr'><strong>τὰς</strong></span> <span class='ocrx_word' id='word_1_215' title='bbox 211 2864 524 2934; x_wconf 66' lang='grc' dir='ltr'>ὑπολήψεις.</span> <span class='ocrx_word' id='word_1_216' title='bbox 549 2863 620 2915; x_wconf 85' lang='grc' dir='ltr'>Οὐ</span> <span class='ocrx_word' id='word_1_217' title='bbox 651 2862 756 2932; x_wconf 84' lang='grc' dir='ltr'>μὴν</span> <span class='ocrx_word' id='word_1_218' title='bbox 785 2861 905 2913; x_wconf 76' lang='grc' dir='ltr'>οὐδὲ</span> <span class='ocrx_word' id='word_1_219' title='bbox 935 2862 981 2912; x_wconf 80' lang='grc' dir='ltr'>εἰ</span> <span class='ocrx_word' id='word_1_220' title='bbox 1013 2861 1189 2914; x_wconf 83' lang='grc' dir='ltr'>πάντα</span> <span class='ocrx_word' id='word_1_221' title='bbox 1214 2862 1269 2913; x_wconf 92' lang='grc' dir='ltr'>ἐν</span> <span class='ocrx_word' id='word_1_222' title='bbox 1302 2859 1502 2913; x_wconf 76' lang='grc' dir='ltr'>ἅπασίν</span> <span class='ocrx_word' id='word_1_223' title='bbox 1523 2862 1659 2920; x_wconf 89' lang='grc' dir='ltr'>ἐστι,</span> 
     </span>
    </p>
   </div>
   <div class='ocr_carea' id='block_1_31' title="bbox 105 2954 1664 3029">
    <p class='ocr_par' dir='ltr' id='par_1_31' title="bbox 105 2954 1664 3029">
     <span class='ocr_line' id='line_1_31' title="bbox 105 2954 1664 3029; baseline 0 -20"><span class='ocrx_word' id='word_1_224' title='bbox 105 2958 202 3028; x_wconf 66' lang='grc' dir='ltr'><strong>ττῦρ</strong></span> <span class='ocrx_word' id='word_1_225' title='bbox 231 2960 324 3028; x_wconf 78' lang='grc' dir='ltr'>μὲν</span> <span class='ocrx_word' id='word_1_226' title='bbox 346 2960 402 3010; x_wconf 88' lang='grc' dir='ltr'>ἐν</span> <span class='ocrx_word' id='word_1_227' title='bbox 424 2961 516 3029; x_wconf 80' lang='grc' dir='ltr'><strong>γῇ,</strong></span> <span class='ocrx_word' id='word_1_228' title='bbox 546 2957 652 3028; x_wconf 78' lang='grc' dir='ltr'><strong>ἀὴρ</strong></span> <span class='ocrx_word' id='word_1_229' title='bbox 676 2957 733 3009; x_wconf 80' lang='grc' dir='ltr'><strong>δὲ</strong></span> <span class='ocrx_word' id='word_1_230' title='bbox 760 2958 815 3008; x_wconf 79' lang='grc' dir='ltr'><strong>ὲν</strong></span> <span class='ocrx_word' id='word_1_231' title='bbox 842 2954 1009 3012; x_wconf 80' lang='grc' dir='ltr'>ὕδατι.</span> <span class='ocrx_word' id='word_1_232' title='bbox 1036 2955 1129 3007; x_wconf 75' lang='grc' dir='ltr'><strong>καὶ</strong></span> <span class='ocrx_word' id='word_1_233' title='bbox 1152 2955 1257 3008; x_wconf 84' lang='grc' dir='ltr'><strong>τῶν</strong></span> <span class='ocrx_word' id='word_1_234' title='bbox 1288 2955 1463 3010; x_wconf 82' lang='grc' dir='ltr'>ἄλλων</span> <span class='ocrx_word' id='word_1_235' title='bbox 1486 2955 1664 3009; x_wconf 82' lang='grc' dir='ltr'>ὡσαύ-</span> 
     </span>
    </p>
   </div>
   <div class='ocr_carea' id='block_1_32' title="bbox 105 3045 1666 3122">
    <p class='ocr_par' dir='ltr' id='par_1_32' title="bbox 105 3045 1666 3122">
     <span class='ocr_line' id='line_1_32' title="bbox 105 3045 1666 3122; baseline 0.001 -22"><span class='ocrx_word' id='word_1_236' title='bbox 105 3067 196 3110; x_wconf 87' lang='grc' dir='ltr'><strong>τως</strong></span> <span class='ocrx_word' id='word_1_237' title='bbox 216 3052 268 3103; x_wconf 85' lang='grc' dir='ltr'>ἐν</span> <span class='ocrx_word' id='word_1_238' title='bbox 294 3050 464 3122; x_wconf 76' lang='grc' dir='ltr'>ἑτέρῳ</span> <span class='ocrx_word' id='word_1_239' title='bbox 487 3051 548 3102; x_wconf 89' lang='grc' dir='ltr'><strong>τὸ</strong></span> <span class='ocrx_word' id='word_1_240' title='bbox 571 3051 754 3118; x_wconf 72' lang='grc' dir='ltr'>ἓτερον</span> <span class='ocrx_word' id='word_1_241' title='bbox 772 3064 784 3076; x_wconf 92' lang='grc'><strong>·</strong></span> <span class='ocrx_word' id='word_1_242' title='bbox 815 3045 907 3099; x_wconf 72' lang='grc' dir='ltr'>καὶ</span> <span class='ocrx_word' id='word_1_243' title='bbox 933 3045 1098 3116; x_wconf 81' lang='grc' dir='ltr'>μηδὲν</span> <span class='ocrx_word' id='word_1_244' title='bbox 1129 3047 1236 3102; x_wconf 82' lang='grc' dir='ltr'>τῶν</span> <span class='ocrx_word' id='word_1_245' title='bbox 1265 3048 1513 3120; x_wconf 76' lang='grc' dir='ltr'>αἰσθήσει</span> <span class='ocrx_word' id='word_1_246' title='bbox 1543 3051 1666 3102; x_wconf 91' lang='grc' dir='ltr'>ὑπο-</span> 
     </span>
    </p>
   </div>
   <div class='ocr_carea' id='block_1_33' title="bbox 106 3138 1734 3218">
    <p class='ocr_par' dir='ltr' id='par_1_33' title="bbox 106 3138 1734 3218">
     <span class='ocr_line' id='line_1_33' title="bbox 106 3138 1734 3218; baseline 0 -23"><span class='ocrx_word' id='word_1_247' title='bbox 106 3147 389 3198; x_wconf 78' lang='grc' dir='ltr'>πιπτόντων</span> <span class='ocrx_word' id='word_1_248' title='bbox 433 3141 708 3211; x_wconf 86' lang='grc' dir='ltr'>στοιχείων</span> <span class='ocrx_word' id='word_1_249' title='bbox 755 3138 1040 3209; x_wconf 82' lang='grc' dir='ltr'>είλικρινὲς</span> <span class='ocrx_word' id='word_1_250' title='bbox 1093 3142 1207 3192; x_wconf 81' lang='grc' dir='ltr'>ἐστι</span> <span class='ocrx_word' id='word_1_251' title='bbox 1254 3142 1348 3194; x_wconf 73' lang='grc' dir='ltr'><strong>καὶ</strong></span> <span class='ocrx_word' id='word_1_252' title='bbox 1389 3141 1584 3211; x_wconf 85' lang='grc' dir='ltr'>ἀμιγὲς</span> <span class='ocrx_word' id='word_1_253' title='bbox 1629 3141 1734 3218; x_wconf 67' lang='grc' dir='ltr'><strong>ἧς</strong></span> 
     </span>
    </p>
   </div>
   <div class='ocr_carea' id='block_1_34' title="bbox 105 3232 1665 3306">
    <p class='ocr_par' dir='ltr' id='par_1_34' title="bbox 105 3232 1665 3306">
     <span class='ocr_line' id='line_1_34' title="bbox 105 3232 1665 3306; baseline -0.001 -18"><span class='ocrx_word' id='word_1_254' title='bbox 105 3238 189 3306; x_wconf 81' lang='grc' dir='ltr'>τῆς</span> <span class='ocrx_word' id='word_1_255' title='bbox 215 3237 344 3306; x_wconf 80' lang='grc' dir='ltr'>πρὸς</span> <span class='ocrx_word' id='word_1_256' title='bbox 377 3235 438 3286; x_wconf 82' lang='grc' dir='ltr'><strong>τὸ</strong></span> <span class='ocrx_word' id='word_1_257' title='bbox 475 3233 655 3304; x_wconf 88' lang='grc' dir='ltr'>μέσον,</span> <span class='ocrx_word' id='word_1_258' title='bbox 689 3232 845 3304; x_wconf 81' lang='grc' dir='ltr'><strong>ἢτῆς</strong></span> <span class='ocrx_word' id='word_1_259' title='bbox 870 3239 1005 3304; x_wconf 78' lang='grc' dir='ltr'>πρὸς</span> <span class='ocrx_word' id='word_1_260' title='bbox 1041 3234 1100 3285; x_wconf 84' lang='grc' dir='ltr'><strong>τὸ</strong></span> <span class='ocrx_word' id='word_1_261' title='bbox 1134 3233 1506 3303; x_wconf 84' lang='grc' dir='ltr'>ἀντικείμενον</span> <span class='ocrx_word' id='word_1_262' title='bbox 1550 3251 1665 3286; x_wconf 89' lang='grc' dir='ltr'>κοι-</span> 
     </span>
    </p>
   </div>
   <div class='ocr_carea' id='block_1_35' title="bbox 107 3326 1660 3398">
    <p class='ocr_par' dir='ltr' id='par_1_35' title="bbox 107 3326 1660 3398">
     <span class='ocr_line' id='line_1_35' title="bbox 107 3326 1660 3398; baseline -0.001 -17"><span class='ocrx_word' id='word_1_263' title='bbox 107 3329 309 3391; x_wconf 80' lang='grc' dir='ltr'>νωνίας·</span> <span class='ocrx_word' id='word_1_264' title='bbox 353 3327 542 3381; x_wconf 85' lang='grc' dir='ltr'>τούτου</span> <span class='ocrx_word' id='word_1_265' title='bbox 578 3328 760 3381; x_wconf 72' lang='grc' dir='ltr'>ἕνεκεν</span> <span class='ocrx_word' id='word_1_266' title='bbox 791 3327 1195 3398; x_wconf 84' lang='grc' dir='ltr'>καταδεχόμεθα</span> <span class='ocrx_word' id='word_1_267' title='bbox 1227 3327 1289 3380; x_wconf 84' lang='grc' dir='ltr'><strong>τὸ</strong></span> <span class='ocrx_word' id='word_1_268' title='bbox 1327 3326 1660 3398; x_wconf 83' lang='grc' dir='ltr'>στερέωμαῆ</span> 
     </span>
    </p>
   </div>
   <div class='ocr_carea' id='block_1_36' title="bbox 109 3420 1661 3491">
    <p class='ocr_par' dir='ltr' id='par_1_36' title="bbox 109 3420 1661 3491">
     <span class='ocr_line' id='line_1_36' title="bbox 109 3420 1661 3491; baseline 0.001 -19"><span class='ocrx_word' id='word_1_269' title='bbox 109 3420 158 3484; x_wconf 79' lang='grc' dir='ltr'><strong>ἐξ</strong></span> <span class='ocrx_word' id='word_1_270' title='bbox 201 3421 309 3484; x_wconf 78' lang='grc' dir='ltr'>ἐνὸς</span> <span class='ocrx_word' id='word_1_271' title='bbox 347 3422 457 3474; x_wconf 80' lang='grc' dir='ltr'>τῶν</span> <span class='ocrx_word' id='word_1_272' title='bbox 502 3420 762 3490; x_wconf 77' lang='grc' dir='ltr'>άπλῶν,ἣ</span> <span class='ocrx_word' id='word_1_273' title='bbox 794 3420 853 3473; x_wconf 79' lang='grc' dir='ltr'>τὸ</span> <span class='ocrx_word' id='word_1_274' title='bbox 893 3421 1000 3473; x_wconf 85' lang='grc' dir='ltr'>ἀπὸ</span> <span class='ocrx_word' id='word_1_275' title='bbox 1038 3420 1240 3474; x_wconf 87' lang='grc' dir='ltr'>τούτων</span> <span class='ocrx_word' id='word_1_276' title='bbox 1280 3420 1456 3490; x_wconf 89' lang='grc' dir='ltr'>μίγμα</span> <span class='ocrx_word' id='word_1_277' title='bbox 1496 3421 1661 3491; x_wconf 81' lang='grc' dir='ltr'>φῆσαι</span> 
     </span>
    </p>
   </div>
   <div class='ocr_carea' id='block_1_37' title="bbox 109 3504 1661 3576">
    <p class='ocr_par' dir='ltr' id='par_1_37' title="bbox 109 3504 1661 3576">
     <span class='ocr_line' id='line_1_37' title="bbox 109 3504 1661 3576; baseline 0.003 -22"><span class='ocrx_word' id='word_1_278' title='bbox 109 3504 370 3576; x_wconf 78' lang='grc' dir='ltr'>ὑπάρχειν,</span> <span class='ocrx_word' id='word_1_279' title='bbox 413 3505 780 3575; x_wconf 86' lang='grc' dir='ltr'>δεδιδαγμένοι</span> <span class='ocrx_word' id='word_1_280' title='bbox 836 3504 986 3575; x_wconf 70' lang='grc' dir='ltr'>παρὰ</span> <span class='ocrx_word' id='word_1_281' title='bbox 1045 3505 1145 3574; x_wconf 81' lang='grc' dir='ltr'>τῆς</span> <span class='ocrx_word' id='word_1_282' title='bbox 1191 3504 1438 3574; x_wconf 74' lang='grc' dir='ltr'>Γραῳῆς,</span> <span class='ocrx_word' id='word_1_283' title='bbox 1497 3506 1661 3576; x_wconf 84' lang='grc' dir='ltr'>μηδὲν</span> 
     </span>
    </p>
   </div>
   <div class='ocr_carea' id='block_1_38' title="bbox 111 3595 1661 3668">
    <p class='ocr_par' dir='ltr' id='par_1_38' title="bbox 111 3595 1661 3668">
     <span class='ocr_line' id='line_1_38' title="bbox 111 3595 1661 3668; baseline 0.001 -19"><span class='ocrx_word' id='word_1_284' title='bbox 111 3599 399 3668; x_wconf 80' lang='grc' dir='ltr'>ἐπιτρέπειν</span> <span class='ocrx_word' id='word_1_285' title='bbox 433 3598 586 3668; x_wconf 82' lang='grc' dir='ltr'>ἡμῶν</span> <span class='ocrx_word' id='word_1_286' title='bbox 609 3597 686 3668; x_wconf 84' lang='grc' dir='ltr'>τῷ</span> <span class='ocrx_word' id='word_1_287' title='bbox 718 3596 793 3667; x_wconf 82' lang='grc' dir='ltr'>νῷ</span> <span class='ocrx_word' id='word_1_288' title='bbox 822 3596 965 3668; x_wconf 86' lang='grc' dir='ltr'>πέρα</span> <span class='ocrx_word' id='word_1_289' title='bbox 1007 3595 1113 3650; x_wconf 86' lang='grc' dir='ltr'><strong>τῶν</strong></span> <span class='ocrx_word' id='word_1_290' title='bbox 1160 3598 1661 3667; x_wconf 83' lang='grc' dir='ltr'>συγκεχωρημένων</span> 
     </span>
    </p>
   </div>
   <div class='ocr_carea' id='block_1_39' title="bbox 113 3688 1663 3762">
    <p class='ocr_par' dir='ltr' id='par_1_39' title="bbox 113 3688 1663 3762">
     <span class='ocr_line' id='line_1_39' title="bbox 113 3688 1663 3762; baseline 0.001 -21"><span class='ocrx_word' id='word_1_291' title='bbox 113 3689 528 3756; x_wconf 66' lang='grc' dir='ltr'>σαντασιοῦσθαι.</span> <span class='ocrx_word' id='word_1_292' title='bbox 564 3691 654 3759; x_wconf 83' lang='grc' dir='ltr'><strong>Μὴ</strong></span> <span class='ocrx_word' id='word_1_293' title='bbox 687 3691 1019 3762; x_wconf 83' lang='grc' dir='ltr'>παραδράμῃ</span> <span class='ocrx_word' id='word_1_294' title='bbox 1061 3688 1116 3742; x_wconf 81' lang='grc' dir='ltr'>δὲ</span> <span class='ocrx_word' id='word_1_295' title='bbox 1144 3690 1289 3760; x_wconf 80' lang='grc' dir='ltr'>ἡμᾶς</span> <span class='ocrx_word' id='word_1_296' title='bbox 1321 3689 1455 3760; x_wconf 80' lang='grc' dir='ltr'>μηδὲ</span> <span class='ocrx_word' id='word_1_297' title='bbox 1489 3691 1663 3742; x_wconf 79' lang='grc' dir='ltr'>ἐκεῖνο</span> 
     </span>
    </p>
   </div>
   <div class='ocr_carea' id='block_1_40' title="bbox 111 3780 1660 3853">
    <p class='ocr_par' dir='ltr' id='par_1_40' title="bbox 111 3780 1660 3853">
     <span class='ocr_line' id='line_1_40' title="bbox 111 3780 1660 3853; baseline 0.001 -21"><span class='ocrx_word' id='word_1_298' title='bbox 111 3782 583 3852; x_wconf 71' lang='grc' dir='ltr'>ἀπαρασήμαντον,</span> <span class='ocrx_word' id='word_1_299' title='bbox 636 3785 716 3836; x_wconf 85' lang='grc' dir='ltr'>ὅτι</span> <span class='ocrx_word' id='word_1_300' title='bbox 769 3782 905 3853; x_wconf 77' lang='grc' dir='ltr'>μετὰ</span> <span class='ocrx_word' id='word_1_301' title='bbox 951 3782 1011 3835; x_wconf 76' lang='grc' dir='ltr'><strong>τὸ</strong></span> <span class='ocrx_word' id='word_1_302' title='bbox 1041 3780 1338 3853; x_wconf 82' lang='grc' dir='ltr'>προστάξαι</span> <span class='ocrx_word' id='word_1_303' title='bbox 1380 3781 1470 3834; x_wconf 82' lang='grc' dir='ltr'><strong>τὸν</strong></span> <span class='ocrx_word' id='word_1_304' title='bbox 1510 3780 1660 3845; x_wconf 82' lang='grc' dir='ltr'>Θεὸν,</span> 
     </span>
    </p>
   </div>
   <div class='ocr_carea' id='block_1_41' title="bbox 172 3962 630 4018">
    <p class='ocr_par' dir='ltr' id='par_1_41' title="bbox 172 3962 630 4018">
     <span class='ocr_line' id='line_1_41' title="bbox 172 3962 630 4018; baseline 0.004 -4"><span class='ocrx_word' id='word_1_305' title='bbox 172 3962 211 3993; x_wconf 73' lang='grc'><strong>⁸⁸</strong></span> <span class='ocrx_word' id='word_1_306' title='bbox 246 3964 404 4017; x_wconf 83' lang='lat' dir='ltr'><strong>Amos</strong></span> <span class='ocrx_word' id='word_1_307' title='bbox 435 3979 488 4016; x_wconf 85' lang='lat' dir='ltr'><strong>Iv</strong></span> <span class='ocrx_word' id='word_1_308' title='bbox 541 3964 630 4018; x_wconf 80' lang='lat' dir='ltr'><strong>l5.</strong></span> 
     </span>
    </p>
   </div>
   <div class='ocr_carea' id='block_1_42' title="bbox 115 4115 1648 4190">
    <p class='ocr_par' dir='ltr' id='par_1_42' title="bbox 115 4115 1648 4190">
     <span class='ocr_line' id='line_1_42' title="bbox 115 4115 1648 4190; baseline -0.001 -18"><span class='ocrx_word' id='word_1_309' title='bbox 115 4119 216 4181; x_wconf 77' lang='lat' dir='ltr'><strong>ciae,</strong></span> <span class='ocrx_word' id='word_1_310' title='bbox 244 4135 356 4173; x_wconf 91' lang='lat' dir='ltr'><strong>cum</strong></span> <span class='ocrx_word' id='word_1_311' title='bbox 385 4135 485 4190; x_wconf 86' lang='lat' dir='ltr'><strong>per</strong></span> <span class='ocrx_word' id='word_1_312' title='bbox 519 4119 838 4175; x_wconf 88' lang='lat' dir='ltr'><strong>asteriscum</strong></span> <span class='ocrx_word' id='word_1_313' title='bbox 868 4132 932 4173; x_wconf 91' lang='lat' dir='ltr'><strong>eo</strong></span> <span class='ocrx_word' id='word_1_314' title='bbox 978 4118 1080 4174; x_wconf 91' lang='lat' dir='ltr'><strong>loci</strong></span> <span class='ocrx_word' id='word_1_315' title='bbox 1118 4118 1442 4190; x_wconf 84' lang='lat' dir='ltr'><strong>appositum,</strong></span> <span class='ocrx_word' id='word_1_316' title='bbox 1479 4115 1648 4172; x_wconf 91' lang='lat' dir='ltr'><strong>lecto-</strong></span> 
     </span>
    </p>
   </div>
   <div class='ocr_carea' id='block_1_43' title="bbox 117 4189 1651 4252">
    <p class='ocr_par' dir='ltr' id='par_1_43' title="bbox 117 4189 1651 4252">
     <span class='ocr_line' id='line_1_43' title="bbox 117 4189 1651 4252; baseline -0.001 -13"><span class='ocrx_word' id='word_1_317' title='bbox 117 4203 211 4241; x_wconf 88' lang='lat' dir='ltr'><strong>rem</strong></span> <span class='ocrx_word' id='word_1_318' title='bbox 248 4189 463 4245; x_wconf 85' lang='lat' dir='ltr'><strong>monere</strong></span> <span class='ocrx_word' id='word_1_319' title='bbox 491 4192 790 4249; x_wconf 86' lang='lat' dir='ltr'><strong>videantur,</strong></span> <span class='ocrx_word' id='word_1_320' title='bbox 816 4203 873 4243; x_wconf 90' lang='lat' dir='ltr'><strong>se</strong></span> <span class='ocrx_word' id='word_1_321' title='bbox 911 4204 1027 4252; x_wconf 90' lang='lat' dir='ltr'><strong>sua,</strong></span> <span class='ocrx_word' id='word_1_322' title='bbox 1059 4202 1162 4241; x_wconf 94' lang='lat' dir='ltr'><strong>non</strong></span> <span class='ocrx_word' id='word_1_323' title='bbox 1196 4189 1440 4241; x_wconf 85' lang='lat' dir='ltr'><strong>codicum</strong></span> <span class='ocrx_word' id='word_1_324' title='bbox 1466 4198 1651 4240; x_wconf 90' lang='lat' dir='ltr'><strong>aucto-</strong></span> 
     </span>
    </p>
   </div>
   <div class='ocr_carea' id='block_1_44' title="bbox 116 4257 1648 4315">
    <p class='ocr_par' dir='ltr' id='par_1_44' title="bbox 116 4257 1648 4315">
     <span class='ocr_line' id='line_1_44' title="bbox 116 4257 1648 4315; baseline -0.003 -6"><span class='ocrx_word' id='word_1_325' title='bbox 116 4259 253 4314; x_wconf 83' lang='lat' dir='ltr'><strong>ritate</strong></span> <span class='ocrx_word' id='word_1_326' title='bbox 283 4261 353 4313; x_wconf 90' lang='lat' dir='ltr'><strong>ita</strong></span> <span class='ocrx_word' id='word_1_327' title='bbox 380 4261 636 4315; x_wconf 75' lang='lat' dir='ltr'><strong>edidisse.</strong></span> <span class='ocrx_word' id='word_1_328' title='bbox 670 4258 802 4313; x_wconf 90' lang='lat' dir='ltr'><strong>Illud</strong></span> <span class='ocrx_word' id='word_1_329' title='bbox 846 4270 1025 4313; x_wconf 88' lang='lat' dir='ltr'><strong>autem</strong></span> <span class='ocrx_word' id='word_1_330' title='bbox 1068 4258 1317 4312; x_wconf 90' lang='lat' dir='ltr'><strong>omittere</strong></span> <span class='ocrx_word' id='word_1_331' title='bbox 1347 4272 1449 4311; x_wconf 90' lang='lat' dir='ltr'><strong>non</strong></span> <span class='ocrx_word' id='word_1_332' title='bbox 1485 4257 1648 4311; x_wconf 88' lang='lat' dir='ltr'><strong>debe-</strong></span> 
     </span>
    </p>
   </div>
   <div class='ocr_carea' id='block_1_45' title="bbox 119 4323 1654 4398">
    <p class='ocr_par' dir='ltr' id='par_1_45' title="bbox 119 4323 1654 4398">
     <span class='ocr_line' id='line_1_45' title="bbox 119 4323 1654 4398; baseline -0.001 -20"><span class='ocrx_word' id='word_1_333' title='bbox 119 4343 239 4398; x_wconf 84' lang='lat' dir='ltr'><strong>mus,</strong></span> <span class='ocrx_word' id='word_1_334' title='bbox 285 4331 523 4398; x_wconf 85' lang='lat' dir='ltr'><strong>codicem</strong></span> <span class='ocrx_word' id='word_1_335' title='bbox 561 4330 906 4384; x_wconf 89' lang='lat' dir='ltr'><strong>Bodleiannm</strong></span> <span class='ocrx_word' id='word_1_336' title='bbox 973 4327 1171 4398; x_wconf 83' lang='lat' dir='ltr'><strong>habere</strong></span> <span class='ocrx_word' id='word_1_337' title='bbox 1217 4328 1379 4398; x_wconf 83' lang='grc' dir='ltr'>μήκει</span> <span class='ocrx_word' id='word_1_338' title='bbox 1423 4325 1516 4378; x_wconf 77' lang='grc' dir='ltr'><strong>καὶ</strong></span> <span class='ocrx_word' id='word_1_339' title='bbox 1576 4323 1654 4394; x_wconf 82' lang='grc' dir='ltr'>τῷ</span> 
     </span>
    </p>
   </div>
   <div class='ocr_carea' id='block_1_46' title="bbox 118 4396 1654 4468">
    <p class='ocr_par' dir='ltr' id='par_1_46' title="bbox 118 4396 1654 4468">
     <span class='ocr_line' id='line_1_46' title="bbox 118 4396 1654 4468; baseline 0.009 -20"><span class='ocrx_word' id='word_1_340' title='bbox 118 4396 238 4464; x_wconf 49' lang='lat' dir='ltr'><strong>Wst.</strong></span> <span class='ocrx_word' id='word_1_341' title='bbox 278 4397 399 4459; x_wconf 89' lang='lat' dir='ltr'><strong>Sed,</strong></span> <span class='ocrx_word' id='word_1_342' title='bbox 427 4399 526 4451; x_wconf 88' lang='lat' dir='ltr'><strong>nisi</strong></span> <span class='ocrx_word' id='word_1_343' title='bbox 561 4414 646 4452; x_wconf 87' lang='lat' dir='ltr'><strong>me</strong></span> <span class='ocrx_word' id='word_1_344' title='bbox 677 4414 793 4452; x_wconf 89' lang='lat' dir='ltr'><strong>mea</strong></span> <span class='ocrx_word' id='word_1_345' title='bbox 831 4397 1185 4468; x_wconf 12' lang='lat' dir='ltr'><strong>l&#39;allitiopinio,</strong></span> <span class='ocrx_word' id='word_1_346' title='bbox 1217 4396 1316 4452; x_wconf 71' lang='lat' dir='ltr'><strong>vos</strong></span> <span class='ocrx_word' id='word_1_347' title='bbox 1346 4398 1517 4468; x_wconf 83' lang='grc' dir='ltr'>μῆκος</span> <span class='ocrx_word' id='word_1_348' title='bbox 1545 4398 1654 4465; x_wconf 68' lang='lat' dir='ltr'><strong>Pri-</strong></span> 
     </span>
    </p>
   </div>
   <div class='ocr_carea' id='block_1_47' title="bbox 1691 1823 1741 1877">
    <p class='ocr_par' dir='ltr' id='par_1_47' title="bbox 1691 1823 1741 1877">
     <span class='ocr_line' id='line_1_47' title="bbox 1691 1823 1741 1877; baseline 0 0"><span class='ocrx_word' id='word_1_349' title='bbox 1691 1823 1741 1877; x_wconf 80' lang='grc' dir='ltr'><strong>Β</strong></span> 
     </span>
    </p>
   </div>
   <div class='ocr_carea' id='block_1_48' title="bbox 1759 564 3330 636">
    <p class='ocr_par' dir='ltr' id='par_1_48' title="bbox 1759 564 3330 636">
     <span class='ocr_line' id='line_1_48' title="bbox 1759 564 3330 636; baseline 0.001 -16"><span class='ocrx_word' id='word_1_350' title='bbox 1759 574 1811 620; x_wconf 88' lang='grc' dir='ltr'><strong>ει</strong></span> <span class='ocrx_word' id='word_1_351' title='bbox 1840 565 2194 628; x_wconf 74' lang='lat' dir='ltr'><strong>longitudine.</strong></span> <span class='ocrx_word' id='word_1_352' title='bbox 2226 564 2464 618; x_wconf 89' lang='lat' dir='ltr'><strong>Firmum</strong></span> <span class='ocrx_word' id='word_1_353' title='bbox 2490 576 2669 620; x_wconf 89' lang='lat' dir='ltr'><strong>autem</strong></span> <span class='ocrx_word' id='word_1_354' title='bbox 2701 565 2827 618; x_wconf 90' lang='lat' dir='ltr'><strong>illud</strong></span> <span class='ocrx_word' id='word_1_355' title='bbox 2856 575 2959 627; x_wconf 88' lang='lat' dir='ltr'><strong>est,</strong></span> <span class='ocrx_word' id='word_1_356' title='bbox 2991 566 3042 619; x_wconf 93' lang='lat' dir='ltr'><strong>in</strong></span> <span class='ocrx_word' id='word_1_357' title='bbox 3072 582 3178 633; x_wconf 88' lang='lat' dir='ltr'><strong>quo</strong></span> <span class='ocrx_word' id='word_1_358' title='bbox 3200 582 3330 636; x_wconf 66' lang='lat' dir='ltr'><strong>pree-</strong></span> 
     </span>
    </p>
   </div>
   <div class='ocr_carea' id='block_1_49' title="bbox 1762 658 3325 714">
    <p class='ocr_par' dir='ltr' id='par_1_49' title="bbox 1762 658 3325 714">
     <span class='ocr_line' id='line_1_49' title="bbox 1762 658 3325 714; baseline 0.001 -3"><span class='ocrx_word' id='word_1_359' title='bbox 1762 668 1842 712; x_wconf 90' lang='lat' dir='ltr'><strong>ter</strong></span> <span class='ocrx_word' id='word_1_360' title='bbox 1892 658 2254 714; x_wconf 86' lang='lat' dir='ltr'><strong>dimensiones</strong></span> <span class='ocrx_word' id='word_1_361' title='bbox 2307 658 2533 712; x_wconf 76' lang='lat' dir='ltr'><strong>durities</strong></span> <span class='ocrx_word' id='word_1_362' title='bbox 2581 659 2743 710; x_wconf 85' lang='lat' dir='ltr'><strong>etiam</strong></span> <span class='ocrx_word' id='word_1_363' title='bbox 2795 667 2848 712; x_wconf 89' lang='lat' dir='ltr'><strong>et</strong></span> <span class='ocrx_word' id='word_1_364' title='bbox 2897 659 3113 712; x_wconf 86' lang='lat' dir='ltr'><strong>renixus</strong></span> <span class='ocrx_word' id='word_1_365' title='bbox 3163 659 3325 713; x_wconf 89' lang='lat' dir='ltr'><strong>inest.</strong></span> 
     </span>
    </p>
   </div>
   <div class='ocr_carea' id='block_1_50' title="bbox 1758 747 3325 819">
    <p class='ocr_par' dir='ltr' id='par_1_50' title="bbox 1758 747 3325 819">
     <span class='ocr_line' id='line_1_50' title="bbox 1758 747 3325 819; baseline 0.001 -17"><span class='ocrx_word' id='word_1_366' title='bbox 1758 747 1926 802; x_wconf 87' lang='lat' dir='ltr'><strong>Porro</strong></span> <span class='ocrx_word' id='word_1_367' title='bbox 1961 748 2265 818; x_wconf 79' lang='lat' dir='ltr'><strong>Scriptura,</strong></span> <span class='ocrx_word' id='word_1_368' title='bbox 2315 748 2459 819; x_wconf 90' lang='lat' dir='ltr'><strong>quod</strong></span> <span class='ocrx_word' id='word_1_369' title='bbox 2508 749 2742 802; x_wconf 88' lang='lat' dir='ltr'><strong>validum</strong></span> <span class='ocrx_word' id='word_1_370' title='bbox 2778 760 2859 804; x_wconf 90' lang='lat' dir='ltr'><strong>est</strong></span> <span class='ocrx_word' id='word_1_371' title='bbox 2909 761 2963 804; x_wconf 88' lang='lat' dir='ltr'><strong>et</strong></span> <span class='ocrx_word' id='word_1_372' title='bbox 2995 749 3325 816; x_wconf 80' lang='lat' dir='ltr'><strong>inﬂexibile,</strong></span> 
     </span>
    </p>
   </div>
   <div class='ocr_carea' id='block_1_51' title="bbox 1761 840 3322 905">
    <p class='ocr_par' dir='ltr' id='par_1_51' title="bbox 1761 840 3322 905">
     <span class='ocr_line' id='line_1_51' title="bbox 1761 840 3322 905; baseline 0 -13"><span class='ocrx_word' id='word_1_373' title='bbox 1761 840 2156 895; x_wconf 88' lang='lat' dir='ltr'><strong>ﬁrmamentmn</strong></span> <span class='ocrx_word' id='word_1_374' title='bbox 2187 855 2384 896; x_wconf 91' lang='lat' dir='ltr'><strong>vocare</strong></span> <span class='ocrx_word' id='word_1_375' title='bbox 2411 843 2708 905; x_wconf 82' lang='lat' dir='ltr'><strong>consuevit,</strong></span> <span class='ocrx_word' id='word_1_376' title='bbox 2751 842 2821 895; x_wconf 88' lang='lat' dir='ltr'><strong>ita</strong></span> <span class='ocrx_word' id='word_1_377' title='bbox 2860 852 2917 895; x_wconf 94' lang='lat' dir='ltr'><strong>ut</strong></span> <span class='ocrx_word' id='word_1_378' title='bbox 2945 843 3107 896; x_wconf 90' lang='lat' dir='ltr'><strong>etiam</strong></span> <span class='ocrx_word' id='word_1_379' title='bbox 3143 857 3322 895; x_wconf 84' lang='lat' dir='ltr'><strong>aerem</strong></span> 
     </span>
    </p>
   </div>
   <div class='ocr_carea' id='block_1_52' title="bbox 1760 932 3327 1003">
    <p class='ocr_par' dir='ltr' id='par_1_52' title="bbox 1760 932 3327 1003">
     <span class='ocr_line' id='line_1_52' title="bbox 1760 932 3327 1003; baseline 0.001 -19"><span class='ocrx_word' id='word_1_380' title='bbox 1760 933 1911 986; x_wconf 80' lang='lat' dir='ltr'><strong>valde</strong></span> <span class='ocrx_word' id='word_1_381' title='bbox 1952 932 2236 988; x_wconf 84' lang='lat' dir='ltr'><strong>densatum</strong></span> <span class='ocrx_word' id='word_1_382' title='bbox 2291 935 2635 1003; x_wconf 87' lang='lat' dir='ltr'><strong>designatura</strong></span> <span class='ocrx_word' id='word_1_383' title='bbox 2660 977 2674 999; x_wconf 96' lang='lat'><strong>,</strong></span> <span class='ocrx_word' id='word_1_384' title='bbox 2709 949 2847 1002; x_wconf 69' lang='lat' dir='ltr'><strong>smpe</strong></span> <span class='ocrx_word' id='word_1_385' title='bbox 2894 936 2993 987; x_wconf 84' lang='lat' dir='ltr'><strong>hac</strong></span> <span class='ocrx_word' id='word_1_386' title='bbox 3032 935 3145 1001; x_wconf 86' lang='lat' dir='ltr'><strong>ipsa</strong></span> <span class='ocrx_word' id='word_1_387' title='bbox 3194 948 3327 986; x_wconf 82' lang='lat' dir='ltr'><strong>voce</strong></span> 
     </span>
    </p>
   </div>
   <div class='ocr_carea' id='block_1_53' title="bbox 1759 1025 3326 1098">
    <p class='ocr_par' dir='ltr' id='par_1_53' title="bbox 1759 1025 3326 1098">
     <span class='ocr_line' id='line_1_53' title="bbox 1759 1025 3326 1098; baseline -0.002 -19"><span class='ocrx_word' id='word_1_388' title='bbox 1759 1036 1961 1098; x_wconf 82' lang='lat' dir='ltr'><strong>utatur,</strong></span> <span class='ocrx_word' id='word_1_389' title='bbox 1991 1025 2132 1080; x_wconf 73' lang='lat' dir='ltr'><strong>velut</strong></span> <span class='ocrx_word' id='word_1_390' title='bbox 2166 1041 2288 1080; x_wconf 89' lang='lat' dir='ltr'><strong>cum</strong></span> <span class='ocrx_word' id='word_1_391' title='bbox 2320 1026 2451 1080; x_wconf 83' lang='lat' dir='ltr'><strong>dicit</strong></span> <span class='ocrx_word' id='word_1_392' title='bbox 2479 1045 2490 1080; x_wconf 94' lang='lat'><strong>:</strong></span> <span class='ocrx_word' id='word_1_393' title='bbox 2529 1025 2782 1080; x_wconf 81' lang='lat' dir='ltr'><strong>Firmans</strong></span> <span class='ocrx_word' id='word_1_394' title='bbox 2806 1027 3002 1079; x_wconf 78' lang='lat' dir='ltr'><strong>tonitru</strong></span> <span class='ocrx_word' id='word_1_395' title='bbox 3030 1025 3096 1078; x_wconf 65' lang='lat'><strong>‘3.</strong></span> <span class='ocrx_word' id='word_1_396' title='bbox 3131 1025 3326 1079; x_wconf 81' lang='lat' dir='ltr'><strong>Solidi-</strong></span> 
     </span>
    </p>
   </div>
   <div class='ocr_carea' id='block_1_54' title="bbox 1760 1118 3328 1188">
    <p class='ocr_par' dir='ltr' id='par_1_54' title="bbox 1760 1118 3328 1188">
     <span class='ocr_line' id='line_1_54' title="bbox 1760 1118 3328 1188; baseline -0.002 -17"><span class='ocrx_word' id='word_1_397' title='bbox 1760 1127 1921 1172; x_wconf 90' lang='lat' dir='ltr'><strong>tatem</strong></span> <span class='ocrx_word' id='word_1_398' title='bbox 1956 1119 2097 1171; x_wconf 91' lang='lat' dir='ltr'><strong>enim</strong></span> <span class='ocrx_word' id='word_1_399' title='bbox 2124 1128 2178 1172; x_wconf 93' lang='lat' dir='ltr'><strong>et</strong></span> <span class='ocrx_word' id='word_1_400' title='bbox 2209 1119 2454 1172; x_wconf 87' lang='lat' dir='ltr'><strong>renixnm</strong></span> <span class='ocrx_word' id='word_1_401' title='bbox 2481 1119 2726 1187; x_wconf 71' lang='lat' dir='ltr'><strong>spiritus,</strong></span> <span class='ocrx_word' id='word_1_402' title='bbox 2754 1121 2843 1188; x_wconf 92' lang='lat' dir='ltr'><strong>qui</strong></span> <span class='ocrx_word' id='word_1_403' title='bbox 2877 1119 2927 1172; x_wconf 94' lang='lat' dir='ltr'><strong>in</strong></span> <span class='ocrx_word' id='word_1_404' title='bbox 2957 1118 3178 1172; x_wconf 91' lang='lat' dir='ltr'><strong>nubium</strong></span> <span class='ocrx_word' id='word_1_405' title='bbox 3209 1119 3328 1170; x_wconf 86' lang='lat' dir='ltr'><strong>lini-</strong></span> 
     </span>
    </p>
   </div>
   <div class='ocr_carea' id='block_1_55' title="bbox 1761 1209 3326 1280">
    <p class='ocr_par' dir='ltr' id='par_1_55' title="bbox 1761 1209 3326 1280">
     <span class='ocr_line' id='line_1_55' title="bbox 1761 1209 3326 1280; baseline -0.001 -18"><span class='ocrx_word' id='word_1_406' title='bbox 1761 1211 1858 1263; x_wconf 84' lang='lat' dir='ltr'><strong>lms</strong></span> <span class='ocrx_word' id='word_1_407' title='bbox 1902 1210 2157 1272; x_wconf 89' lang='lat' dir='ltr'><strong>inclusus,</strong></span> <span class='ocrx_word' id='word_1_408' title='bbox 2206 1213 2275 1264; x_wconf 91' lang='lat' dir='ltr'><strong>ob</strong></span> <span class='ocrx_word' id='word_1_409' title='bbox 2324 1211 2614 1264; x_wconf 77' lang='lat' dir='ltr'><strong>violentam</strong></span> <span class='ocrx_word' id='word_1_410' title='bbox 2663 1212 3002 1279; x_wconf 88' lang='lat' dir='ltr'><strong>eruptionem</strong></span> <span class='ocrx_word' id='word_1_411' title='bbox 3054 1209 3326 1280; x_wconf 82' lang='lat' dir='ltr'><strong>fragorem</strong></span> 
     </span>
    </p>
   </div>
   <div class='ocr_carea' id='block_1_56' title="bbox 1762 1303 3326 1371">
    <p class='ocr_par' dir='ltr' id='par_1_56' title="bbox 1762 1303 3326 1371">
     <span class='ocr_line' id='line_1_56' title="bbox 1762 1303 3326 1371; baseline -0.001 -17"><span class='ocrx_word' id='word_1_412' title='bbox 1762 1303 2055 1354; x_wconf 89' lang='lat' dir='ltr'><strong>tonitruum</strong></span> <span class='ocrx_word' id='word_1_413' title='bbox 2083 1303 2215 1366; x_wconf 88' lang='lat' dir='ltr'><strong>edit,</strong></span> <span class='ocrx_word' id='word_1_414' title='bbox 2244 1303 2463 1356; x_wconf 89' lang='lat' dir='ltr'><strong>tonitrui</strong></span> <span class='ocrx_word' id='word_1_415' title='bbox 2499 1303 2806 1356; x_wconf 82' lang='lat' dir='ltr'><strong>ﬁrmitatem</strong></span> <span class='ocrx_word' id='word_1_416' title='bbox 2837 1303 3116 1371; x_wconf 85' lang='lat' dir='ltr'><strong>Scriptura</strong></span> <span class='ocrx_word' id='word_1_417' title='bbox 3142 1304 3326 1371; x_wconf 64' lang='lat' dir='ltr'><strong>appel-</strong></span> 
     </span>
    </p>
   </div>
   <div class='ocr_carea' id='block_1_57' title="bbox 1762 1393 3325 1464">
    <p class='ocr_par' dir='ltr' id='par_1_57' title="bbox 1762 1393 3325 1464">
     <span class='ocr_line' id='line_1_57' title="bbox 1762 1393 3325 1464; baseline -0.001 -18"><span class='ocrx_word' id='word_1_418' title='bbox 1762 1393 1909 1446; x_wconf 78' lang='lat' dir='ltr'><strong>larit.</strong></span> <span class='ocrx_word' id='word_1_419' title='bbox 1957 1393 2142 1460; x_wconf 83' lang='lat' dir='ltr'><strong>Itaque</strong></span> <span class='ocrx_word' id='word_1_420' title='bbox 2169 1404 2217 1447; x_wconf 89' lang='lat' dir='ltr'><strong>et</strong></span> <span class='ocrx_word' id='word_1_421' title='bbox 2258 1395 2343 1450; x_wconf 89' lang='lat' dir='ltr'><strong>hic</strong></span> <span class='ocrx_word' id='word_1_422' title='bbox 2373 1396 2510 1449; x_wconf 80' lang='lat' dir='ltr'><strong>lianc</strong></span> <span class='ocrx_word' id='word_1_423' title='bbox 2540 1411 2725 1448; x_wconf 90' lang='lat' dir='ltr'><strong>vocem</strong></span> <span class='ocrx_word' id='word_1_424' title='bbox 2771 1409 2865 1464; x_wconf 90' lang='lat' dir='ltr'><strong>pro</strong></span> <span class='ocrx_word' id='word_1_425' title='bbox 2898 1395 3052 1447; x_wconf 89' lang='lat' dir='ltr'><strong>ﬁrma</strong></span> <span class='ocrx_word' id='word_1_426' title='bbox 3095 1396 3325 1464; x_wconf 87' lang='lat' dir='ltr'><strong>quadam</strong></span> 
     </span>
    </p>
   </div>
   <div class='ocr_carea' id='block_1_58' title="bbox 1761 1485 3328 1557">
    <p class='ocr_par' dir='ltr' id='par_1_58' title="bbox 1761 1485 3328 1557">
     <span class='ocr_line' id='line_1_58' title="bbox 1761 1485 3328 1557; baseline -0.001 -18"><span class='ocrx_word' id='word_1_427' title='bbox 1761 1497 1949 1539; x_wconf 88' lang='lat' dir='ltr'><strong>natura</strong></span> <span class='ocrx_word' id='word_1_428' title='bbox 1986 1501 2105 1555; x_wconf 75' lang='lat' dir='ltr'><strong>quzn</strong></span> <span class='ocrx_word' id='word_1_429' title='bbox 2149 1502 2344 1555; x_wconf 89' lang='lat' dir='ltr'><strong>aquam</strong></span> <span class='ocrx_word' id='word_1_430' title='bbox 2375 1489 2483 1557; x_wconf 76' lang='lat'><strong>26</strong></span> <span class='ocrx_word' id='word_1_431' title='bbox 2512 1488 2772 1541; x_wconf 87' lang='lat' dir='ltr'><strong>lubricam</strong></span> <span class='ocrx_word' id='word_1_432' title='bbox 2814 1502 2876 1542; x_wconf 89' lang='lat' dir='ltr'><strong>ac</strong></span> <span class='ocrx_word' id='word_1_433' title='bbox 2909 1486 3066 1540; x_wconf 78' lang='lat' dir='ltr'><strong>facile</strong></span> <span class='ocrx_word' id='word_1_434' title='bbox 3097 1485 3328 1541; x_wconf 58' lang='lat' dir='ltr'><strong>dissolna</strong></span> 
     </span>
    </p>
   </div>
   <div class='ocr_carea' id='block_1_59' title="bbox 1764 1578 3323 1647">
    <p class='ocr_par' dir='ltr' id='par_1_59' title="bbox 1764 1578 3323 1647">
     <span class='ocr_line' id='line_1_59' title="bbox 1764 1578 3323 1647; baseline 0.001 -17"><span class='ocrx_word' id='word_1_435' title='bbox 1764 1578 1922 1631; x_wconf 84' lang='lat' dir='ltr'><strong>bilem</strong></span> <span class='ocrx_word' id='word_1_436' title='bbox 1954 1579 2234 1632; x_wconf 89' lang='lat' dir='ltr'><strong>continere</strong></span> <span class='ocrx_word' id='word_1_437' title='bbox 2266 1580 2455 1647; x_wconf 86' lang='lat' dir='ltr'><strong>possit,</strong></span> <span class='ocrx_word' id='word_1_438' title='bbox 2491 1588 2799 1645; x_wconf 82' lang='lat' dir='ltr'><strong>usurpatam</strong></span> <span class='ocrx_word' id='word_1_439' title='bbox 2826 1595 2947 1634; x_wconf 87' lang='lat' dir='ltr'><strong>esse</strong></span> <span class='ocrx_word' id='word_1_440' title='bbox 2970 1579 3323 1634; x_wconf 86' lang='lat' dir='ltr'><strong>arbitramur.</strong></span> 
     </span>
    </p>
   </div>
   <div class='ocr_carea' id='block_1_60' title="bbox 1762 1667 3330 1740">
    <p class='ocr_par' dir='ltr' id='par_1_60' title="bbox 1762 1667 3330 1740">
     <span class='ocr_line' id='line_1_60' title="bbox 1762 1667 3330 1740; baseline 0.001 -18"><span class='ocrx_word' id='word_1_441' title='bbox 1762 1668 1872 1724; x_wconf 87' lang='lat' dir='ltr'><strong>Nec</strong></span> <span class='ocrx_word' id='word_1_442' title='bbox 1916 1686 2062 1731; x_wconf 82' lang='lat' dir='ltr'><strong>vero.</strong></span> <span class='ocrx_word' id='word_1_443' title='bbox 2098 1672 2352 1740; x_wconf 90' lang='lat' dir='ltr'><strong>quoniam</strong></span> <span class='ocrx_word' id='word_1_444' title='bbox 2397 1670 2791 1724; x_wconf 88' lang='lat' dir='ltr'><strong>ﬁrmamentum</strong></span> <span class='ocrx_word' id='word_1_445' title='bbox 2823 1687 2888 1725; x_wconf 80' lang='lat' dir='ltr'><strong>ex</strong></span> <span class='ocrx_word' id='word_1_446' title='bbox 2919 1673 3186 1725; x_wconf 91' lang='lat' dir='ltr'><strong>communi</strong></span> <span class='ocrx_word' id='word_1_447' title='bbox 3236 1667 3330 1725; x_wconf 77' lang='lat' dir='ltr'><strong>ac-</strong></span> 
     </span>
    </p>
   </div>
   <div class='ocr_carea' id='block_1_61' title="bbox 1763 1763 3328 1834">
    <p class='ocr_par' dir='ltr' id='par_1_61' title="bbox 1763 1763 3328 1834">
     <span class='ocr_line' id='line_1_61' title="bbox 1763 1763 3328 1834; baseline 0.003 -23"><span class='ocrx_word' id='word_1_448' title='bbox 1763 1763 2009 1830; x_wconf 79' lang='lat' dir='ltr'><strong>ceptione</strong></span> <span class='ocrx_word' id='word_1_449' title='bbox 2033 1766 2099 1817; x_wconf 78' lang='lat' dir='ltr'><strong>ali</strong></span> <span class='ocrx_word' id='word_1_450' title='bbox 2129 1779 2266 1833; x_wconf 77' lang='lat' dir='ltr'><strong>aqua</strong></span> <span class='ocrx_word' id='word_1_451' title='bbox 2297 1774 2478 1818; x_wconf 87' lang='lat' dir='ltr'><strong>ortum</strong></span> <span class='ocrx_word' id='word_1_452' title='bbox 2506 1765 2732 1818; x_wconf 86' lang='lat' dir='ltr'><strong>traxisse</strong></span> <span class='ocrx_word' id='word_1_453' title='bbox 2771 1765 3002 1829; x_wconf 91' lang='lat' dir='ltr'><strong>videtur,</strong></span> <span class='ocrx_word' id='word_1_454' title='bbox 3033 1764 3328 1834; x_wconf 88' lang='lat' dir='ltr'><strong>putandum</strong></span> 
     </span>
    </p>
   </div>
   <div class='ocr_carea' id='block_1_62' title="bbox 1763 1852 3326 1925">
    <p class='ocr_par' dir='ltr' id='par_1_62' title="bbox 1763 1852 3326 1925">
     <span class='ocr_line' id='line_1_62' title="bbox 1763 1852 3326 1925; baseline 0.001 -20"><span class='ocrx_word' id='word_1_455' title='bbox 1763 1864 1843 1906; x_wconf 88' lang='lat' dir='ltr'><strong>est</strong></span> <span class='ocrx_word' id='word_1_456' title='bbox 1878 1852 2002 1906; x_wconf 91' lang='lat' dir='ltr'><strong>illud</strong></span> <span class='ocrx_word' id='word_1_457' title='bbox 2048 1854 2223 1908; x_wconf 87' lang='lat' dir='ltr'><strong>simile</strong></span> <span class='ocrx_word' id='word_1_458' title='bbox 2263 1870 2382 1908; x_wconf 90' lang='lat' dir='ltr'><strong>esse</strong></span> <span class='ocrx_word' id='word_1_459' title='bbox 2416 1866 2508 1909; x_wconf 92' lang='lat' dir='ltr'><strong>aut</strong></span> <span class='ocrx_word' id='word_1_460' title='bbox 2536 1870 2690 1924; x_wconf 87' lang='lat' dir='ltr'><strong>aquae</strong></span> <span class='ocrx_word' id='word_1_461' title='bbox 2720 1856 3044 1925; x_wconf 71' lang='lat' dir='ltr'><strong>congelatze,</strong></span> <span class='ocrx_word' id='word_1_462' title='bbox 3099 1864 3191 1910; x_wconf 90' lang='lat' dir='ltr'><strong>aut</strong></span> <span class='ocrx_word' id='word_1_463' title='bbox 3237 1856 3326 1908; x_wconf 91' lang='lat' dir='ltr'><strong>tali</strong></span> 
     </span>
    </p>
   </div>
   <div class='ocr_carea' id='block_1_63' title="bbox 1770 1946 3330 2018">
    <p class='ocr_par' dir='ltr' id='par_1_63' title="bbox 1770 1946 3330 2018">
     <span class='ocr_line' id='line_1_63' title="bbox 1770 1946 3330 2018; baseline 0.003 -20"><span class='ocrx_word' id='word_1_464' title='bbox 1770 1946 1985 1999; x_wconf 81' lang='lat' dir='ltr'><strong>cuidam</strong></span> <span class='ocrx_word' id='word_1_465' title='bbox 2025 1947 2282 2009; x_wconf 58' lang='lat' dir='ltr'><strong>materiai,</strong></span> <span class='ocrx_word' id='word_1_466' title='bbox 2321 1963 2386 2000; x_wconf 86' lang='lat' dir='ltr'><strong>ex</strong></span> <span class='ocrx_word' id='word_1_467' title='bbox 2425 1948 2649 2002; x_wconf 87' lang='lat' dir='ltr'><strong>humore</strong></span> <span class='ocrx_word' id='word_1_468' title='bbox 2694 1949 2965 2018; x_wconf 88' lang='lat' dir='ltr'><strong>percolato</strong></span> <span class='ocrx_word' id='word_1_469' title='bbox 3009 1949 3330 2018; x_wconf 86' lang='lat' dir='ltr'><strong>principium</strong></span> 
     </span>
    </p>
   </div>
   <div class='ocr_carea' id='block_1_64' title="bbox 1773 2037 3331 2110">
    <p class='ocr_par' dir='ltr' id='par_1_64' title="bbox 1773 2037 3331 2110">
     <span class='ocr_line' id='line_1_64' title="bbox 1773 2037 3331 2110; baseline 0.003 -21"><span class='ocrx_word' id='word_1_470' title='bbox 1773 2037 2082 2106; x_wconf 78' lang='lat' dir='ltr'><strong>accipienti.</strong></span> <span class='ocrx_word' id='word_1_471' title='bbox 2131 2037 2317 2104; x_wconf 82' lang='lat' dir='ltr'><strong>Qualis</strong></span> <span class='ocrx_word' id='word_1_472' title='bbox 2352 2047 2434 2092; x_wconf 84' lang='lat' dir='ltr'><strong>est</strong></span> <span class='ocrx_word' id='word_1_473' title='bbox 2471 2047 2664 2091; x_wconf 89' lang='lat' dir='ltr'><strong>natura</strong></span> <span class='ocrx_word' id='word_1_474' title='bbox 2704 2054 2794 2094; x_wconf 87' lang='lat' dir='ltr'><strong>ant</strong></span> <span class='ocrx_word' id='word_1_475' title='bbox 2833 2039 3068 2110; x_wconf 87' lang='lat' dir='ltr'><strong>crystalli</strong></span> <span class='ocrx_word' id='word_1_476' title='bbox 3104 2039 3331 2108; x_wconf 86' lang='lat' dir='ltr'><strong>lapidis,</strong></span> 
     </span>
    </p>
   </div>
   <div class='ocr_carea' id='block_1_65' title="bbox 1768 2125 3330 2202">
    <p class='ocr_par' dir='ltr' id='par_1_65' title="bbox 1768 2125 3330 2202">
     <span class='ocr_line' id='line_1_65' title="bbox 1768 2125 3330 2202; baseline 0.006 -25"><span class='ocrx_word' id='word_1_477' title='bbox 1768 2125 1925 2195; x_wconf 79' lang='lat' dir='ltr'><strong>quem</strong></span> <span class='ocrx_word' id='word_1_478' title='bbox 2000 2130 2067 2183; x_wconf 87' lang='lat' dir='ltr'><strong>ob</strong></span> <span class='ocrx_word' id='word_1_479' title='bbox 2120 2130 2624 2198; x_wconf 69' lang='lat' dir='ltr'><strong>prmstantissimam</strong></span> <span class='ocrx_word' id='word_1_480' title='bbox 2693 2147 2846 2200; x_wconf 76' lang='lat' dir='ltr'><strong>aquae</strong></span> <span class='ocrx_word' id='word_1_481' title='bbox 2901 2132 3330 2202; x_wconf 89' lang='lat' dir='ltr'><strong>congelationem</strong></span> 
     </span>
    </p>
   </div>
   <div class='ocr_carea' id='block_1_66' title="bbox 1768 2220 3335 2290">
    <p class='ocr_par' dir='ltr' id='par_1_66' title="bbox 1768 2220 3335 2290">
     <span class='ocr_line' id='line_1_66' title="bbox 1768 2220 3335 2290; baseline 0.004 -22"><span class='ocrx_word' id='word_1_482' title='bbox 1768 2220 2119 2271; x_wconf 85' lang='lat' dir='ltr'><strong>transmutari</strong></span> <span class='ocrx_word' id='word_1_483' title='bbox 2152 2220 2304 2273; x_wconf 89' lang='lat' dir='ltr'><strong>aiunt</strong></span> <span class='ocrx_word' id='word_1_484' title='bbox 2333 2238 2346 2274; x_wconf 88' lang='lat'><strong>:</strong></span> <span class='ocrx_word' id='word_1_485' title='bbox 2382 2229 2474 2272; x_wconf 91' lang='lat' dir='ltr'><strong>aut</strong></span> <span class='ocrx_word' id='word_1_486' title='bbox 2507 2220 2800 2290; x_wconf 86' lang='lat' dir='ltr'><strong>specularis</strong></span> <span class='ocrx_word' id='word_1_487' title='bbox 2825 2221 3038 2290; x_wconf 77' lang='lat' dir='ltr'><strong>lapidis,</strong></span> <span class='ocrx_word' id='word_1_488' title='bbox 3071 2223 3164 2290; x_wconf 89' lang='lat' dir='ltr'><strong>qui</strong></span> <span class='ocrx_word' id='word_1_489' title='bbox 3191 2223 3335 2276; x_wconf 84' lang='lat' dir='ltr'><strong>inter</strong></span> 
     </span>
    </p>
   </div>
   <div class='ocr_carea' id='block_1_67' title="bbox 1767 2309 3330 2382">
    <p class='ocr_par' dir='ltr' id='par_1_67' title="bbox 1767 2309 3330 2382">
     <span class='ocr_line' id='line_1_67' title="bbox 1767 2309 3330 2382; baseline 0.004 -22"><span class='ocrx_word' id='word_1_490' title='bbox 1767 2309 1977 2361; x_wconf 82' lang='lat' dir='ltr'><strong>metalla</strong></span> <span class='ocrx_word' id='word_1_491' title='bbox 2021 2312 2337 2365; x_wconf 85' lang='lat' dir='ltr'><strong>concrescit.</strong></span> <span class='ocrx_word' id='word_1_492' title='bbox 2375 2312 2470 2366; x_wconf 87' lang='lat' dir='ltr'><strong>Est</strong></span> <span class='ocrx_word' id='word_1_493' title='bbox 2521 2321 2702 2367; x_wconf 88' lang='lat' dir='ltr'><strong>autem</strong></span> <span class='ocrx_word' id='word_1_494' title='bbox 2729 2313 2817 2367; x_wconf 86' lang='lat' dir='ltr'><strong>hic</strong></span> <span class='ocrx_word' id='word_1_495' title='bbox 2841 2313 2977 2382; x_wconf 89' lang='lat' dir='ltr'><strong>lapis</strong></span> <span class='ocrx_word' id='word_1_496' title='bbox 3003 2315 3330 2382; x_wconf 77' lang='lat' dir='ltr'><strong>pellucidus,</strong></span> 
     </span>
    </p>
   </div>
   <div class='ocr_carea' id='block_1_68' title="bbox 1765 2402 3336 2476">
    <p class='ocr_par' dir='ltr' id='par_1_68' title="bbox 1765 2402 3336 2476">
     <span class='ocr_line' id='line_1_68' title="bbox 1765 2402 3336 2476; baseline 0.004 -24"><span class='ocrx_word' id='word_1_497' title='bbox 1765 2402 2020 2468; x_wconf 84' lang='lat' dir='ltr'><strong>peculiari</strong></span> <span class='ocrx_word' id='word_1_498' title='bbox 2053 2419 2115 2456; x_wconf 89' lang='lat' dir='ltr'><strong>ac</strong></span> <span class='ocrx_word' id='word_1_499' title='bbox 2144 2403 2432 2471; x_wconf 89' lang='lat' dir='ltr'><strong>purissima</strong></span> <span class='ocrx_word' id='word_1_500' title='bbox 2477 2404 2724 2458; x_wconf 86' lang='lat' dir='ltr'><strong>claritate</strong></span> <span class='ocrx_word' id='word_1_501' title='bbox 2753 2404 3005 2468; x_wconf 89' lang='lat' dir='ltr'><strong>donatus,</strong></span> <span class='ocrx_word' id='word_1_502' title='bbox 3035 2407 3123 2474; x_wconf 94' lang='lat' dir='ltr'><strong>qui</strong></span> <span class='ocrx_word' id='word_1_503' title='bbox 3152 2407 3196 2460; x_wconf 88' lang='lat' dir='ltr'><strong>si</strong></span> <span class='ocrx_word' id='word_1_504' title='bbox 3239 2422 3336 2476; x_wconf 88' lang='lat' dir='ltr'><strong>pro</strong></span> 
     </span>
    </p>
   </div>
   <div class='ocr_carea' id='block_1_69' title="bbox 1765 2494 3336 2564">
    <p class='ocr_par' dir='ltr' id='par_1_69' title="bbox 1765 2494 3336 2564">
     <span class='ocr_line' id='line_1_69' title="bbox 1765 2494 3336 2564; baseline 0.001 -16"><span class='ocrx_word' id='word_1_505' title='bbox 1765 2509 1858 2548; x_wconf 81' lang='lat' dir='ltr'><strong>sua</strong></span> <span class='ocrx_word' id='word_1_506' title='bbox 1897 2503 2085 2549; x_wconf 91' lang='lat' dir='ltr'><strong>natura</strong></span> <span class='ocrx_word' id='word_1_507' title='bbox 2128 2496 2373 2551; x_wconf 88' lang='lat' dir='ltr'><strong>sincerus</strong></span> <span class='ocrx_word' id='word_1_508' title='bbox 2415 2505 2469 2551; x_wconf 93' lang='lat' dir='ltr'><strong>et</strong></span> <span class='ocrx_word' id='word_1_509' title='bbox 2509 2494 2785 2550; x_wconf 87' lang='lat' dir='ltr'><strong>absolutus</strong></span> <span class='ocrx_word' id='word_1_510' title='bbox 2827 2507 3073 2564; x_wconf 90' lang='lat' dir='ltr'><strong>repertus</strong></span> <span class='ocrx_word' id='word_1_511' title='bbox 3100 2507 3206 2561; x_wconf 91' lang='lat' dir='ltr'><strong>est,</strong></span> <span class='ocrx_word' id='word_1_512' title='bbox 3241 2514 3336 2550; x_wconf 90' lang='lat' dir='ltr'><strong>ne-</strong></span> 
     </span>
    </p>
   </div>
   <div class='ocr_carea' id='block_1_70' title="bbox 1766 2585 3334 2655">
    <p class='ocr_par' dir='ltr' id='par_1_70' title="bbox 1766 2585 3334 2655">
     <span class='ocr_line' id='line_1_70' title="bbox 1766 2585 3334 2655; baseline 0.001 -17"><span class='ocrx_word' id='word_1_513' title='bbox 1766 2601 1869 2654; x_wconf 88' lang='lat' dir='ltr'><strong>que</strong></span> <span class='ocrx_word' id='word_1_514' title='bbox 1907 2585 2013 2639; x_wconf 89' lang='lat' dir='ltr'><strong>ulla</strong></span> <span class='ocrx_word' id='word_1_515' title='bbox 2051 2601 2244 2640; x_wconf 86' lang='lat' dir='ltr'><strong>exesus</strong></span> <span class='ocrx_word' id='word_1_516' title='bbox 2297 2587 2603 2655; x_wconf 90' lang='lat' dir='ltr'><strong>putredine,</strong></span> <span class='ocrx_word' id='word_1_517' title='bbox 2643 2600 2817 2654; x_wconf 89' lang='lat' dir='ltr'><strong>neque</strong></span> <span class='ocrx_word' id='word_1_518' title='bbox 2869 2586 3079 2640; x_wconf 89' lang='lat' dir='ltr'><strong>ﬁssuris</strong></span> <span class='ocrx_word' id='word_1_519' title='bbox 3108 2599 3230 2640; x_wconf 90' lang='lat' dir='ltr'><strong>sese</strong></span> <span class='ocrx_word' id='word_1_520' title='bbox 3267 2593 3334 2639; x_wconf 84' lang='lat' dir='ltr'><strong>ad</strong></span> 
     </span>
    </p>
   </div>
   <div class='ocr_carea' id='block_1_71' title="bbox 1767 2678 3332 2748">
    <p class='ocr_par' dir='ltr' id='par_1_71' title="bbox 1767 2678 3332 2748">
     <span class='ocr_line' id='line_1_71' title="bbox 1767 2678 3332 2748; baseline -0.001 -17"><span class='ocrx_word' id='word_1_521' title='bbox 1767 2679 2054 2731; x_wconf 88' lang='lat' dir='ltr'><strong>interiores</strong></span> <span class='ocrx_word' id='word_1_522' title='bbox 2073 2691 2240 2744; x_wconf 86' lang='lat' dir='ltr'><strong>usque</strong></span> <span class='ocrx_word' id='word_1_523' title='bbox 2263 2687 2443 2746; x_wconf 88' lang='lat' dir='ltr'><strong>partes</strong></span> <span class='ocrx_word' id='word_1_524' title='bbox 2465 2678 2879 2731; x_wconf 67' lang='lat' dir='ltr'><strong>ostendentibus</strong></span> <span class='ocrx_word' id='word_1_525' title='bbox 2901 2678 3127 2742; x_wconf 90' lang='lat' dir='ltr'><strong>divisus,</strong></span> <span class='ocrx_word' id='word_1_526' title='bbox 3158 2678 3332 2748; x_wconf 87' lang='lat' dir='ltr'><strong>splen-</strong></span> 
     </span>
    </p>
   </div>
   <div class='ocr_carea' id='block_1_72' title="bbox 1767 2766 3334 2837">
    <p class='ocr_par' dir='ltr' id='par_1_72' title="bbox 1767 2766 3334 2837">
     <span class='ocr_line' id='line_1_72' title="bbox 1767 2766 3334 2837; baseline 0.001 -15"><span class='ocrx_word' id='word_1_527' title='bbox 1767 2769 1895 2822; x_wconf 89' lang='lat' dir='ltr'><strong>dore</strong></span> <span class='ocrx_word' id='word_1_528' title='bbox 1928 2767 2037 2820; x_wconf 88' lang='lat' dir='ltr'><strong>aeri</strong></span> <span class='ocrx_word' id='word_1_529' title='bbox 2088 2767 2200 2820; x_wconf 80' lang='lat' dir='ltr'><strong>fere</strong></span> <span class='ocrx_word' id='word_1_530' title='bbox 2249 2767 2440 2822; x_wconf 88' lang='lat' dir='ltr'><strong>similis</strong></span> <span class='ocrx_word' id='word_1_531' title='bbox 2471 2768 2703 2823; x_wconf 80' lang='lat' dir='ltr'><strong>exsistit.</strong></span> <span class='ocrx_word' id='word_1_532' title='bbox 2758 2766 2897 2822; x_wconf 85' lang='lat' dir='ltr'><strong>Nulli</strong></span> <span class='ocrx_word' id='word_1_533' title='bbox 2938 2769 3098 2837; x_wconf 88' lang='lat' dir='ltr'><strong>igitur</strong></span> <span class='ocrx_word' id='word_1_534' title='bbox 3139 2770 3334 2824; x_wconf 89' lang='lat' dir='ltr'><strong>horum</strong></span> 
     </span>
    </p>
   </div>
   <div class='ocr_carea' id='block_1_73' title="bbox 1767 2859 3336 2928">
    <p class='ocr_par' dir='ltr' id='par_1_73' title="bbox 1767 2859 3336 2928">
     <span class='ocr_line' id='line_1_73' title="bbox 1767 2859 3336 2928; baseline 0.003 -15"><span class='ocrx_word' id='word_1_535' title='bbox 1767 2874 2143 2928; x_wconf 84' lang='lat' dir='ltr'><strong>comparamus</strong></span> <span class='ocrx_word' id='word_1_536' title='bbox 2175 2860 2598 2914; x_wconf 88' lang='lat' dir='ltr'><strong>lirmamentum.</strong></span> <span class='ocrx_word' id='word_1_537' title='bbox 2626 2859 2858 2915; x_wconf 85' lang='lat' dir='ltr'><strong>Pnerilis</strong></span> <span class='ocrx_word' id='word_1_538' title='bbox 2884 2862 3026 2915; x_wconf 91' lang='lat' dir='ltr'><strong>enim</strong></span> <span class='ocrx_word' id='word_1_539' title='bbox 3059 2877 3245 2918; x_wconf 85' lang='lat' dir='ltr'><strong>revera</strong></span> <span class='ocrx_word' id='word_1_540' title='bbox 3279 2875 3336 2918; x_wconf 86' lang='lat' dir='ltr'><strong>et</strong></span> 
     </span>
    </p>
   </div>
   <div class='ocr_carea' id='block_1_74' title="bbox 1769 2949 3334 3023">
    <p class='ocr_par' dir='ltr' id='par_1_74' title="bbox 1769 2949 3334 3023">
     <span class='ocr_line' id='line_1_74' title="bbox 1769 2949 3334 3023; baseline 0.002 -18"><span class='ocrx_word' id='word_1_541' title='bbox 1769 2949 2032 3020; x_wconf 75' lang='lat' dir='ltr'><strong>simplicis</strong></span> <span class='ocrx_word' id='word_1_542' title='bbox 2068 2951 2235 3005; x_wconf 82' lang='lat' dir='ltr'><strong>animi</strong></span> <span class='ocrx_word' id='word_1_543' title='bbox 2265 2959 2366 3013; x_wconf 88' lang='lat' dir='ltr'><strong>est,</strong></span> <span class='ocrx_word' id='word_1_544' title='bbox 2395 2951 2528 3004; x_wconf 88' lang='lat' dir='ltr'><strong>tales</strong></span> <span class='ocrx_word' id='word_1_545' title='bbox 2557 2951 2622 3006; x_wconf 91' lang='lat' dir='ltr'><strong>de</strong></span> <span class='ocrx_word' id='word_1_546' title='bbox 2649 2953 2959 3008; x_wconf 80' lang='lat' dir='ltr'><strong>ccclestibus</strong></span> <span class='ocrx_word' id='word_1_547' title='bbox 2986 2953 3186 3008; x_wconf 85' lang='lat' dir='ltr'><strong>habere</strong></span> <span class='ocrx_word' id='word_1_548' title='bbox 3213 2957 3334 3023; x_wconf 88' lang='lat' dir='ltr'><strong>opi-</strong></span> 
     </span>
    </p>
   </div>
   <div class='ocr_carea' id='block_1_75' title="bbox 1768 3041 3330 3112">
    <p class='ocr_par' dir='ltr' id='par_1_75' title="bbox 1768 3041 3330 3112">
     <span class='ocr_line' id='line_1_75' title="bbox 1768 3041 3330 3112; baseline 0.003 -16"><span class='ocrx_word' id='word_1_549' title='bbox 1768 3043 1978 3097; x_wconf 75' lang='lat' dir='ltr'><strong>itiones.</strong></span> <span class='ocrx_word' id='word_1_550' title='bbox 2010 3041 2195 3112; x_wconf 84' lang='lat' dir='ltr'><strong>Neque</strong></span> <span class='ocrx_word' id='word_1_551' title='bbox 2218 3050 2398 3097; x_wconf 88' lang='lat' dir='ltr'><strong>tamen</strong></span> <span class='ocrx_word' id='word_1_552' title='bbox 2423 3044 2674 3112; x_wconf 90' lang='lat' dir='ltr'><strong>quoniam</strong></span> <span class='ocrx_word' id='word_1_553' title='bbox 2702 3054 2898 3099; x_wconf 85' lang='lat' dir='ltr'><strong>cuncta</strong></span> <span class='ocrx_word' id='word_1_554' title='bbox 2927 3044 2978 3098; x_wconf 93' lang='lat' dir='ltr'><strong>in</strong></span> <span class='ocrx_word' id='word_1_555' title='bbox 3009 3047 3219 3100; x_wconf 88' lang='lat' dir='ltr'><strong>cunctis</strong></span> <span class='ocrx_word' id='word_1_556' title='bbox 3245 3049 3330 3100; x_wconf 84' lang='lat' dir='ltr'><strong>in-</strong></span> 
     </span>
    </p>
   </div>
   <div class='ocr_carea' id='block_1_76' title="bbox 1768 3133 3337 3206">
    <p class='ocr_par' dir='ltr' id='par_1_76' title="bbox 1768 3133 3337 3206">
     <span class='ocr_line' id='line_1_76' title="bbox 1768 3133 3337 3206; baseline 0.004 -20"><span class='ocrx_word' id='word_1_557' title='bbox 1768 3143 1911 3198; x_wconf 90' lang='lat' dir='ltr'><strong>sunt,</strong></span> <span class='ocrx_word' id='word_1_558' title='bbox 1943 3133 2077 3202; x_wconf 84' lang='lat' dir='ltr'><strong>ignis</strong></span> <span class='ocrx_word' id='word_1_559' title='bbox 2105 3133 2321 3200; x_wconf 89' lang='lat' dir='ltr'><strong>quidem</strong></span> <span class='ocrx_word' id='word_1_560' title='bbox 2353 3133 2406 3187; x_wconf 92' lang='lat' dir='ltr'><strong>in</strong></span> <span class='ocrx_word' id='word_1_561' title='bbox 2436 3142 2597 3198; x_wconf 87' lang='lat' dir='ltr'><strong>terra,</strong></span> <span class='ocrx_word' id='word_1_562' title='bbox 2629 3149 2724 3188; x_wconf 86' lang='lat' dir='ltr'><strong>aer</strong></span> <span class='ocrx_word' id='word_1_563' title='bbox 2754 3149 2883 3188; x_wconf 89' lang='lat' dir='ltr'><strong>vero</strong></span> <span class='ocrx_word' id='word_1_564' title='bbox 2910 3136 2963 3190; x_wconf 90' lang='lat' dir='ltr'><strong>in</strong></span> <span class='ocrx_word' id='word_1_565' title='bbox 2999 3151 3159 3206; x_wconf 89' lang='lat' dir='ltr'><strong>aqua,</strong></span> <span class='ocrx_word' id='word_1_566' title='bbox 3191 3149 3246 3190; x_wconf 91' lang='lat' dir='ltr'><strong>et</strong></span> <span class='ocrx_word' id='word_1_567' title='bbox 3271 3153 3337 3192; x_wconf 77' lang='lat' dir='ltr'><strong>ex</strong></span> 
     </span>
    </p>
   </div>
   <div class='ocr_carea' id='block_1_77' title="bbox 1773 3224 3338 3292">
    <p class='ocr_par' dir='ltr' id='par_1_77' title="bbox 1773 3224 3338 3292">
     <span class='ocr_line' id='line_1_77' title="bbox 1773 3224 3338 3292; baseline 0.004 -15"><span class='ocrx_word' id='word_1_568' title='bbox 1773 3224 1893 3278; x_wconf 89' lang='lat' dir='ltr'><strong>aliis</strong></span> <span class='ocrx_word' id='word_1_569' title='bbox 1920 3224 2166 3278; x_wconf 88' lang='lat' dir='ltr'><strong>similiter</strong></span> <span class='ocrx_word' id='word_1_570' title='bbox 2192 3224 2422 3279; x_wconf 87' lang='lat' dir='ltr'><strong>alterum</strong></span> <span class='ocrx_word' id='word_1_571' title='bbox 2454 3225 2507 3280; x_wconf 93' lang='lat' dir='ltr'><strong>in</strong></span> <span class='ocrx_word' id='word_1_572' title='bbox 2544 3226 2750 3292; x_wconf 89' lang='lat' dir='ltr'><strong>altero;</strong></span> <span class='ocrx_word' id='word_1_573' title='bbox 2786 3243 2885 3283; x_wconf 94' lang='lat' dir='ltr'><strong>nec</strong></span> <span class='ocrx_word' id='word_1_574' title='bbox 2935 3237 2995 3282; x_wconf 92' lang='lat' dir='ltr'><strong>ut</strong></span> <span class='ocrx_word' id='word_1_575' title='bbox 3045 3228 3209 3284; x_wconf 91' lang='lat' dir='ltr'><strong>ullum</strong></span> <span class='ocrx_word' id='word_1_576' title='bbox 3254 3237 3338 3284; x_wconf 79' lang='lat' dir='ltr'><strong>est</strong></span> 
     </span>
    </p>
   </div>
   <div class='ocr_carea' id='block_1_78' title="bbox 1772 3317 3337 3391">
    <p class='ocr_par' dir='ltr' id='par_1_78' title="bbox 1772 3317 3337 3391">
     <span class='ocr_line' id='line_1_78' title="bbox 1772 3317 3337 3391; baseline 0.004 -21"><span class='ocrx_word' id='word_1_577' title='bbox 1772 3317 2155 3371; x_wconf 78' lang='lat' dir='ltr'><strong>elementorum</strong></span> <span class='ocrx_word' id='word_1_578' title='bbox 2193 3317 2292 3372; x_wconf 83' lang='lat' dir='ltr'><strong>sub</strong></span> <span class='ocrx_word' id='word_1_579' title='bbox 2325 3331 2517 3374; x_wconf 85' lang='lat' dir='ltr'><strong>sensus</strong></span> <span class='ocrx_word' id='word_1_580' title='bbox 2558 3319 2866 3374; x_wconf 89' lang='lat' dir='ltr'><strong>cadentium</strong></span> <span class='ocrx_word' id='word_1_581' title='bbox 2907 3337 3102 3391; x_wconf 87' lang='lat' dir='ltr'><strong>purum</strong></span> <span class='ocrx_word' id='word_1_582' title='bbox 3132 3333 3186 3377; x_wconf 91' lang='lat' dir='ltr'><strong>et</strong></span> <span class='ocrx_word' id='word_1_583' title='bbox 3225 3323 3337 3376; x_wconf 81' lang='lat' dir='ltr'><strong>sin-</strong></span> 
     </span>
    </p>
   </div>
   <div class='ocr_carea' id='block_1_79' title="bbox 1771 3407 3332 3482">
    <p class='ocr_par' dir='ltr' id='par_1_79' title="bbox 1771 3407 3332 3482">
     <span class='ocr_line' id='line_1_79' title="bbox 1771 3407 3332 3482; baseline 0.002 -18"><span class='ocrx_word' id='word_1_584' title='bbox 1771 3422 1977 3471; x_wconf 90' lang='lat' dir='ltr'><strong>cerum,</strong></span> <span class='ocrx_word' id='word_1_585' title='bbox 2009 3421 2223 3461; x_wconf 90' lang='lat' dir='ltr'><strong>omnem</strong></span> <span class='ocrx_word' id='word_1_586' title='bbox 2256 3407 2370 3463; x_wconf 90' lang='lat' dir='ltr'><strong>sive</strong></span> <span class='ocrx_word' id='word_1_587' title='bbox 2397 3423 2518 3463; x_wconf 92' lang='lat' dir='ltr'><strong>cum</strong></span> <span class='ocrx_word' id='word_1_588' title='bbox 2552 3410 2750 3475; x_wconf 90' lang='lat' dir='ltr'><strong>medio,</strong></span> <span class='ocrx_word' id='word_1_589' title='bbox 2783 3410 2896 3465; x_wconf 90' lang='lat' dir='ltr'><strong>sive</strong></span> <span class='ocrx_word' id='word_1_590' title='bbox 2928 3426 3049 3465; x_wconf 91' lang='lat' dir='ltr'><strong>cum</strong></span> <span class='ocrx_word' id='word_1_591' title='bbox 3082 3413 3332 3482; x_wconf 88' lang='lat' dir='ltr'><strong>opposito</strong></span> 
     </span>
    </p>
   </div>
   <div class='ocr_carea' id='block_1_80' title="bbox 1770 3502 3329 3573">
    <p class='ocr_par' dir='ltr' id='par_1_80' title="bbox 1770 3502 3329 3573">
     <span class='ocr_line' id='line_1_80' title="bbox 1770 3502 3329 3573; baseline 0.001 -17"><span class='ocrx_word' id='word_1_592' title='bbox 1770 3502 2084 3558; x_wconf 89' lang='lat' dir='ltr'><strong>societatem</strong></span> <span class='ocrx_word' id='word_1_593' title='bbox 2114 3502 2429 3568; x_wconf 81' lang='lat' dir='ltr'><strong>excludens,</strong></span> <span class='ocrx_word' id='word_1_594' title='bbox 2455 3518 2562 3557; x_wconf 82' lang='lat' dir='ltr'><strong>non</strong></span> <span class='ocrx_word' id='word_1_595' title='bbox 2594 3503 2799 3559; x_wconf 90' lang='lat' dir='ltr'><strong>idcirco</strong></span> <span class='ocrx_word' id='word_1_596' title='bbox 2829 3506 3011 3561; x_wconf 91' lang='lat' dir='ltr'><strong>dicere</strong></span> <span class='ocrx_word' id='word_1_597' title='bbox 3047 3508 3329 3573; x_wconf 86' lang='lat' dir='ltr'><strong>audemus,</strong></span> 
     </span>
    </p>
   </div>
   <div class='ocr_carea' id='block_1_81' title="bbox 1772 3593 3336 3666">
    <p class='ocr_par' dir='ltr' id='par_1_81' title="bbox 1772 3593 3336 3666">
     <span class='ocr_line' id='line_1_81' title="bbox 1772 3593 3336 3666; baseline 0.005 -20"><span class='ocrx_word' id='word_1_598' title='bbox 1772 3593 2165 3649; x_wconf 87' lang='lat' dir='ltr'><strong>ﬁrmamentum</strong></span> <span class='ocrx_word' id='word_1_599' title='bbox 2190 3603 2282 3648; x_wconf 91' lang='lat' dir='ltr'><strong>aut</strong></span> <span class='ocrx_word' id='word_1_600' title='bbox 2306 3610 2372 3650; x_wconf 81' lang='lat' dir='ltr'><strong>ex</strong></span> <span class='ocrx_word' id='word_1_601' title='bbox 2403 3611 2508 3650; x_wconf 91' lang='lat' dir='ltr'><strong>uno</strong></span> <span class='ocrx_word' id='word_1_602' title='bbox 2532 3595 2854 3666; x_wconf 90' lang='lat' dir='ltr'><strong>simplicium</strong></span> <span class='ocrx_word' id='word_1_603' title='bbox 2879 3597 3125 3665; x_wconf 90' lang='lat' dir='ltr'><strong>conllari,</strong></span> <span class='ocrx_word' id='word_1_604' title='bbox 3150 3606 3242 3651; x_wconf 91' lang='lat' dir='ltr'><strong>aut</strong></span> <span class='ocrx_word' id='word_1_605' title='bbox 3266 3612 3336 3655; x_wconf 77' lang='lat' dir='ltr'><strong>ex</strong></span> 
     </span>
    </p>
   </div>
   <div class='ocr_carea' id='block_1_82' title="bbox 1767 3685 3336 3761">
    <p class='ocr_par' dir='ltr' id='par_1_82' title="bbox 1767 3685 3336 3761">
     <span class='ocr_line' id='line_1_82' title="bbox 1767 3685 3336 3761; baseline 0.003 -23"><span class='ocrx_word' id='word_1_606' title='bbox 1767 3685 1849 3740; x_wconf 88' lang='lat' dir='ltr'><strong>his</strong></span> <span class='ocrx_word' id='word_1_607' title='bbox 1893 3687 2297 3755; x_wconf 90' lang='lat' dir='ltr'><strong>permistionem</strong></span> <span class='ocrx_word' id='word_1_608' title='bbox 2327 3689 2614 3758; x_wconf 89' lang='lat' dir='ltr'><strong>quamdam</strong></span> <span class='ocrx_word' id='word_1_609' title='bbox 2673 3704 2794 3745; x_wconf 87' lang='lat' dir='ltr'><strong>esse</strong></span> <span class='ocrx_word' id='word_1_610' title='bbox 2832 3707 2846 3744; x_wconf 92' lang='lat'><strong>:</strong></span> <span class='ocrx_word' id='word_1_611' title='bbox 2900 3691 3336 3761; x_wconf 82' lang='lat' dir='ltr'><strong>quandoquidem</strong></span> 
     </span>
    </p>
   </div>
   <div class='ocr_carea' id='block_1_83' title="bbox 1770 3783 3334 3854">
    <p class='ocr_par' dir='ltr' id='par_1_83' title="bbox 1770 3783 3334 3854">
     <span class='ocr_line' id='line_1_83' title="bbox 1770 3783 3334 3854; baseline 0 -15"><span class='ocrx_word' id='word_1_612' title='bbox 1770 3783 1943 3839; x_wconf 89' lang='lat' dir='ltr'><strong>edocti</strong></span> <span class='ocrx_word' id='word_1_613' title='bbox 1994 3798 2180 3838; x_wconf 91' lang='lat' dir='ltr'><strong>sumus</strong></span> <span class='ocrx_word' id='word_1_614' title='bbox 2208 3797 2238 3837; x_wconf 88' lang='lat' dir='ltr'><strong>a</strong></span> <span class='ocrx_word' id='word_1_615' title='bbox 2274 3783 2574 3854; x_wconf 89' lang='lat' dir='ltr'><strong>Scriptura.</strong></span> <span class='ocrx_word' id='word_1_616' title='bbox 2612 3795 2671 3839; x_wconf 91' lang='lat' dir='ltr'><strong>ut</strong></span> <span class='ocrx_word' id='word_1_617' title='bbox 2715 3785 2848 3840; x_wconf 90' lang='lat' dir='ltr'><strong>nihil</strong></span> <span class='ocrx_word' id='word_1_618' title='bbox 2891 3786 3058 3840; x_wconf 88' lang='lat' dir='ltr'><strong>menti</strong></span> <span class='ocrx_word' id='word_1_619' title='bbox 3093 3794 3294 3840; x_wconf 69' lang='lat' dir='ltr'><strong>noStrae</strong></span> <span class='ocrx_word' id='word_1_620' title='bbox 3317 3823 3334 3849; x_wconf 88' lang='lat'><strong>,</strong></span> 
     </span>
    </p>
   </div>
   <div class='ocr_carea' id='block_1_84' title="bbox 1830 4113 3335 4195">
    <p class='ocr_par' dir='ltr' id='par_1_84' title="bbox 1830 4113 3335 4195">
     <span class='ocr_line' id='line_1_84' title="bbox 1830 4113 3335 4195; baseline 0.002 -26"><span class='ocrx_word' id='word_1_621' title='bbox 1830 4114 1906 4195; x_wconf 56' lang='grc' dir='ltr'>(ᾗ)</span> <span class='ocrx_word' id='word_1_622' title='bbox 1949 4115 2080 4195; x_wconf 78' lang='lat' dir='ltr'><strong>Reg.</strong></span> <span class='ocrx_word' id='word_1_623' title='bbox 2107 4113 2625 4195; x_wconf 50' lang='grc' dir='ltr'>εειιυεηόλισθηρδν</span> <span class='ocrx_word' id='word_1_624' title='bbox 2658 4116 2750 4169; x_wconf 71' lang='grc' dir='ltr'><strong>καὶ</strong></span> <span class='ocrx_word' id='word_1_625' title='bbox 2792 4114 3130 4195; x_wconf 73' lang='grc' dir='ltr'>εὐδιάχυτον.</span> <span class='ocrx_word' id='word_1_626' title='bbox 3187 4115 3335 4172; x_wconf 79' lang='lat' dir='ltr'><strong>Infra</strong></span> 
     </span>
    </p>
   </div>
   <div class='ocr_carea' id='block_1_85' title="bbox 1757 4183 3054 4257">
    <p class='ocr_par' dir='ltr' id='par_1_85' title="bbox 1757 4183 3054 4257">
     <span class='ocr_line' id='line_1_85' title="bbox 1757 4183 3054 4257; baseline -0.003 -15"><span class='ocrx_word' id='word_1_627' title='bbox 1757 4183 1907 4242; x_wconf 52' lang='lat' dir='ltr'><strong>Colb&#39;.</strong></span> <span class='ocrx_word' id='word_1_628' title='bbox 1945 4183 2418 4257; x_wconf 11' lang='grc' dir='ltr'>γριὴίῖιιυε-νομίζειν</span> <span class='ocrx_word' id='word_1_629' title='bbox 2443 4183 2536 4238; x_wconf 80' lang='grc' dir='ltr'>τοῦ</span> <span class='ocrx_word' id='word_1_630' title='bbox 2563 4184 2723 4257; x_wconf 79' lang='grc' dir='ltr'>άέρος</span> <span class='ocrx_word' id='word_1_631' title='bbox 2754 4185 2852 4257; x_wconf 84' lang='grc' dir='ltr'><strong>τὴν</strong></span> <span class='ocrx_word' id='word_1_632' title='bbox 2881 4183 3054 4256; x_wconf 79' lang='grc' dir='ltr'>χύσιν.</span> 
     </span>
    </p>
   </div>
   <div class='ocr_carea' id='block_1_86' title="bbox 1831 4254 3325 4338">
    <p class='ocr_par' dir='ltr' id='par_1_86' title="bbox 1831 4254 3325 4338">
     <span class='ocr_line' id='line_1_86' title="bbox 1831 4254 3325 4338; baseline 0.002 -29"><span class='ocrx_word' id='word_1_633' title='bbox 1831 4257 1905 4338; x_wconf 71' lang='grc'>(4)</span> <span class='ocrx_word' id='word_1_634' title='bbox 1937 4256 2112 4338; x_wconf 67' lang='lat' dir='ltr'><strong>Editio</strong></span> <span class='ocrx_word' id='word_1_635' title='bbox 2144 4254 2308 4338; x_wconf 71' lang='lat' dir='ltr'><strong>Basil.</strong></span> <span class='ocrx_word' id='word_1_636' title='bbox 2338 4270 2459 4338; x_wconf 58' lang='lat' dir='ltr'><strong>curn</strong></span> <span class='ocrx_word' id='word_1_637' title='bbox 2488 4254 3094 4338; x_wconf 52' lang='lat' dir='ltr'><strong>qnibur&#39;nlatn&#39;Aiiglicis,</strong></span> <span class='ocrx_word' id='word_1_638' title='bbox 3120 4257 3325 4338; x_wconf 76' lang='lat' dir='ltr'><strong>quibus</strong></span> 
     </span>
    </p>
   </div>
   <div class='ocr_carea' id='block_1_87' title="bbox 1763 4324 3332 4448">
    <p class='ocr_par' dir='ltr' id='par_1_87' title="bbox 1763 4324 3332 4448">
     <span class='ocr_line' id='line_1_87' title="bbox 1763 4324 3332 4448; baseline 0.001 -68"><span class='ocrx_word' id='word_1_639' title='bbox 1763 4324 2082 4395; x_wconf 73' lang='lat' dir='ltr'><strong>adiungendi</strong></span> <span class='ocrx_word' id='word_1_640' title='bbox 2109 4334 2237 4408; x_wconf 78' lang='lat' dir='ltr'><strong>sunt</strong></span> <span class='ocrx_word' id='word_1_641' title='bbox 2267 4326 2372 4380; x_wconf 92' lang='lat' dir='ltr'><strong>duo</strong></span> <span class='ocrx_word' id='word_1_642' title='bbox 2403 4325 2533 4380; x_wconf 87' lang='lat' dir='ltr'><strong>Duc.</strong></span> <span class='ocrx_word' id='word_1_643' title='bbox 2573 4334 2628 4380; x_wconf 90' lang='lat' dir='ltr'><strong>et</strong></span> <span class='ocrx_word' id='word_1_644' title='bbox 2656 4324 2810 4448; x_wconf 59' lang='lat' dir='ltr'><strong>Regii</strong></span> <span class='ocrx_word' id='word_1_645' title='bbox 2853 4324 3077 4393; x_wconf 81' lang='lat' dir='ltr'><strong>primus,</strong></span> <span class='ocrx_word' id='word_1_646' title='bbox 3116 4324 3332 4392; x_wconf 80' lang='lat' dir='ltr'><strong>tertius,</strong></span> 
     </span>
     <span class='ocr_line' id='line_1_88' title="bbox 1763 4396 3332 4448; baseline 0 0"><span class='ocrx_word' id='word_1_647' title='bbox 1763 4406 2012 4448; x_wconf 86' lang='lat' dir='ltr'><strong>ouartus.</strong></span> <span class='ocrx_word' id='word_1_648' title='bbox 2050 4408 2272 4448; x_wconf 82' lang='lat' dir='ltr'><strong>quintus</strong></span> <span class='ocrx_word' id='word_1_649' title='bbox 2325 4404 2380 4448; x_wconf 92' lang='lat' dir='ltr'><strong>et</strong></span> <span class='ocrx_word' id='word_1_650' title='bbox 2412 4406 2597 4448; x_wconf 76' lang='lat' dir='ltr'><strong>sextus</strong></span> <span class='ocrx_word' id='word_1_651' title='bbox 2637 4403 2694 4448; x_wconf 85' lang='lat' dir='ltr'><strong>et</strong></span> <span class='ocrx_word' id='word_1_652' title='bbox 2775 4396 2883 4448; x_wconf 92' lang='lat' dir='ltr'><strong>odl.</strong></span> <span class='ocrx_word' id='word_1_653' title='bbox 2930 4411 3052 4448; x_wconf 91' lang='lat' dir='ltr'><strong>cum</strong></span> <span class='ocrx_word' id='word_1_654' title='bbox 3104 4406 3332 4448; x_wconf 83' lang='lat' dir='ltr'><strong>utrooue</strong></span> 
     </span>
    </p>
   </div>
   <div class='ocr_carea' id='block_1_88' title="bbox 1763 4396 3334 4466">
    <p class='ocr_par' dir='ltr' id='par_1_88' title="bbox 1763 4396 3334 4466">
     <span class='ocr_line' id='line_1_89' title="bbox 1763 4396 3334 4466; baseline 0.003 -18"><span class='ocrx_word' id='word_1_655' title='bbox 1763 4406 2012 4464; x_wconf 87' lang='lat' dir='ltr'><strong>quartus,</strong></span> <span class='ocrx_word' id='word_1_656' title='bbox 2035 4397 2272 4466; x_wconf 82' lang='lat' dir='ltr'><strong>quintus</strong></span> <span class='ocrx_word' id='word_1_657' title='bbox 2325 4404 2380 4449; x_wconf 91' lang='lat' dir='ltr'><strong>et</strong></span> <span class='ocrx_word' id='word_1_658' title='bbox 2412 4406 2597 4466; x_wconf 77' lang='lat' dir='ltr'><strong>sextus</strong></span> <span class='ocrx_word' id='word_1_659' title='bbox 2637 4403 2694 4449; x_wconf 84' lang='lat' dir='ltr'><strong>et</strong></span> <span class='ocrx_word' id='word_1_660' title='bbox 2733 4396 2883 4450; x_wconf 87' lang='lat' dir='ltr'><strong>Bodl.</strong></span> <span class='ocrx_word' id='word_1_661' title='bbox 2930 4411 3052 4451; x_wconf 90' lang='lat' dir='ltr'><strong>cum</strong></span> <span class='ocrx_word' id='word_1_662' title='bbox 3104 4406 3334 4466; x_wconf 91' lang='lat' dir='ltr'><strong>utroque</strong></span> 
     </span>
    </p>
   </div>
   <div class='ocr_carea' id='block_1_89' title="bbox 118 4464 1659 4555">
    <p class='ocr_par' dir='ltr' id='par_1_89' title="bbox 118 4464 1658 4555">
     <span class='ocr_line' id='line_1_90' title="bbox 118 4464 1658 4555; baseline 0.001 -37"><span class='ocrx_word' id='word_1_663' title='bbox 118 4484 241 4521; x_wconf 90' lang='lat' dir='ltr'><strong>mum</strong></span> <span class='ocrx_word' id='word_1_664' title='bbox 291 4469 533 4555; x_wconf 74' lang='lat' dir='ltr'><strong>apposita</strong></span> <span class='ocrx_word' id='word_1_665' title='bbox 583 4479 663 4522; x_wconf 91' lang='lat' dir='ltr'><strong>est</strong></span> <span class='ocrx_word' id='word_1_666' title='bbox 701 4469 766 4522; x_wconf 92' lang='lat' dir='ltr'><strong>ad</strong></span> <span class='ocrx_word' id='word_1_667' title='bbox 815 4464 1132 4555; x_wconf 66' lang='lat' dir='ltr'><strong>marginem,</strong></span> <span class='ocrx_word' id='word_1_668' title='bbox 1186 4483 1250 4521; x_wconf 88' lang='lat' dir='ltr'><strong>eo</strong></span> <span class='ocrx_word' id='word_1_669' title='bbox 1302 4464 1558 4529; x_wconf 28' lang='lat' dir='ltr'><strong>collsilio.’</strong></span> <span class='ocrx_word' id='word_1_670' title='bbox 1601 4475 1658 4520; x_wconf 89' lang='lat' dir='ltr'><strong>ut</strong></span> 
     </span>
    </p>
   </div>
   <div class='ocr_carea' id='block_1_90' title="bbox 1765 4464 3335 4555">
    <p class='ocr_par' dir='ltr' id='par_1_90' title="bbox 1765 4464 3335 4555">
     <span class='ocr_line' id='line_1_91' title="bbox 1765 4464 3335 4555; baseline 0.001 -34"><span class='ocrx_word' id='word_1_671' title='bbox 1765 4467 1930 4555; x_wconf 59' lang='lat' dir='ltr'><strong>Eoisl.</strong></span> <span class='ocrx_word' id='word_1_672' title='bbox 1964 4464 2082 4518; x_wconf 63' lang='grc' dir='ltr'><strong>τού</strong></span> <span class='ocrx_word' id='word_1_673' title='bbox 2109 4465 2341 4555; x_wconf 65' lang='grc' dir='ltr'>σπέκλου</span> <span class='ocrx_word' id='word_1_674' title='bbox 2379 4464 2539 4533; x_wconf 83' lang='grc' dir='ltr'>φύσις</span> <span class='ocrx_word' id='word_1_675' title='bbox 2565 4482 2585 4555; x_wconf 49' lang='grc'><strong>.-</strong></span> <span class='ocrx_word' id='word_1_676' title='bbox 2637 4466 3124 4555; x_wconf 39' lang='grc' dir='ltr'>(ιιιιιφοιεςιίοιιεῃι</span> <span class='ocrx_word' id='word_1_677' title='bbox 3179 4464 3335 4551; x_wconf 69' lang='lat' dir='ltr'><strong>putat</strong></span> 
     </span>
    </p>
   </div>
   <div class='ocr_carea' id='block_1_91' title="bbox 120 4536 1655 4606">
    <p class='ocr_par' dir='ltr' id='par_1_91' title="bbox 120 4536 1655 4606">
     <span class='ocr_line' id='line_1_92' title="bbox 120 4536 1655 4606; baseline 0.003 -20"><span class='ocrx_word' id='word_1_678' title='bbox 120 4536 400 4594; x_wconf 83' lang='lat' dir='ltr'><strong>moneretur</strong></span> <span class='ocrx_word' id='word_1_679' title='bbox 430 4539 600 4592; x_wconf 88' lang='lat' dir='ltr'><strong>lector</strong></span> <span class='ocrx_word' id='word_1_680' title='bbox 626 4553 722 4603; x_wconf 92' lang='lat' dir='ltr'><strong>per</strong></span> <span class='ocrx_word' id='word_1_681' title='bbox 774 4536 958 4592; x_wconf 78' lang='lat' dir='ltr'><strong>vocem</strong></span> <span class='ocrx_word' id='word_1_682' title='bbox 997 4536 1150 4606; x_wconf 64' lang='grc' dir='ltr'>ὕψος,</span> <span class='ocrx_word' id='word_1_683' title='bbox 1198 4553 1301 4606; x_wconf 88' lang='lat' dir='ltr'><strong>qna</strong></span> <span class='ocrx_word' id='word_1_684' title='bbox 1360 4553 1489 4590; x_wconf 85' lang='lat' dir='ltr'><strong>usus</strong></span> <span class='ocrx_word' id='word_1_685' title='bbox 1538 4546 1655 4590; x_wconf 78' lang='lat' dir='ltr'><strong>erat</strong></span> 
     </span>
    </p>
   </div>
   <div class='ocr_carea' id='block_1_92' title="bbox 119 4606 1654 4676">
    <p class='ocr_par' dir='ltr' id='par_1_92' title="bbox 119 4606 1654 4676">
     <span class='ocr_line' id='line_1_93' title="bbox 119 4606 1654 4676; baseline 0.001 -18"><span class='ocrx_word' id='word_1_686' title='bbox 119 4606 339 4671; x_wconf 81' lang='lat' dir='ltr'><strong>Basilius.</strong></span> <span class='ocrx_word' id='word_1_687' title='bbox 381 4610 469 4664; x_wconf 85' lang='lat' dir='ltr'><strong>hic</strong></span> <span class='ocrx_word' id='word_1_688' title='bbox 514 4607 736 4676; x_wconf 82' lang='lat' dir='ltr'><strong>intelligi</strong></span> <span class='ocrx_word' id='word_1_689' title='bbox 781 4609 1139 4676; x_wconf 86' lang='lat' dir='ltr'><strong>profundum;</strong></span> <span class='ocrx_word' id='word_1_690' title='bbox 1171 4607 1363 4661; x_wconf 90' lang='lat' dir='ltr'><strong>deinde</strong></span> <span class='ocrx_word' id='word_1_691' title='bbox 1411 4607 1525 4660; x_wconf 67' lang='lat' dir='ltr'><strong>haec</strong></span> <span class='ocrx_word' id='word_1_692' title='bbox 1563 4621 1654 4660; x_wconf 88' lang='lat' dir='ltr'><strong>ea-</strong></span> 
     </span>
    </p>
   </div>
   <div class='ocr_carea' id='block_1_93' title="bbox 121 4678 1658 4758">
    <p class='ocr_par' dir='ltr' id='par_1_93' title="bbox 121 4678 1658 4758">
     <span class='ocr_line' id='line_1_94' title="bbox 121 4678 1658 4758; baseline 0 -29"><span class='ocrx_word' id='word_1_693' title='bbox 121 4680 337 4758; x_wconf 34' lang='lat' dir='ltr'><strong>tlem.vox</strong></span> <span class='ocrx_word' id='word_1_694' title='bbox 375 4679 531 4751; x_wconf 68' lang='grc' dir='ltr'>ὕψος,</span> <span class='ocrx_word' id='word_1_695' title='bbox 563 4679 704 4750; x_wconf 90' lang='lat' dir='ltr'><strong>quod</strong></span> <span class='ocrx_word' id='word_1_696' title='bbox 725 4693 866 4748; x_wconf 76' lang='lat' dir='ltr'><strong>saepe</strong></span> <span class='ocrx_word' id='word_1_697' title='bbox 896 4678 1096 4732; x_wconf 80' lang='lat' dir='ltr'><strong>factum</strong></span> <span class='ocrx_word' id='word_1_698' title='bbox 1125 4687 1228 4742; x_wconf 88' lang='lat' dir='ltr'><strong>est,</strong></span> <span class='ocrx_word' id='word_1_699' title='bbox 1255 4678 1307 4731; x_wconf 92' lang='lat' dir='ltr'><strong>in</strong></span> <span class='ocrx_word' id='word_1_700' title='bbox 1345 4686 1549 4731; x_wconf 79' lang='lat' dir='ltr'><strong>textum</strong></span> <span class='ocrx_word' id='word_1_701' title='bbox 1587 4678 1658 4729; x_wconf 88' lang='lat' dir='ltr'><strong>ir-</strong></span> 
     </span>
    </p>
   </div>
   <div class='ocr_carea' id='block_1_94' title="bbox 121 4758 283 4802">
    <p class='ocr_par' dir='ltr' id='par_1_94' title="bbox 121 4758 280 4802">
     <span class='ocr_line' id='line_1_95' title="bbox 121 4758 280 4802; baseline 0.025 -4"><span class='ocrx_word' id='word_1_702' title='bbox 121 4758 280 4802; x_wconf 64' lang='lat' dir='ltr'><strong>[CDSIL</strong></span> 
     </span>
    </p>
   </div>
   <div class='ocr_carea' id='block_1_95' title="bbox 174 4763 1656 4898">
    <p class='ocr_par' dir='ltr' id='par_1_95' title="bbox 174 4763 1656 4898">
     <span class='ocr_line' id='line_1_96' title="bbox 174 4763 1656 4898; baseline 0.001 -29"><span class='ocrx_word' id='word_1_703' title='bbox 174 4763 413 4898; x_wconf 50' lang='grc' dir='ltr'><strong>ῗέἓιλίυιιῐ</strong></span> <span class='ocrx_word' id='word_1_704' title='bbox 470 4835 600 4874; x_wconf 89' lang='lat' dir='ltr'><strong>mss.</strong></span> <span class='ocrx_word' id='word_1_705' title='bbox 635 4815 889 4898; x_wconf 74' lang='grc' dir='ltr'>νεφελῷν.</span> <span class='ocrx_word' id='word_1_706' title='bbox 935 4815 1271 4898; x_wconf 57' lang='grc' dir='ltr'><strong>Μοιηεόίιίο</strong></span> <span class='ocrx_word' id='word_1_707' title='bbox 1321 4815 1491 4898; x_wconf 61' lang='lat' dir='ltr'><strong>Paris.</strong></span> <span class='ocrx_word' id='word_1_708' title='bbox 1523 4819 1656 4898; x_wconf 48' lang='lat' dir='ltr'><strong>arro-</strong></span> 
     </span>
    </p>
   </div>
   <div class='ocr_carea' id='block_1_96' title="bbox 121 4884 1648 4957">
    <p class='ocr_par' dir='ltr' id='par_1_96' title="bbox 121 4884 1648 4957">
     <span class='ocr_line' id='line_1_97' title="bbox 121 4884 1648 4957; baseline 0.003 -19"><span class='ocrx_word' id='word_1_709' title='bbox 121 4884 390 4952; x_wconf 73' lang='grc' dir='ltr'>τελοῦντος,</span> <span class='ocrx_word' id='word_1_710' title='bbox 431 4899 589 4957; x_wconf 90' lang='lat' dir='ltr'><strong>prout</strong></span> <span class='ocrx_word' id='word_1_711' title='bbox 624 4890 1004 4943; x_wconf 88' lang='lat' dir='ltr'><strong>emendaverat</strong></span> <span class='ocrx_word' id='word_1_712' title='bbox 1051 4884 1412 4942; x_wconf 81' lang='lat' dir='ltr'><strong>Montacutius</strong></span> <span class='ocrx_word' id='word_1_713' title='bbox 1442 4902 1509 4942; x_wconf 80' lang='lat' dir='ltr'><strong>ex</strong></span> <span class='ocrx_word' id='word_1_714' title='bbox 1541 4891 1648 4943; x_wconf 86' lang='lat' dir='ltr'><strong>An-</strong></span> 
     </span>
    </p>
   </div>
   <div class='ocr_carea' id='block_1_97' title="bbox 123 4957 1656 5027">
    <p class='ocr_par' dir='ltr' id='par_1_97' title="bbox 123 4957 1656 5027">
     <span class='ocr_line' id='line_1_98' title="bbox 123 4957 1656 5027; baseline 0.002 -17"><span class='ocrx_word' id='word_1_715' title='bbox 123 4959 252 5025; x_wconf 88' lang='lat' dir='ltr'><strong>glicis</strong></span> <span class='ocrx_word' id='word_1_716' title='bbox 281 4976 403 5013; x_wconf 90' lang='lat' dir='ltr'><strong>mss.</strong></span> <span class='ocrx_word' id='word_1_717' title='bbox 437 4961 612 5014; x_wconf 82' lang='lat' dir='ltr'><strong>Editio</strong></span> <span class='ocrx_word' id='word_1_718' title='bbox 644 4959 804 5014; x_wconf 88' lang='lat' dir='ltr'><strong>Basil.</strong></span> <span class='ocrx_word' id='word_1_719' title='bbox 840 4973 961 5012; x_wconf 92' lang='lat' dir='ltr'><strong>cum</strong></span> <span class='ocrx_word' id='word_1_720' title='bbox 992 4957 1169 5025; x_wconf 80' lang='lat' dir='ltr'><strong>Regiis</strong></span> <span class='ocrx_word' id='word_1_721' title='bbox 1189 4959 1360 5026; x_wconf 89' lang='lat' dir='ltr'><strong>primo</strong></span> <span class='ocrx_word' id='word_1_722' title='bbox 1391 4967 1443 5011; x_wconf 89' lang='lat' dir='ltr'><strong>et</strong></span> <span class='ocrx_word' id='word_1_723' title='bbox 1467 4959 1656 5027; x_wconf 90' lang='lat' dir='ltr'><strong>quinto</strong></span> 
     </span>
    </p>
   </div>
   <div class='ocr_carea' id='block_1_98' title="bbox 125 5027 1657 5098">
    <p class='ocr_par' dir='ltr' id='par_1_98' title="bbox 125 5027 1657 5098">
     <span class='ocr_line' id='line_1_99' title="bbox 125 5027 1657 5098; baseline 0.003 -19"><span class='ocrx_word' id='word_1_724' title='bbox 125 5039 168 5080; x_wconf 86' lang='lat' dir='ltr'><strong>ct</strong></span> <span class='ocrx_word' id='word_1_725' title='bbox 193 5045 300 5083; x_wconf 84' lang='lat' dir='ltr'><strong>cum</strong></span> <span class='ocrx_word' id='word_1_726' title='bbox 336 5030 544 5082; x_wconf 83' lang='lat' dir='ltr'><strong>duobus</strong></span> <span class='ocrx_word' id='word_1_727' title='bbox 569 5030 720 5084; x_wconf 79' lang='lat' dir='ltr'><strong>Colb.</strong></span> <span class='ocrx_word' id='word_1_728' title='bbox 781 5029 1017 5098; x_wconf 88' lang='lat' dir='ltr'><strong>itemque</strong></span> <span class='ocrx_word' id='word_1_729' title='bbox 1059 5042 1178 5098; x_wconf 75' lang='lat' dir='ltr'><strong>cum</strong></span> <span class='ocrx_word' id='word_1_730' title='bbox 1232 5027 1397 5083; x_wconf 91' lang='lat' dir='ltr'><strong>Coisl.</strong></span> <span class='ocrx_word' id='word_1_731' title='bbox 1426 5039 1657 5098; x_wconf 89' lang='lat' dir='ltr'><strong>utroque</strong></span> 
     </span>
    </p>
   </div>
   <div class='ocr_carea' id='block_1_99' title="bbox 124 5095 1654 5169">
    <p class='ocr_par' dir='ltr' id='par_1_99' title="bbox 124 5095 1654 5169">
     <span class='ocr_line' id='line_1_100' title="bbox 124 5095 1654 5169; baseline 0.004 -20"><span class='ocrx_word' id='word_1_732' title='bbox 124 5108 169 5149; x_wconf 86' lang='lat' dir='ltr'><strong>ct</strong></span> <span class='ocrx_word' id='word_1_733' title='bbox 193 5098 327 5154; x_wconf 82' lang='lat' dir='ltr'><strong>Bodl.</strong></span> <span class='ocrx_word' id='word_1_734' title='bbox 368 5099 782 5161; x_wconf 81' lang='grc' dir='ltr'>ἁποτελοῦντας.</span> <span class='ocrx_word' id='word_1_735' title='bbox 822 5095 1057 5169; x_wconf 77' lang='lat' dir='ltr'><strong>Uterque</strong></span> <span class='ocrx_word' id='word_1_736' title='bbox 1092 5095 1408 5169; x_wconf 15' lang='lat' dir='ltr'><strong>rDuc._cum</strong></span> <span class='ocrx_word' id='word_1_737' title='bbox 1471 5095 1654 5169; x_wconf 77' lang='lat' dir='ltr'><strong>Regiis</strong></span> 
     </span>
    </p>
   </div>
   <div class='ocr_carea' id='block_1_100' title="bbox 126 5167 1657 5240">
    <p class='ocr_par' dir='ltr' id='par_1_100' title="bbox 126 5167 1657 5240">
     <span class='ocr_line' id='line_1_101' title="bbox 126 5167 1657 5240; baseline 0.003 -22"><span class='ocrx_word' id='word_1_738' title='bbox 126 5171 257 5240; x_wconf 77' lang='lat' dir='ltr'><strong>tertio</strong></span> <span class='ocrx_word' id='word_1_739' title='bbox 284 5180 334 5224; x_wconf 90' lang='lat' dir='ltr'><strong>et</strong></span> <span class='ocrx_word' id='word_1_740' title='bbox 361 5180 552 5240; x_wconf 80' lang='lat' dir='ltr'><strong>quarto</strong></span> <span class='ocrx_word' id='word_1_741' title='bbox 582 5181 636 5224; x_wconf 90' lang='lat' dir='ltr'><strong>et</strong></span> <span class='ocrx_word' id='word_1_742' title='bbox 663 5184 784 5240; x_wconf 88' lang='lat' dir='ltr'><strong>cum</strong></span> <span class='ocrx_word' id='word_1_743' title='bbox 829 5167 1188 5240; x_wconf 80' lang='lat' dir='ltr'><strong>aliis_dnobus</strong></span> <span class='ocrx_word' id='word_1_744' title='bbox 1244 5167 1427 5240; x_wconf 84' lang='lat' dir='ltr'><strong>Regiis</strong></span> <span class='ocrx_word' id='word_1_745' title='bbox 1456 5167 1657 5222; x_wconf 70' lang='grc' dir='ltr'>ἀποτε-</span> 
     </span>
    </p>
   </div>
   <div class='ocr_carea' id='block_1_101' title="bbox 126 5233 1654 5306">
    <p class='ocr_par' dir='ltr' id='par_1_101' title="bbox 126 5233 1654 5306">
     <span class='ocr_line' id='line_1_102' title="bbox 126 5233 1654 5306; baseline 0.005 -21"><span class='ocrx_word' id='word_1_746' title='bbox 126 5233 405 5306; x_wconf 73' lang='grc' dir='ltr'>λουμὲνους.</span> <span class='ocrx_word' id='word_1_747' title='bbox 445 5242 606 5294; x_wconf 88' lang='lat' dir='ltr'><strong>Deest</strong></span> <span class='ocrx_word' id='word_1_748' title='bbox 645 5239 737 5293; x_wconf 85' lang='grc' dir='ltr'><strong>καί</strong></span> <span class='ocrx_word' id='word_1_749' title='bbox 784 5247 908 5292; x_wconf 87' lang='lat' dir='ltr'><strong>ante</strong></span> <span class='ocrx_word' id='word_1_750' title='bbox 955 5237 1043 5292; x_wconf 78' lang='grc' dir='ltr'>διὰ</span> <span class='ocrx_word' id='word_1_751' title='bbox 1074 5238 1125 5291; x_wconf 93' lang='lat' dir='ltr'><strong>in</strong></span> <span class='ocrx_word' id='word_1_752' title='bbox 1182 5233 1654 5296; x_wconf 42' lang='lat' dir='ltr'><strong>mssfnonnullis.</strong></span> 
     </span>
    </p>
   </div>
   <div class='ocr_carea' id='block_1_102' title="bbox 126 5307 1652 5380">
    <p class='ocr_par' dir='ltr' id='par_1_102' title="bbox 126 5307 1652 5380">
     <span class='ocr_line' id='line_1_103' title="bbox 126 5307 1652 5380; baseline 0.004 -23"><span class='ocrx_word' id='word_1_753' title='bbox 126 5307 384 5380; x_wconf 71' lang='lat' dir='ltr'><strong>contarins</strong></span> <span class='ocrx_word' id='word_1_754' title='bbox 414 5313 558 5364; x_wconf 88' lang='lat' dir='ltr'><strong>hunc</strong></span> <span class='ocrx_word' id='word_1_755' title='bbox 597 5309 771 5363; x_wconf 91' lang='lat' dir='ltr'><strong>locum</strong></span> <span class='ocrx_word' id='word_1_756' title='bbox 820 5310 899 5363; x_wconf 89' lang='lat' dir='ltr'><strong>sic</strong></span> <span class='ocrx_word' id='word_1_757' title='bbox 930 5307 1358 5380; x_wconf 79' lang='lat' dir='ltr'><strong>interpretatur:</strong></span> <span class='ocrx_word' id='word_1_758' title='bbox 1394 5309 1469 5363; x_wconf 84' lang='lat' dir='ltr'><strong>Eo</strong></span> <span class='ocrx_word' id='word_1_759' title='bbox 1509 5309 1652 5380; x_wconf 64' lang='lat' dir='ltr'><strong>quod</strong></span> 
     </span>
    </p>
   </div>
   <div class='ocr_carea' id='block_1_103' title="bbox 127 5377 1651 5447">
    <p class='ocr_par' dir='ltr' id='par_1_103' title="bbox 127 5377 1651 5447">
     <span class='ocr_line' id='line_1_104' title="bbox 127 5377 1651 5447; baseline 0.005 -22"><span class='ocrx_word' id='word_1_760' title='bbox 127 5377 342 5429; x_wconf 72' lang='lat' dir='ltr'><strong>violenter</strong></span> <span class='ocrx_word' id='word_1_761' title='bbox 367 5388 642 5447; x_wconf 85' lang='lat' dir='ltr'><strong>erumpant</strong></span> <span class='ocrx_word' id='word_1_762' title='bbox 673 5380 922 5443; x_wconf 85' lang='lat' dir='ltr'><strong>strepitus</strong></span> <span class='ocrx_word' id='word_1_763' title='bbox 952 5381 1181 5432; x_wconf 86' lang='lat' dir='ltr'><strong>tonitrua</strong></span> <span class='ocrx_word' id='word_1_764' title='bbox 1205 5378 1500 5446; x_wconf 82' lang='lat' dir='ltr'><strong>efﬁcientes.</strong></span> <span class='ocrx_word' id='word_1_765' title='bbox 1521 5377 1651 5433; x_wconf 83' lang='grc' dir='ltr'><strong>Ευ-</strong></span> 
     </span>
    </p>
   </div>
   <div class='ocr_carea' id='block_1_104' title="bbox 128 5447 1657 5518">
    <p class='ocr_par' dir='ltr' id='par_1_104' title="bbox 128 5447 1657 5518">
     <span class='ocr_line' id='line_1_105' title="bbox 128 5447 1657 5518; baseline 0.005 -23"><span class='ocrx_word' id='word_1_766' title='bbox 128 5447 325 5518; x_wconf 72' lang='lat' dir='ltr'><strong>stantius</strong></span> <span class='ocrx_word' id='word_1_767' title='bbox 353 5464 503 5516; x_wconf 79' lang='lat' dir='ltr'><strong>vero,</strong></span> <span class='ocrx_word' id='word_1_768' title='bbox 531 5467 633 5518; x_wconf 88' lang='lat' dir='ltr'><strong>qua</strong></span> <span class='ocrx_word' id='word_1_769' title='bbox 664 5450 875 5518; x_wconf 77' lang='lat' dir='ltr'><strong>spiritus</strong></span> <span class='ocrx_word' id='word_1_770' title='bbox 904 5457 1178 5516; x_wconf 83' lang='lat' dir='ltr'><strong>conceptus</strong></span> <span class='ocrx_word' id='word_1_771' title='bbox 1203 5450 1256 5498; x_wconf 87' lang='lat' dir='ltr'><strong>iu</strong></span> <span class='ocrx_word' id='word_1_772' title='bbox 1284 5452 1524 5511; x_wconf 82' lang='lat' dir='ltr'><strong>nubibus,</strong></span> <span class='ocrx_word' id='word_1_773' title='bbox 1548 5453 1657 5502; x_wconf 87' lang='lat' dir='ltr'><strong>vio-</strong></span> 
     </span>
    </p>
   </div>
   <div class='ocr_carea' id='block_1_105' title="bbox 129 5512 1656 5587">
    <p class='ocr_par' dir='ltr' id='par_1_105' title="bbox 129 5512 1656 5587">
     <span class='ocr_line' id='line_1_106' title="bbox 129 5512 1656 5587; baseline 0.005 -23"><span class='ocrx_word' id='word_1_774' title='bbox 129 5512 354 5587; x_wconf 77' lang='lat' dir='ltr'><strong>lenlerque</strong></span> <span class='ocrx_word' id='word_1_775' title='bbox 395 5512 862 5587; x_wconf 52' lang='lat' dir='ltr'><strong>proruptus&#39;eﬂicit</strong></span> <span class='ocrx_word' id='word_1_776' title='bbox 908 5512 1094 5571; x_wconf 81' lang='lat' dir='ltr'><strong>sonant</strong></span> <span class='ocrx_word' id='word_1_777' title='bbox 1131 5518 1486 5575; x_wconf 85' lang='lat' dir='ltr'><strong>tonitrualem.</strong></span> <span class='ocrx_word' id='word_1_778' title='bbox 1543 5521 1656 5572; x_wconf 82' lang='lat' dir='ltr'><strong>An-</strong></span> 
     </span>
    </p>
   </div>
   <div class='ocr_carea' id='block_1_106' title="bbox 131 5584 1654 5661">
    <p class='ocr_par' dir='ltr' id='par_1_106' title="bbox 131 5584 1654 5661">
     <span class='ocr_line' id='line_1_107' title="bbox 131 5584 1654 5661; baseline 0.003 -23"><span class='ocrx_word' id='word_1_779' title='bbox 131 5584 242 5661; x_wconf 76' lang='lat' dir='ltr'><strong>glica</strong></span> <span class='ocrx_word' id='word_1_780' title='bbox 275 5584 423 5641; x_wconf 77' lang='lat' dir='ltr'><strong>lectio</strong></span> <span class='ocrx_word' id='word_1_781' title='bbox 456 5584 847 5661; x_wconf 70' lang='grc' dir='ltr'>ἀποτελοῦντος</span> <span class='ocrx_word' id='word_1_782' title='bbox 871 5603 1121 5661; x_wconf 84' lang='lat' dir='ltr'><strong>germana</strong></span> <span class='ocrx_word' id='word_1_783' title='bbox 1159 5597 1237 5643; x_wconf 90' lang='lat' dir='ltr'><strong>est</strong></span> <span class='ocrx_word' id='word_1_784' title='bbox 1273 5603 1338 5642; x_wconf 89' lang='lat' dir='ltr'><strong>ac</strong></span> <span class='ocrx_word' id='word_1_785' title='bbox 1382 5590 1608 5661; x_wconf 88' lang='lat' dir='ltr'><strong>genuina</strong></span> <span class='ocrx_word' id='word_1_786' title='bbox 1638 5607 1654 5643; x_wconf 86' lang='lat'><strong>:</strong></span> 
     </span>
    </p>
   </div>
   <div class='ocr_carea' id='block_1_107' title="bbox 136 5655 1651 5730">
    <p class='ocr_par' dir='ltr' id='par_1_107' title="bbox 136 5655 1651 5730">
     <span class='ocr_line' id='line_1_108' title="bbox 136 5655 1651 5730; baseline 0.001 -21"><span class='ocrx_word' id='word_1_787' title='bbox 136 5655 296 5730; x_wconf 75' lang='lat' dir='ltr'><strong>quippe</strong></span> <span class='ocrx_word' id='word_1_788' title='bbox 359 5674 454 5713; x_wconf 78' lang='lat' dir='ltr'><strong>vox</strong></span> <span class='ocrx_word' id='word_1_789' title='bbox 521 5655 907 5722; x_wconf 73' lang='grc' dir='ltr'>ἀποτελοῦντος</span> <span class='ocrx_word' id='word_1_790' title='bbox 958 5660 1023 5712; x_wconf 80' lang='lat' dir='ltr'><strong>ad</strong></span> <span class='ocrx_word' id='word_1_791' title='bbox 1085 5672 1269 5714; x_wconf 88' lang='lat' dir='ltr'><strong>vocem</strong></span> <span class='ocrx_word' id='word_1_792' title='bbox 1319 5655 1651 5730; x_wconf 76' lang='lat' dir='ltr'><strong>superiorem</strong></span> 
     </span>
    </p>
   </div>
   <div class='ocr_carea' id='block_1_108' title="bbox 132 5725 1655 5797">
    <p class='ocr_par' dir='ltr' id='par_1_108' title="bbox 132 5725 1655 5797">
     <span class='ocr_line' id='line_1_109' title="bbox 132 5725 1655 5797; baseline 0.008 -27"><span class='ocrx_word' id='word_1_793' title='bbox 132 5725 399 5796; x_wconf 70' lang='grc' dir='ltr'>πνεύματος</span> <span class='ocrx_word' id='word_1_794' title='bbox 431 5730 684 5797; x_wconf 85' lang='lat' dir='ltr'><strong>relcrtur,</strong></span> <span class='ocrx_word' id='word_1_795' title='bbox 719 5731 820 5786; x_wconf 90' lang='lat' dir='ltr'><strong>nisi</strong></span> <span class='ocrx_word' id='word_1_796' title='bbox 856 5730 1033 5786; x_wconf 88' lang='lat' dir='ltr'><strong>dicere</strong></span> <span class='ocrx_word' id='word_1_797' title='bbox 1072 5730 1244 5786; x_wconf 86' lang='lat' dir='ltr'><strong>mavis</strong></span> <span class='ocrx_word' id='word_1_798' title='bbox 1275 5725 1655 5788; x_wconf 76' lang='lat' dir='ltr'><strong>attractionem</strong></span> 
     </span>
    </p>
   </div>
   <div class='ocr_carea' id='block_1_109' title="bbox 134 5808 245 5848">
    <p class='ocr_par' dir='ltr' id='par_1_109' title="bbox 134 5808 245 5848">
     <span class='ocr_line' id='line_1_110' title="bbox 134 5808 245 5848; baseline 0.045 -5"><span class='ocrx_word' id='word_1_799' title='bbox 134 5808 245 5848; x_wconf 61' lang='lat'><strong>€558.</strong></span> 
     </span>
    </p>
   </div>
   <div class='ocr_carea' id='block_1_110' title="bbox 1768 4534 3332 4604">
    <p class='ocr_par' dir='ltr' id='par_1_110' title="bbox 1768 4534 3332 4604">
     <span class='ocr_line' id='line_1_111' title="bbox 1768 4534 3332 4604; baseline 0 -14"><span class='ocrx_word' id='word_1_800' title='bbox 1768 4538 1992 4590; x_wconf 67' lang='lat' dir='ltr'><strong>Ducmus</strong></span> <span class='ocrx_word' id='word_1_801' title='bbox 2020 4537 2331 4591; x_wconf 87' lang='lat' dir='ltr'><strong>mendosam</strong></span> <span class='ocrx_word' id='word_1_802' title='bbox 2366 4551 2485 4590; x_wconf 91' lang='lat' dir='ltr'><strong>esse</strong></span> <span class='ocrx_word' id='word_1_803' title='bbox 2527 4544 2692 4604; x_wconf 90' lang='lat' dir='ltr'><strong>atque</strong></span> <span class='ocrx_word' id='word_1_804' title='bbox 2733 4535 3005 4591; x_wconf 87' lang='lat' dir='ltr'><strong>vitiosam.</strong></span> <span class='ocrx_word' id='word_1_805' title='bbox 3033 4534 3194 4600; x_wconf 68' lang='lat' dir='ltr'><strong>Hinc,</strong></span> <span class='ocrx_word' id='word_1_806' title='bbox 3226 4538 3332 4591; x_wconf 83' lang='lat' dir='ltr'><strong>nisi</strong></span> 
     </span>
    </p>
   </div>
   <div class='ocr_carea' id='block_1_111' title="bbox 1762 4605 3333 4672">
    <p class='ocr_par' dir='ltr' id='par_1_111' title="bbox 1762 4605 3333 4672">
     <span class='ocr_line' id='line_1_112' title="bbox 1762 4605 3333 4672; baseline 0.001 -13"><span class='ocrx_word' id='word_1_807' title='bbox 1762 4607 1915 4660; x_wconf 89' lang='lat' dir='ltr'><strong>valde</strong></span> <span class='ocrx_word' id='word_1_808' title='bbox 1942 4606 2120 4671; x_wconf 84' lang='lat' dir='ltr'><strong>fallor,</strong></span> <span class='ocrx_word' id='word_1_809' title='bbox 2149 4606 2348 4659; x_wconf 81' lang='lat' dir='ltr'><strong>factum</strong></span> <span class='ocrx_word' id='word_1_810' title='bbox 2375 4615 2476 4672; x_wconf 90' lang='lat' dir='ltr'><strong>est,</strong></span> <span class='ocrx_word' id='word_1_811' title='bbox 2505 4615 2563 4659; x_wconf 93' lang='lat' dir='ltr'><strong>ut</strong></span> <span class='ocrx_word' id='word_1_812' title='bbox 2593 4605 2757 4660; x_wconf 89' lang='lat' dir='ltr'><strong>editio</strong></span> <span class='ocrx_word' id='word_1_813' title='bbox 2792 4605 2968 4660; x_wconf 88' lang='lat' dir='ltr'><strong>Paris.</strong></span> <span class='ocrx_word' id='word_1_814' title='bbox 2999 4606 3192 4660; x_wconf 84' lang='lat' dir='ltr'><strong>habeat</strong></span> <span class='ocrx_word' id='word_1_815' title='bbox 3235 4605 3333 4661; x_wconf 77' lang='grc' dir='ltr'>τοῦ</span> 
     </span>
    </p>
   </div>
   <div class='ocr_carea' id='block_1_112' title="bbox 1764 4674 3335 4748">
    <p class='ocr_par' dir='ltr' id='par_1_112' title="bbox 1764 4674 3335 4748">
     <span class='ocr_line' id='line_1_113' title="bbox 1764 4674 3335 4748; baseline 0.001 -18"><span class='ocrx_word' id='word_1_816' title='bbox 1764 4676 2091 4748; x_wconf 88' lang='grc' dir='ltr'>σπεκλαρίου</span> <span class='ocrx_word' id='word_1_817' title='bbox 2138 4674 2318 4748; x_wconf 75' lang='grc' dir='ltr'>φύσις.</span> <span class='ocrx_word' id='word_1_818' title='bbox 2376 4674 2571 4748; x_wconf 75' lang='lat' dir='ltr'><strong>verum</strong></span> <span class='ocrx_word' id='word_1_819' title='bbox 2613 4691 2739 4748; x_wconf 78' lang='lat' dir='ltr'><strong>non</strong></span> <span class='ocrx_word' id='word_1_820' title='bbox 2777 4675 2935 4730; x_wconf 75' lang='lat' dir='ltr'><strong>facile</strong></span> <span class='ocrx_word' id='word_1_821' title='bbox 2993 4676 3230 4748; x_wconf 80' lang='lat' dir='ltr'><strong>adducar</strong></span> <span class='ocrx_word' id='word_1_822' title='bbox 3272 4688 3335 4731; x_wconf 91' lang='lat' dir='ltr'><strong>ut</strong></span> 
     </span>
    </p>
   </div>
   <div class='ocr_carea' id='block_1_113' title="bbox 1762 4743 3335 4802">
    <p class='ocr_par' dir='ltr' id='par_1_113' title="bbox 1762 4743 3335 4802">
     <span class='ocr_line' id='line_1_114' title="bbox 1762 4743 3335 4802; baseline -0.001 0"><span class='ocrx_word' id='word_1_823' title='bbox 1762 4743 2159 4802; x_wconf 32' lang='lat' dir='ltr'><strong>credam&#39;cum’</strong></span> <span class='ocrx_word' id='word_1_824' title='bbox 2184 4747 2380 4800; x_wconf 70' lang='lat' dir='ltr'><strong>Duceeo</strong></span> <span class='ocrx_word' id='word_1_825' title='bbox 2413 4746 2696 4801; x_wconf 91' lang='lat' dir='ltr'><strong>lectionem</strong></span> <span class='ocrx_word' id='word_1_826' title='bbox 2729 4745 2866 4799; x_wconf 79' lang='lat' dir='ltr'><strong>lianc</strong></span> <span class='ocrx_word' id='word_1_827' title='bbox 2917 4743 3153 4798; x_wconf 87' lang='grc' dir='ltr'>σπέκλου</span> <span class='ocrx_word' id='word_1_828' title='bbox 3195 4747 3335 4801; x_wconf 87' lang='lat' dir='ltr'><strong>inter</strong></span> 
     </span>
    </p>
   </div>
   <div class='ocr_carea' id='block_1_114' title="bbox 1766 4813 3332 4872">
    <p class='ocr_par' dir='ltr' id='par_1_114' title="bbox 1766 4813 3332 4872">
     <span class='ocr_line' id='line_1_115' title="bbox 1766 4813 3332 4872; baseline -0.001 -1"><span class='ocrx_word' id='word_1_829' title='bbox 1766 4818 1958 4872; x_wconf 90' lang='lat' dir='ltr'><strong>menda</strong></span> <span class='ocrx_word' id='word_1_830' title='bbox 2003 4816 2388 4871; x_wconf 86' lang='lat' dir='ltr'><strong>recensendam</strong></span> <span class='ocrx_word' id='word_1_831' title='bbox 2427 4830 2566 4870; x_wconf 91' lang='lat' dir='ltr'><strong>esse.</strong></span> <span class='ocrx_word' id='word_1_832' title='bbox 2623 4813 2901 4869; x_wconf 85' lang='lat' dir='ltr'><strong>Libentius</strong></span> <span class='ocrx_word' id='word_1_833' title='bbox 2960 4825 3034 4870; x_wconf 92' lang='lat' dir='ltr'><strong>tot</strong></span> <span class='ocrx_word' id='word_1_834' title='bbox 3085 4816 3332 4870; x_wconf 91' lang='lat' dir='ltr'><strong>codicum</strong></span> 
     </span>
    </p>
   </div>
   <div class='ocr_carea' id='block_1_115' title="bbox 1764 4885 3332 4955">
    <p class='ocr_par' dir='ltr' id='par_1_115' title="bbox 1764 4885 3332 4955">
     <span class='ocr_line' id='line_1_116' title="bbox 1764 4885 3332 4955; baseline -0.003 -12"><span class='ocrx_word' id='word_1_835' title='bbox 1764 4902 1960 4955; x_wconf 87' lang='lat' dir='ltr'><strong>sequor</strong></span> <span class='ocrx_word' id='word_1_836' title='bbox 1993 4887 2395 4950; x_wconf 88' lang='lat' dir='ltr'><strong>auctoritatem,</strong></span> <span class='ocrx_word' id='word_1_837' title='bbox 2450 4886 2793 4954; x_wconf 88' lang='lat' dir='ltr'><strong>arbitrorque</strong></span> <span class='ocrx_word' id='word_1_838' title='bbox 2850 4900 3035 4955; x_wconf 81' lang='lat' dir='ltr'><strong>vocem</strong></span> <span class='ocrx_word' id='word_1_839' title='bbox 3092 4885 3332 4939; x_wconf 86' lang='grc' dir='ltr'>σπέκλου</span> 
     </span>
    </p>
   </div>
   <div class='ocr_carea' id='block_1_116' title="bbox 1764 4953 3336 5022">
    <p class='ocr_par' dir='ltr' id='par_1_116' title="bbox 1764 4953 3336 5022">
     <span class='ocr_line' id='line_1_117' title="bbox 1764 4953 3336 5022; baseline -0.002 -10"><span class='ocrx_word' id='word_1_840' title='bbox 1764 4953 2162 5012; x_wconf 84' lang='lat' dir='ltr'><strong>substantivum</strong></span> <span class='ocrx_word' id='word_1_841' title='bbox 2225 4970 2363 5019; x_wconf 85' lang='lat' dir='ltr'><strong>esse,</strong></span> <span class='ocrx_word' id='word_1_842' title='bbox 2413 4956 2553 5010; x_wconf 90' lang='lat' dir='ltr'><strong>unde</strong></span> <span class='ocrx_word' id='word_1_843' title='bbox 2616 4953 2720 5010; x_wconf 67' lang='lat' dir='ltr'><strong>vos</strong></span> <span class='ocrx_word' id='word_1_844' title='bbox 2776 4953 3040 5022; x_wconf 89' lang='lat' dir='ltr'><strong>adjectiva</strong></span> <span class='ocrx_word' id='word_1_845' title='bbox 3095 4957 3336 5009; x_wconf 82' lang='grc' dir='ltr'>σπεκλά-</span> 
     </span>
    </p>
   </div>
   <div class='ocr_carea' id='block_1_117' title="bbox 1765 5025 3335 5099">
    <p class='ocr_par' dir='ltr' id='par_1_117' title="bbox 1765 5025 3335 5099">
     <span class='ocr_line' id='line_1_118' title="bbox 1765 5025 3335 5099; baseline -0.001 -19"><span class='ocrx_word' id='word_1_846' title='bbox 1765 5044 1880 5099; x_wconf 90' lang='grc' dir='ltr'>ριος</span> <span class='ocrx_word' id='word_1_847' title='bbox 1915 5026 2307 5099; x_wconf 81' lang='lat' dir='ltr'><strong>derivatur._Et</strong></span> <span class='ocrx_word' id='word_1_848' title='bbox 2329 5040 2588 5099; x_wconf 66' lang='lat' dir='ltr'><strong>vero__vox</strong></span> <span class='ocrx_word' id='word_1_849' title='bbox 2619 5025 2928 5099; x_wconf 82' lang='lat' dir='ltr'><strong>specularis,</strong></span> <span class='ocrx_word' id='word_1_850' title='bbox 2964 5041 3081 5099; x_wconf 53' lang='lat' dir='ltr'><strong>qua:</strong></span> <span class='ocrx_word' id='word_1_851' title='bbox 3105 5040 3335 5099; x_wconf 62' lang='lat' dir='ltr'><strong>respon~</strong></span> 
     </span>
    </p>
   </div>
   <div class='ocr_carea' id='block_1_118' title="bbox 1765 5094 3333 5167">
    <p class='ocr_par' dir='ltr' id='par_1_118' title="bbox 1765 5094 3333 5167">
     <span class='ocr_line' id='line_1_119' title="bbox 1765 5094 3333 5167; baseline 0 -16"><span class='ocrx_word' id='word_1_852' title='bbox 1765 5094 1854 5152; x_wconf 70' lang='lat' dir='ltr'><strong>ilet</strong></span> <span class='ocrx_word' id='word_1_853' title='bbox 1879 5098 1992 5151; x_wconf 90' lang='lat' dir='ltr'><strong>voci</strong></span> <span class='ocrx_word' id='word_1_854' title='bbox 2023 5096 2372 5167; x_wconf 84' lang='grc' dir='ltr'>σπεκλάριος,</span> <span class='ocrx_word' id='word_1_855' title='bbox 2399 5096 2660 5167; x_wconf 82' lang='lat' dir='ltr'><strong>adjective</strong></span> <span class='ocrx_word' id='word_1_856' title='bbox 2689 5097 2925 5167; x_wconf 73' lang='lat' dir='ltr'><strong>sumitur</strong></span> <span class='ocrx_word' id='word_1_857' title='bbox 2946 5094 3082 5167; x_wconf 77' lang='lat' dir='ltr'><strong>apud</strong></span> <span class='ocrx_word' id='word_1_858' title='bbox 3102 5094 3333 5151; x_wconf 87' lang='lat' dir='ltr'><strong>Plinium</strong></span> 
     </span>
    </p>
   </div>
   <div class='ocr_carea' id='block_1_119' title="bbox 1767 5165 3325 5237">
    <p class='ocr_par' dir='ltr' id='par_1_119' title="bbox 1767 5165 3325 5237">
     <span class='ocr_line' id='line_1_120' title="bbox 1767 5165 3325 5237; baseline -0.002 -16"><span class='ocrx_word' id='word_1_859' title='bbox 1767 5168 1858 5222; x_wconf 93' lang='lat' dir='ltr'><strong>lib.</strong></span> <span class='ocrx_word' id='word_1_860' title='bbox 1903 5183 1982 5230; x_wconf 84' lang='lat' dir='ltr'><strong>Ill,</strong></span> <span class='ocrx_word' id='word_1_861' title='bbox 2026 5184 2144 5237; x_wconf 91' lang='lat' dir='ltr'><strong>cap.</strong></span> <span class='ocrx_word' id='word_1_862' title='bbox 2172 5165 2261 5231; x_wconf 77' lang='lat' dir='ltr'><strong>5i,</strong></span> <span class='ocrx_word' id='word_1_863' title='bbox 2293 5167 2382 5220; x_wconf 87' lang='lat' dir='ltr'><strong>ubi</strong></span> <span class='ocrx_word' id='word_1_864' title='bbox 2412 5165 2524 5220; x_wconf 70' lang='lat' dir='ltr'><strong>haec</strong></span> <span class='ocrx_word' id='word_1_865' title='bbox 2547 5166 2836 5237; x_wconf 73' lang='lat' dir='ltr'><strong>leguntur:</strong></span> <span class='ocrx_word' id='word_1_866' title='bbox 2870 5165 3174 5237; x_wconf 78' lang='lat' dir='ltr'><strong>Metallis...</strong></span> <span class='ocrx_word' id='word_1_867' title='bbox 3212 5177 3325 5237; x_wconf 78' lang='lat' dir='ltr'><strong>tota</strong></span> 
     </span>
    </p>
   </div>
   <div class='ocr_carea' id='block_1_120' title="bbox 1765 5235 3334 5306">
    <p class='ocr_par' dir='ltr' id='par_1_120' title="bbox 1765 5235 3334 5306">
     <span class='ocr_line' id='line_1_121' title="bbox 1765 5235 3334 5306; baseline -0.002 -15"><span class='ocrx_word' id='word_1_868' title='bbox 1765 5239 1926 5306; x_wconf 87' lang='lat' dir='ltr'><strong>ferme</strong></span> <span class='ocrx_word' id='word_1_869' title='bbox 1972 5235 2230 5304; x_wconf 80' lang='lat' dir='ltr'><strong>Hispania</strong></span> <span class='ocrx_word' id='word_1_870' title='bbox 2279 5247 2490 5292; x_wconf 82' lang='lat' dir='ltr'><strong>scatet:</strong></span> <span class='ocrx_word' id='word_1_871' title='bbox 2528 5235 2757 5291; x_wconf 83' lang='lat' dir='ltr'><strong>Citerior</strong></span> <span class='ocrx_word' id='word_1_872' title='bbox 2781 5248 2827 5289; x_wconf 89' lang='lat' dir='ltr'><strong>et</strong></span> <span class='ocrx_word' id='word_1_873' title='bbox 2856 5236 3213 5303; x_wconf 75' lang='lat' dir='ltr'><strong>specularibus</strong></span> <span class='ocrx_word' id='word_1_874' title='bbox 3251 5236 3334 5288; x_wconf 88' lang='lat' dir='ltr'><strong>la-</strong></span> 
     </span>
    </p>
   </div>
   <div class='ocr_carea' id='block_1_121' title="bbox 1762 5307 3331 5377">
    <p class='ocr_par' dir='ltr' id='par_1_121' title="bbox 1762 5307 3331 5377">
     <span class='ocr_line' id='line_1_122' title="bbox 1762 5307 3331 5377; baseline -0.001 -17"><span class='ocrx_word' id='word_1_875' title='bbox 1762 5309 1988 5377; x_wconf 81' lang='lat' dir='ltr'><strong>pidibus.</strong></span> <span class='ocrx_word' id='word_1_876' title='bbox 2022 5308 2086 5361; x_wconf 87' lang='lat' dir='ltr'><strong>Et</strong></span> <span class='ocrx_word' id='word_1_877' title='bbox 2113 5307 2204 5360; x_wconf 89' lang='lat' dir='ltr'><strong>lib.</strong></span> <span class='ocrx_word' id='word_1_878' title='bbox 2235 5322 2348 5377; x_wconf 68' lang='lat' dir='ltr'><strong>xsl,</strong></span> <span class='ocrx_word' id='word_1_879' title='bbox 2376 5321 2496 5375; x_wconf 89' lang='lat' dir='ltr'><strong>cap.</strong></span> <span class='ocrx_word' id='word_1_880' title='bbox 2530 5307 2596 5360; x_wconf 74' lang='lat' dir='ltr'><strong>M</strong></span> <span class='ocrx_word' id='word_1_881' title='bbox 2631 5323 2644 5358; x_wconf 88' lang='lat'><strong>:</strong></span> <span class='ocrx_word' id='word_1_882' title='bbox 2685 5307 2855 5360; x_wconf 83' lang='lat' dir='ltr'><strong>Multa</strong></span> <span class='ocrx_word' id='word_1_883' title='bbox 2888 5308 3120 5377; x_wconf 83' lang='lat' dir='ltr'><strong>alvearia</strong></span> <span class='ocrx_word' id='word_1_884' title='bbox 3144 5322 3331 5371; x_wconf 87' lang='lat' dir='ltr'><strong>specu-</strong></span> 
     </span>
    </p>
   </div>
   <div class='ocr_carea' id='block_1_122' title="bbox 1762 5376 3334 5446">
    <p class='ocr_par' dir='ltr' id='par_1_122' title="bbox 1762 5376 3334 5446">
     <span class='ocr_line' id='line_1_123' title="bbox 1762 5376 3334 5446; baseline -0.002 -16"><span class='ocrx_word' id='word_1_885' title='bbox 1762 5376 1862 5430; x_wconf 84' lang='lat' dir='ltr'><strong>lari</strong></span> <span class='ocrx_word' id='word_1_886' title='bbox 1879 5377 2050 5446; x_wconf 82' lang='lat' dir='ltr'><strong>lapide</strong></span> <span class='ocrx_word' id='word_1_887' title='bbox 2072 5379 2252 5446; x_wconf 81' lang='lat' dir='ltr'><strong>fecere.</strong></span> <span class='ocrx_word' id='word_1_888' title='bbox 2272 5376 2630 5440; x_wconf 85' lang='lat' dir='ltr'><strong>Quamobrem</strong></span> <span class='ocrx_word' id='word_1_889' title='bbox 2654 5377 2938 5441; x_wconf 89' lang='lat' dir='ltr'><strong>edidimus,</strong></span> <span class='ocrx_word' id='word_1_890' title='bbox 2957 5376 3030 5428; x_wconf 81' lang='lat' dir='ltr'><strong>uti</strong></span> <span class='ocrx_word' id='word_1_891' title='bbox 3056 5377 3107 5446; x_wconf 90' lang='lat' dir='ltr'><strong>in</strong></span> <span class='ocrx_word' id='word_1_892' title='bbox 3132 5377 3334 5430; x_wconf 85' lang='lat' dir='ltr'><strong>codici-</strong></span> 
     </span>
    </p>
   </div>
   <div class='ocr_carea' id='block_1_123' title="bbox 1763 5445 3330 5518">
    <p class='ocr_par' dir='ltr' id='par_1_123' title="bbox 1763 5445 3330 5518">
     <span class='ocr_line' id='line_1_124' title="bbox 1763 5445 3330 5518; baseline -0.003 -16"><span class='ocrx_word' id='word_1_893' title='bbox 1763 5449 1862 5502; x_wconf 88' lang='lat' dir='ltr'><strong>bus</strong></span> <span class='ocrx_word' id='word_1_894' title='bbox 1893 5445 2019 5502; x_wconf 84' lang='lat' dir='ltr'><strong>niss.</strong></span> <span class='ocrx_word' id='word_1_895' title='bbox 2055 5445 2324 5518; x_wconf 57' lang='lat' dir='ltr'><strong>legitimi}</strong></span> <span class='ocrx_word' id='word_1_896' title='bbox 2356 5447 2387 5517; x_wconf 81' lang='grc' dir='ltr'>ἡ</span> <span class='ocrx_word' id='word_1_897' title='bbox 2423 5447 2516 5500; x_wconf 76' lang='grc' dir='ltr'><strong>τοῦ</strong></span> <span class='ocrx_word' id='word_1_898' title='bbox 2547 5446 2782 5500; x_wconf 84' lang='grc' dir='ltr'>σπέκλου</span> <span class='ocrx_word' id='word_1_899' title='bbox 2820 5446 2998 5518; x_wconf 73' lang='grc' dir='ltr'>φύσις,</span> <span class='ocrx_word' id='word_1_900' title='bbox 3022 5445 3134 5518; x_wconf 76' lang='lat' dir='ltr'><strong>Aut</strong></span> <span class='ocrx_word' id='word_1_901' title='bbox 3157 5446 3330 5505; x_wconf 80' lang='lat' dir='ltr'><strong>qualis</strong></span> 
     </span>
    </p>
   </div>
   <div class='ocr_carea' id='block_1_124' title="bbox 1762 5517 3098 5586">
    <p class='ocr_par' dir='ltr' id='par_1_124' title="bbox 1762 5517 3098 5586">
     <span class='ocr_line' id='line_1_125' title="bbox 1762 5517 3098 5586; baseline -0.001 -16"><span class='ocrx_word' id='word_1_902' title='bbox 1762 5527 1835 5570; x_wconf 79' lang='lat' dir='ltr'><strong>est</strong></span> <span class='ocrx_word' id='word_1_903' title='bbox 1867 5519 2022 5582; x_wconf 86' lang='lat' dir='ltr'><strong>specli</strong></span> <span class='ocrx_word' id='word_1_904' title='bbox 2052 5517 2266 5581; x_wconf 78' lang='lat' dir='ltr'><strong>natura,</strong></span> <span class='ocrx_word' id='word_1_905' title='bbox 2299 5517 2396 5571; x_wconf 82' lang='lat' dir='ltr'><strong>lioc</strong></span> <span class='ocrx_word' id='word_1_906' title='bbox 2426 5528 2529 5581; x_wconf 91' lang='lat' dir='ltr'><strong>est,</strong></span> <span class='ocrx_word' id='word_1_907' title='bbox 2555 5518 2839 5586; x_wconf 72' lang='lat' dir='ltr'><strong>specularia</strong></span> <span class='ocrx_word' id='word_1_908' title='bbox 2884 5517 3098 5583; x_wconf 69' lang='lat' dir='ltr'><strong>lapidis.</strong></span> 
     </span>
    </p>
   </div>
   <div class='ocr_carea' id='block_1_125' title="bbox 1833 5584 3330 5658">
    <p class='ocr_par' dir='ltr' id='par_1_125' title="bbox 1833 5584 3330 5658">
     <span class='ocr_line' id='line_1_126' title="bbox 1833 5584 3330 5658; baseline -0.001 -16"><span class='ocrx_word' id='word_1_909' title='bbox 1833 5588 1908 5656; x_wconf 84' lang='lat'><strong>(5)</strong></span> <span class='ocrx_word' id='word_1_910' title='bbox 1940 5589 2076 5642; x_wconf 84' lang='lat' dir='ltr'><strong>Editi</strong></span> <span class='ocrx_word' id='word_1_911' title='bbox 2113 5603 2232 5641; x_wconf 89' lang='lat' dir='ltr'><strong>cum</strong></span> <span class='ocrx_word' id='word_1_912' title='bbox 2266 5587 2533 5654; x_wconf 87' lang='lat' dir='ltr'><strong>aliquibus</strong></span> <span class='ocrx_word' id='word_1_913' title='bbox 2581 5584 2713 5642; x_wconf 43' lang='lat' dir='ltr'><strong>&#39;tnss.</strong></span> <span class='ocrx_word' id='word_1_914' title='bbox 2740 5586 2848 5638; x_wconf 80' lang='grc' dir='ltr'>τῶν</span> <span class='ocrx_word' id='word_1_915' title='bbox 2882 5587 3148 5658; x_wconf 89' lang='grc' dir='ltr'>οὐρανίων</span> <span class='ocrx_word' id='word_1_916' title='bbox 3182 5603 3194 5616; x_wconf 87' lang='grc'><strong>·</strong></span> <span class='ocrx_word' id='word_1_917' title='bbox 3235 5584 3330 5640; x_wconf 86' lang='lat' dir='ltr'><strong>alii</strong></span> 
     </span>
    </p>
   </div>
   <div class='ocr_carea' id='block_1_126' title="bbox 1761 5657 3329 5729">
    <p class='ocr_par' dir='ltr' id='par_1_126' title="bbox 1761 5657 3329 5729">
     <span class='ocr_line' id='line_1_127' title="bbox 1761 5657 3329 5729; baseline 0.001 -21"><span class='ocrx_word' id='word_1_918' title='bbox 1761 5659 1980 5729; x_wconf 87' lang='lat' dir='ltr'><strong>quidam</strong></span> <span class='ocrx_word' id='word_1_919' title='bbox 2018 5673 2147 5711; x_wconf 87' lang='lat' dir='ltr'><strong>mss.</strong></span> <span class='ocrx_word' id='word_1_920' title='bbox 2187 5658 2293 5710; x_wconf 82' lang='grc' dir='ltr'>τῶν</span> <span class='ocrx_word' id='word_1_921' title='bbox 2321 5658 2582 5728; x_wconf 86' lang='grc' dir='ltr'>οὐρανῶν.</span> <span class='ocrx_word' id='word_1_922' title='bbox 2619 5658 2737 5710; x_wconf 76' lang='lat' dir='ltr'><strong>Mox</strong></span> <span class='ocrx_word' id='word_1_923' title='bbox 2794 5657 2962 5729; x_wconf 83' lang='lat' dir='ltr'><strong>editio</strong></span> <span class='ocrx_word' id='word_1_924' title='bbox 3010 5657 3167 5711; x_wconf 82' lang='lat' dir='ltr'><strong>Basil.</strong></span> <span class='ocrx_word' id='word_1_925' title='bbox 3202 5672 3329 5709; x_wconf 88' lang='lat' dir='ltr'><strong>cum</strong></span> 
     </span>
    </p>
   </div>
   <div class='ocr_carea' id='block_1_127' title="bbox 1764 5728 3331 5797">
    <p class='ocr_par' dir='ltr' id='par_1_127' title="bbox 1764 5728 3331 5797">
     <span class='ocr_line' id='line_1_128' title="bbox 1764 5728 3331 5797; baseline -0.001 -15"><span class='ocrx_word' id='word_1_926' title='bbox 1764 5728 1891 5783; x_wconf 85' lang='lat' dir='ltr'><strong>mss.</strong></span> <span class='ocrx_word' id='word_1_927' title='bbox 1918 5729 2159 5796; x_wconf 85' lang='lat' dir='ltr'><strong>plurimis</strong></span> <span class='ocrx_word' id='word_1_928' title='bbox 2192 5729 2327 5782; x_wconf 92' lang='lat' dir='ltr'><strong>inter</strong></span> <span class='ocrx_word' id='word_1_929' title='bbox 2359 5745 2492 5794; x_wconf 85' lang='lat' dir='ltr'><strong>quos</strong></span> <span class='ocrx_word' id='word_1_930' title='bbox 2531 5740 2882 5781; x_wconf 77' lang='lat' dir='ltr'><strong>numerantur</strong></span> <span class='ocrx_word' id='word_1_931' title='bbox 2909 5728 3072 5783; x_wconf 90' lang='lat' dir='ltr'><strong>Coisl.</strong></span> <span class='ocrx_word' id='word_1_932' title='bbox 3104 5737 3331 5797; x_wconf 82' lang='lat' dir='ltr'><strong>uterth</strong></span> 
     </span>
    </p>
   </div>
   <div class='ocr_carea' id='block_1_128' title="bbox 1765 5798 2952 5856">
    <p class='ocr_par' dir='ltr' id='par_1_128' title="bbox 1765 5798 2952 5856">
     <span class='ocr_line' id='line_1_129' title="bbox 1765 5798 2952 5856; baseline -0.003 0"><span class='ocrx_word' id='word_1_933' title='bbox 1765 5810 1816 5856; x_wconf 91' lang='lat' dir='ltr'><strong>et</strong></span> <span class='ocrx_word' id='word_1_934' title='bbox 1851 5798 1998 5855; x_wconf 85' lang='lat' dir='ltr'><strong>Bodl.</strong></span> <span class='ocrx_word' id='word_1_935' title='bbox 2029 5799 2146 5853; x_wconf 72' lang='grc' dir='ltr'>οὐδὲ</span> <span class='ocrx_word' id='word_1_936' title='bbox 2179 5800 2245 5853; x_wconf 84' lang='grc' dir='ltr'><strong>εξ.</strong></span> <span class='ocrx_word' id='word_1_937' title='bbox 2289 5800 2463 5856; x_wconf 78' lang='grc' dir='ltr'><strong>Εύίιὶο</strong></span> <span class='ocrx_word' id='word_1_938' title='bbox 2498 5799 2668 5853; x_wconf 80' lang='lat' dir='ltr'><strong>Paris.</strong></span> <span class='ocrx_word' id='word_1_939' title='bbox 2699 5798 2818 5852; x_wconf 79' lang='grc' dir='ltr'><strong>οὐδέ</strong></span> <span class='ocrx_word' id='word_1_940' title='bbox 2852 5799 2952 5853; x_wconf 81' lang='grc' dir='ltr'>ὅτι.</span> 
     </span>
    </p>
   </div>
  </div>
