4098 6326
144 339 222 393 65
1287 333 1571 387 llOMlLlA
1611 331 1677 385 lll
1722 333 1732 384 1

1834 331 2109 387 [ΗΞΧᾹΕΜ
2122 331 2323 386 ΕΗΟΝ.
3331 334 3398 387 6‘3

151 454 311 508 Ἔδει
332 456 387 508 δὲ
416 455 550 526 μήτε
584 452 768 504 στάσιν
808 448 945 506 εἶναι
994 452 1127 521 πρδς
1164 451 1385 522 ἄλληλα,
1426 453 1557 520 μήτε
1583 456 1639 506 ἐν
1666 454 1729 521 τῇ

1837 452 2279 518 corruptionem:
2328 449 2629 517 corrumpit
2684 451 2934 503 nimirum
2981 465 3177 519 aquam
3216 450 3355 517 ignis
3382 489 3399 513 ,

144 548 409 603 παντελεῖ
431 546 522 600 τοῦ
556 546 741 617 ἐτέρου
772 547 1009 615 ὲκλείῷει
1045 546 1293 619 ἀψορμὴν
1325 547 1733 616 παρασχεοῆναι

141 638 231 708 τῷ
265 641 430 691 παντὶ
473 636 609 708 πρὸς
644 639 905 691 διάλυσιν.
958 636 1237 709 Τοσαύτην
1269 638 1378 708 (ιῦ)
1429 638 1521 690 τοῦ
1568 639 1733 708 ὑγροῦ

140 730 253 799 τὴν
284 726 447 797 φύσιν
465 727 759 797 οἰκονομῶν
788 726 847 777 τὸ
894 728 1002 795 πᾶν
1016 729 1373 798 προαπέθετο,
1410 726 1551 779 ὥστε
1576 730 1733 798 μέχρι

139 820 262 872 τῶν
312 820 659 890 τεταγμένων
711 818 852 886 ὅρων
895 816 993 887 τῆς
1026 820 1119 873 τοῦ
1174 820 1377 887 κόσμου
1426 819 1734 881 συστάσεως

141 906 300 960 κατὰ
348 909 543 977 μικρὸν
571 909 635 976 τῇ
670 905 896 975 δυνάμει
921 908 1015 961 τοῦ
1051 910 1219 980 πυρὸς
1256 908 1733 980 ἐξαναλισκόμενον

138 999 450 1070 ἀντισχεῖν.
498 1001 555 1050 Ὀ
585 997 761 1050 τοίνυν
802 998 1011 1054 ἅπαντα
1046 1001 1269 1071 σταθμῷ
1295 1001 1389 1052 καὶ
1418 1001 1598 1074 μέτρῳ
1622 1004 1734 1055 δια-

138 1088 455 1163 ταξάμενος
478 1089 797 1162 (ἀριθμηταὶ
825 1091 933 1164 γὰρ
950 1094 1118 1163 αὐτῷ,
1165 1092 1304 1145 κατὰ
1337 1094 1427 1146 τὸν
1473 1095 1611 1158 Ἰὼϐ,
1640 1096 1733 1148 καὶ

143 1186 417 1253 σταγόνες
458 1183 594 1237 εἰσιν
645 1183 821 1254 ὑετοῦ)
853 1186 967 1257 ᾔδει
1001 1188 1162 1238 πόσον
1195 1184 1273 1255 τῷ
1303 1186 1489 1254 κόσμῳ
1546 1187 1733 1255 χρόνον

141 1274 437 1346 ἀφώρισεν
488 1274 569 1338 είς
628 1274 909 1348 διαμονὴν,
966 1278 1062 1332 καὶ
1119 1277 1288 1348 πόσην
1329 1277 1434 1347 χρὴ
1479 1276 1557 1345 τῷ
1602 1279 1734 1348 πυρὶ

138 1365 560 1437 πρωποοέσθαι
585 1366 849 1439 δαπάνην.
877 1364 1047 1433 Οὗτος
1079 1374 1107 1423 6
1137 1370 1291 1439 λόγος
1308 1372 1407 1441 τῆς
1427 1373 1522 1423 τοῦ
1546 1370 1735 1432 ὓδατος

140 1463 472 1532 περιουσίας
498 1464 639 1519 κατὰ
671 1464 769 1535 τὴν
824 1464 1018 1516 κτίσιν.
1065 1462 1223 1513 Ἀλλὰ
1278 1462 1381 1531 μὴν
1432 1460 1490 1513 τό
1537 1477 1599 1528 γε
1640 1461 1732 1514 τοῦ

139 1557 327 1627 πυρὸς
358 1558 653 1627 ἀναγκαῖον
706 1558 783 1626 τῷ
825 1557 1037 1625 κόσμῳ,
1071 1556 1245 1617 οὐδεὶς
1279 1553 1451 1616 οὕτως
1490 1554 1593 1621 ἔξω
1638 1556 1731 1610 τού

142 1645 269 1714 βίου
298 1650 661 1710 παντάπασιν,
695 1646 837 1699 ὣστε
864 1648 964 1715 τῆς
995 1647 1059 1699 ἐκ
1090 1644 1184 1698 τοῦ
1208 1645 1367 1713 λόγου
1387 1647 1733 1711 διδασκαλίας

139 1739 525 1807 προσδεῖσθαι’
562 1738 623 1790 ού
667 1738 828 1806 μόνον
859 1738 939 1791 ὅτι
980 1739 1036 1791 αἱ
1088 1742 1399 1791 συνεκτικαὶ
1436 1740 1536 1808 τῆς
1588 1739 1733 1809 ζωῆς

1837 557 1957 595 cum
2002 553 2221 609 prarstat
2262 541 2515 594 viribus:
2574 540 2808 592 destruit
2844 557 2970 594 vero
3018 544 3196 613 ignem
3240 556 3401 607 aqua,

1836 650 1957 686 cum
1991 635 2143 701 copia
2186 633 2463 705 prrevalet.
2496 632 2791 701 Oportebat
2845 642 3023 685 autem
3064 650 3237 705 neque
3268 633 3406 687 sedi-

1841 726 2040 778 tionem
2072 724 2211 777 inter
2242 741 2299 779 se
2340 739 2482 787 esse,
2524 738 2694 790 neque
2737 722 3109 775 dissolutionis
3150 727 3263 778 dari
3309 739 3404 779 oc—

1836 818 2111 871 casionem
2143 818 2419 883 universo,
2456 818 2526 871 ob
2562 818 2823 886 integrum
2855 816 3079 870 alterius
3108 815 3399 870 delectum.

1837 904 2063 960 Tantam
2105 908 2350 961 humoris
2385 918 2632 961 naturam
2667 908 2953 975 praestituit
3008 906 3171 960 totius
3208 908 3402 975 guber-

1836 1012 2017 1067 nator,
2046 1013 2103 1056 ut
2142 1017 2315 1071 usque
2360 1006 2424 1057 ad
2481 1014 2713 1058 statutos
2768 1002 3171 1056 constitutionis
3216 1002 3402 1055 mundi

1838 1095 2097 1149 terminos
2120 1136 2136 1158 ,
2181 1095 2307 1147 dum
2349 1095 2608 1163 paulatim
2643 1095 2785 1164 ignis
2827 1095 2876 1147 vi
2909 1095 3231 1158 absumitur,
3267 1094 3403 1148 resi-

1834 1198 2023 1245 steret.
2065 1188 2131 1241 Et
2153 1203 2279 1243 vero
2310 1190 2399 1257 qui
2432 1198 2621 1241 cuncta
2671 1190 2905 1256 pondere
2934 1197 2986 1240 et
3020 1200 3267 1242 mensura
3295 1187 3406 1240 dis-

1835 1283 2012 1350 posuit
2045 1282 2093 1313 “
2125 1282 2512 1353 (numerabiles
2540 1284 2683 1335 enim
2709 1293 2835 1335 sunt
2858 1280 2956 1350 ipsi
2978 1281 3273 1334 secundum
3305 1278 3404 1332 Job

1835 1377 1917 1429 vel
1953 1376 2146 1443 pluvia:
2182 1385 2347 1445 gutta:
2382 1375 2462 1444 “)
2487 1415 2503 1439 ,
2549 1383 2775 1428 noverat
2800 1374 2883 1428 ille
2908 1382 3116 1443 quanto
3164 1382 3406 1440 tempore

1837 1469 2131 1520 secundum
2160 1466 2535 1536 praascriptum
2562 1482 2716 1519 suum
2751 1467 3045 1520 duraturus
3074 1474 3220 1519 esset
3248 1480 3405 1517 mun-

1835 1559 1957 1623 dus,
1984 1571 2354 1631 quantumque
2376 1560 2555 1631 pabuli
2575 1568 2851 1629 oporteret
2879 1560 2983 1628 igni
3022 1566 3402 1627 praeparatum.

1836 1649 1969 1705 Eam
2001 1654 2069 1705 ob
2103 1667 2323 1706 causam
2368 1670 2506 1723 aqua
2552 1654 2602 1706 in
2646 1652 2921 1707 creatione
2953 1651 3033 1705 sic
3083 1650 3399 1705 abundavit.

1834 1744 1999 1815 Atqui
2038 1744 2218 1798 nullus
2269 1760 2438 1813 usque
2492 1750 2627 1801 adeo
2674 1756 2829 1799 extra
2858 1744 3023 1797 vitam
3061 1745 3267 1811 positus
3296 1752 3402 1802 est,

137 1828 312 1898 ἡμῶν
329 1827 621 1898 τέχναιτῆς
649 1827 895 1899 ἐμπύρου
926 1828 1185 1898 ἐργασίας
1216 1828 1516 1882 ἐπιδέονται
1543 1831 1732 1892 πᾶσαι,

1838 1834 1886 1887 ei
1924 1845 1982 1887 ut
2033 1835 2104 1889 sit
2137 1849 2292 1903 opus,
2336 1842 2394 1887 ut
2436 1835 2610 1903 ignem
2655 1837 2852 1889 mundo
2886 1834 3247 1889 necessarium
3286 1847 3406 1884 esse

139 1920 444 1991 ὑφαντικὴ,
478 1921 640 1991 λέγω,
706 1923 800 1977 καὶ
829 1920 1212 1993 σκυτοτομικὴ,
1263 1922 1356 1975 καὶ
1398 1922 1732 1993 οἰκοδομικὴ,

139 2011 246 2063 καὶ
276 2012 540 2084 γεωργία,
578 2012 692 2066 ἀλλ’
730 2014 813 2066 ὅτι
852 2012 975 2067 οὔτε
1020 2012 1251 2085 δένδρων
1278 2013 1570 2084 βλάστησις
1600 2011 1735 2084 (16),

138 2101 207 2154 οὐ
268 2103 498 2173 καρπῶν
539 2103 721 2172 πέψις,
773 2106 834 2157 οὐ
865 2103 1018 2167 ζώων
1056 2106 1283 2172 ἐγγείων
1314 2106 1470 2175 ἢτῶν
1504 2105 1737 2177 ἐνύδρων

140 2191 393 2257 γένεσις,
415 2194 513 2261 οὐχ
545 2195 598 2245 αί
633 2193 836 2247 τούτων
882 2196 1080 2265 τροφαὶ
1115 2196 1148 2265 ἢ
1185 2195 1245 2259 ἐξ
1290 2197 1463 2265 ἀρχῆς
1509 2197 1574 2250 ἂν
1615 2215 1739 2250 συν-

140 2284 410 2354 ἔστησαν,
446 2284 478 2355 ἢ
507 2286 642 2358 πρὸς
674 2286 865 2358 χρόνον
922 2286 1235 2359 διήρκεσαν,
1280 2288 1373 2340 τοῦ
1408 2288 1609 2359 Θερμοῦ
1662 2291 1736 2359 μὴ

142 2377 442 2448 παρόντος.
476 2379 683 2434 Οὐκοῦν
713 2381 986 2449 ἀναγκαία
1014 2382 1112 2453 μὲν
1144 2380 1238 2436 τοῦ
1261 2382 1465 2454 θερμοῦ
1498 2385 1530 2453 ἡ
1564 2383 1739 2448 κτίσις

140 2467 240 2521 διὰ
300 2469 399 2541 τὴν
426 2470 535 2523 τῶν
560 2473 898 2543 γιγνομένων
934 2473 1189 2528 σύστασίν
1222 2492 1280 2528 τε
1326 2476 1421 2529 καὶ
1454 2474 1737 2547 διαμονήν·

142 2560 427 2627 ἀναγκαία
468 2562 523 2616 δὲ
556 2564 650 2616 τοῦ
686 2565 852 2636 ὑγροῦ
881 2567 914 2635 ὴ
943 2566 1213 2635 δαψίλεια,
1263 2567 1349 2620 διά
1388 2568 1738 2621 τὸάπαυστον

144 2648 296 2704 εἶναι
333 2655 425 2706 καὶ
445 2655 823 2726 ἀπαραίτητον
846 2657 940 2710 τοῦ
974 2658 1147 2730 πυρὸς
1178 2658 1275 2729 τὴν
1296 2659 1558 2731 δαπάνην.

1843 1924 2052 1979 ratiooe
2100 1928 2432 1980 edoceatur:
2486 1941 2590 1979 non
2645 1926 2816 1979 solum
2859 1928 2997 1993 quod
3021 1937 3168 1981 artes
3206 1926 3406 1993 quibus

1842 2025 2027 2069 nostra
2065 2018 2172 2070 vita
2208 2028 2563 2071 conservatur
2587 2058 2602 2080 ,
2653 2017 2790 2087 ignis
2818 2015 3101 2070 eﬂicientia
3136 2020 3405 2087 indigeant

1839 2124 2050 2177 omnes,
2084 2109 2339 2175 textorio,
2370 2110 2611 2179 inquam,
2648 2108 3317 2173 sutoria,arcbitectonicc
3352 2117 3406 2160 et

1840 2201 2193 2273 agricultura,
2228 2202 2324 2255 sed
2365 2201 2507 2272 quod
2548 2216 2720 2271 neque
2757 2201 3012 2255 arborum
3054 2200 3403 2271 germinatio,

1841 2309 2016 2363 neque
2044 2294 2327 2347 maturitas
2359 2294 2653 2356 fructuum,
2700 2307 2875 2359 neque
2926 2302 3018 2345 aut
3061 2296 3402 2346 terrestrium

1843 2394 1935 2438 aut
1987 2385 2299 2453 aquatilium
2360 2385 2669 2438 animalium
2712 2385 3029 2453 generatio,
3078 2399 3249 2452 neque
3315 2385 3405 2436 bo-

1844 2488 1960 2527 rum
1996 2474 2273 2540 alimenta,
2327 2487 2419 2529 aut
2464 2477 2834 2530 constitissent
2884 2474 2951 2529 ab
2997 2476 3171 2542 initio,
3206 2484 3297 2528 aut
3338 2474 3404 2526 ad

1842 2574 2053 2634 tempus
2088 2576 2562 2634 perseverassent,
2610 2566 2789 2620 calore
2823 2582 2929 2621 non
2972 2577 3255 2634 prmscnte.
3297 2564 3402 2617 Ne-

1842 2659 2077 2713 cessaria
2133 2658 2297 2727 igitur
2349 2670 2431 2713 est
2470 2660 2667 2713 caloris
2708 2660 2949 2723 creatio;
2984 2669 3041 2712 ut
3069 2676 3130 2713 ea
3166 2674 3285 2728 qure
3319 2659 3402 2727 gi-

149 2753 418 2816 gnuntur,
451 2756 507 2801 et
527 2749 894 2816 coagmentari
919 2751 1125 2819 possint
1155 2758 1207 2805 et
1262 2764 1595 2819 permanere.
1661 2750 1867 2804 Rursus
1929 2764 2081 2819 aqua:
2144 2750 2471 2805 abundantia
2508 2761 2626 2805 erat
2670 2752 3097 2821 pernecessaria,
3136 2751 3277 2819 quod
3324 2752 3405 2803 vis

148 2837 301 2907 ignis
351 2852 675 2895 consumens
708 2840 1133 2909 interquiescere
1180 2858 1286 2897 non
1319 2854 1503 2912 queat,
1545 2857 1720 2912 neque
1756 2844 1934 2898 vitari.

220 2928 279 2983 6.
330 2929 662 3001 Περίϐλεψαι
702 2933 883 2985 πᾶσαν
942 2934 1043 3005 τὴν
1099 2934 1296 2999 κτίσιν,
1348 2934 1443 2989 καὶ
1475 2933 1594 3005 ὕψει
1641 2934 1732 2987 τοῦ

1909 2932 1958 2986 6.
1994 2933 2362 3003 Circumspice
2390 2950 2581 2990 omnes
2616 2951 2703 2989 res
2724 2944 2954 2997 creatas,
2977 2944 3027 2987 et
3059 2934 3259 2987 caloris
3294 2934 3400 2985 vim

149 3023 363 3095 θερμοῦ
386 3023 484 3096 τὴν
516 3023 743 3098 δύναμιν
763 3030 875 3092 τοῖς
908 3030 964 3081 ἐν
999 3027 1209 3101 γενέσει
1239 3030 1332 3082 καὶ
1370 3027 1546 3100 φθορᾷ
1572 3029 1736 3081 πᾶσιν

147 3115 664 3171 ὲνδυναστεύουσαν.
697 3118 796 3172 Διά
821 3118 981 3174 τοῦτο
1011 3119 1144 3173 πολὺ
1175 3118 1235 3173 τὸ
1264 3119 1406 3190 ὕδωρ
1445 3120 1588 3191 ὑπὲρ
1630 3118 1733 3189 γῆς

151 3205 479 3273 κεχυμένον,
496 3206 590 3259 καὶ
622 3208 948 3278 ὑπερέκεινα
976 3208 1083 3263 τῶν
1099 3208 1393 3279 ὁρωμένων
1414 3208 1732 3279 ἀπενεχθὲν,

150 3297 249 3348 καὶ
286 3295 511 3364 προσέτι
542 3299 705 3350 παντὶ
741 3299 819 3368 τῷ
842 3299 995 3367 βάθει
1030 3300 1131 3368 τῆς
1169 3298 1275 3368 γῆς
1307 3298 1730 3369 ὲνεσπαρμένον.

153 3385 324 3439 Ὀοεν
353 3387 545 3458 πηγῶν
600 3390 870 3459 ἀφθονίαι,
897 3391 991 3443 καὶ
1026 3390 1277 3461 φρεάτων
1324 3388 1593 3461 σύρῥοιαι,
1644 3392 1735 3444 καὶ

152 3478 419 3549 ποταμῶν
443 3479 711 3551 ῥεύματα,
740 3483 1055 3554 χειμάρῥων
1079 3500 1135 3535 τε
1171 3482 1262 3535 καὶ
1290 3483 1547 3547 ἀεννάων,
1595 3483 1733 3558 ὑπὲρ

149 3572 249 3633 τοῦ
283 3573 340 3625 ἑν
384 3573 596 3638 πολλοῖς
644 3576 738 3628 καὶ
778 3577 1040 3641 ποικίλοις
1080 3576 1321 3647 ταμείοις
1362 3577 1732 3650 διατηρείσθαι

147 3665 251 3736 τὴν
289 3666 555 3738 ὑγρασίαν
592 3666 722 3738 (l7).
762 3668 857 3720 Ἐκ
888 3668 987 3739 μέν
1022 3685 1085 3736 γε
1123 3669 1225 3739 τῆς
1254 3668 1329 3721 Et»
1354 3667 1460 3721 ἀπὸ
1491 3671 1590 3739 μὲν
1616 3688 1729 3741 χειο

154 3758 395 3826 μερινῶν
412 3758 630 3827 τροπῶν
651 3761 679 3813 6
715 3758 873 3821 Ἰνδὸς
906 3762 990 3829 ῥεῖ
1018 3762 1280 3829 ποταμὸς,
1317 3761 1492 3831 ῥεῦμα
1516 3762 1732 3815 πάντων

154 3849 440 3919 ποταμίων
476 3850 682 3904 ὑδάτων
715 3851 982 3916 πλεῖστον,
1016 3852 1092 3914 ὼς
1119 3854 1169 3905 οἱ
1199 3851 1295 3915 τὰς
1325 3854 1604 3924 περιόδους
1634 3853 1733 3923 τῆς

148 3942 252 4011 γῆς
283 3941 693 4011 ἀναγράφοντες
745 3946 1113 4015 ἱστορήκασιν·
1148 3945 1255 3998 άπὸ
1296 3944 1353 3998 δὲ
1405 3945 1512 3997 τῶν
1555 3946 1732 4015 μέσων

148 4032 248 4101 τῆς
270 4032 538 4104 ἀνατολῆς
557 4034 585 4086 ὃ
610 4050 667 4085 τε
699 4034 961 4104 Βάκτρος,
981 4036 1075 4089 καὶ
1104 4038 1133 4090 6
1159 4036 1439 4107 Χοάσπης,
1465 4038 1556 4089 καὶ
1574 4040 1603 4088 6
1620 4038 1731 4103 (18)

162 4121 423 4194 Ἀράξης,
452 4125 545 4193 ἀφ’
573 4116 635 4178 οὗ
660 4126 754 4178 καὶ
784 4127 813 4178 6
840 4126 1041 4190 Τάναϊς
1074 4126 1501 4197 ἁποσχιξόμενυς
1525 4129 1605 4190 εἰς
1635 4128 1730 4199 τὴν

149 4213 399 4267 Μαιῶτιν
421 4213 588 4279 ἔξεισι
616 4216 828 4286 λίμνην
850 4216 944 4269 καὶ
970 4217 1106 4287 πρὸς
1126 4217 1333 4280 τούτοις
1357 4220 1384 4270 6
1406 4217 1591 4282 Φάσις,
1623 4218 1729 4271 τῶν

150 4302 482 4357 Καυκασίων
526 4304 667 4376 ὀρῶν
698 4305 1007 4377 ἀπορρέων,
1059 4307 1152 4360 καὶ
1188 4306 1371 4378 μυρίοι
1391 4307 1567 4379 ἕτεροι
1624 4310 1731 4363 ἀπὸ
1762 4288 1807 4344 θ

150 4394 255 4448 τῶν
276 4396 540 4467 ἀρκτῴων
566 4397 748 4451 τόπων
778 4398 871 4451 ἐπὶ
901 4398 992 4451 τὸν
1018 4397 1267 4465 Εὔξεινον
1300 4400 1501 4453 Πόντον
1533 4401 1726 4472 φέρον-

149 4502 255 4539 ται·
284 4486 394 4539 ἀπὸ
434 4487 491 4539 δὲ
533 4487 641 4558 (19)
673 4488 893 4560 δυσμῶν
924 4490 1030 4543 τῶν
1068 4490 1294 4561 θερινῶν
1334 4491 1438 4548 ὑπὸ
1459 4492 1518 4545 τὸ
1544 4493 1728 4565 Πυρη-

151 4583 298 4634 ναῖον
328 4581 454 4651 ὄρος
492 4581 771 4651 Ταρτησός
809 4600 868 4634 τε
903 4585 996 4636 καὶ
1042 4586 1273 4655 Ἴστροςο
1310 4579 1384 4639 ὧν
1428 4589 1457 4638 6
1504 4586 1601 4655 μὲν
1630 4587 1724 4639 ἐπὶ

151 4674 242 4743 τὴν
277 4672 385 4738 ἔξω
413 4672 628 4746 Στηλῶν
676 4674 891 4742 ἀφίεται
932 4673 1225 4739 θάλασσαν,
1256 4679 1283 4729 6
1308 4676 1364 4729 δὲ
1384 4679 1613 4747 Ἴστρος,
1637 4676 1725 4730 διά

150 4766 240 4835 τῆς
276 4764 546 4836 Εὐρώπης
573 4764 735 4837 ῥέων,
768 4766 860 4817 ἐπὶ
885 4766 976 4819 τὸν
1006 4766 1205 4819 Πόντον
1240 4767 1505 4820 ἐκδίδωσι.
1526 4769 1633 4820 Καὶ
1672 4770 1725 4821 τί

151 4854 370 4920 δεῐτοὺς
398 4856 591 4921 ἄλλους
617 4856 1073 4929 ἀπαριθμεϊσθαι,
1105 4857 1198 4917 οὓς
1218 4858 1275 4910 αί
1310 4856 1494 4910 Ῥιπαὶ
1524 4857 1725 4925 γεννῶ-

218 5028 413 5100 “Sap.
439 5044 516 5093 ιι,
536 5031 626 5089 ει.
685 5032 733 5064 ⁸⁸
760 5030 861 5088 Job
878 5043 1071 5097 XXXVI,
1095 5030 1187 5086 27.

216 5212 331 5282 (l5)
370 5211 546 5265 Editio
602 5211 776 5282 Paris.
805 5211 1073 5281 τοσαύτην
1101 5206 1215 5265 οὖν.
1267 5213 1332 5265 At
1376 5212 1715 5282 desideratur

153 5277 236 5335 οὖν
292 5277 343 5335 in
372 5281 609 5337 editione
637 5281 803 5339 Baril.
838 5285 1000 5339 inaue
1029 5277 1328 5337 codicibus
1386 5298 1514 5335 mss.
1560 5281 1713 5335 llaud

156 5350 307 5421 longe
339 5351 496 5405 Colb.
523 5353 791 5421 secundus
816 5363 871 5407 et
911 5350 1044 5421 lteg.
1075 5363 1297 5405 octavus
1332 5353 1365 5421 6
1388 5350 1712 5421 οἰκονομῶν.

154 5420 287 5475 Infra
325 5423 466 5493 idem
513 5420 665 5493 Colb.
716 5420 1215 5493 secundus’ndwai
1249 5420 1492 5493 σταθμῷ.

215 5493 331 5561 (16)
360 5491 436 5545 Ita
488 5492 642 5562 multi
688 5507 817 5546 mss.
851 5492 992 5548 Editi
1024 5508 1149 5548 cum
1190 5492 1322 5562 Reg.
1360 5490 1547 5546 octavo
1584 5490 1712 5561 βλα-

158 5567 432 5632 στήσεις...
462 5561 722 5629 πέψεις...
752 5562 1015 5631 γενέσεις.

157 5633 331 5756 ὶιε(17)
354 5631 512 5720 Celb.
529 5635 758 5717 ‘primus
784 5643 838 5687 et
866 5633 1004 5713 Heg.
1029 5641 1255 5687 octavus
1280 5648 1406 5712 cum.
1430 5646 1530 5685 ms.
1558 5632 1712 5688 Com-

239 5741 252 5756 .
284 5705 386 5756 τὴν
410 5718 585 5756 υγραν
615 5702 824 5756 οὐσίαν.
860 5704 1125 5755 humidam
1151 5705 1516 5755 substantiam.

239 5741 252 5757 .
284 5702 386 5775 τὴν
410 5702 585 5775 ὑγρὰν
615 5702 824 5767 οὐσίαν,
860 5704 1125 5775 humidam
1151 5705 1516 5775 substantiam.

221 5773 436 5846 (18)'lta
463 5773 683 5827 codices
699 5788 800 5827 non
819 5773 1182 5842 pauci.Abest
1213 5773 1469 5828 articulus
1494 5774 1557 5827 ab
1577 5773 1709 5828 edit.

465 5863 744 5924 Ριτιοι..
790 5864 909 5926 Gn.
956 5864 1193 5925 XXIX.

1841 3024 1893 3078 in
1925 3023 2176 3079 omnibus
2222 3040 2342 3095 qua:
2379 3039 2710 3096 generantur
2758 3041 2820 3079 ac
2860 3036 3300 3095 corrumpuntur,
3328 3026 3403 3077 vi-

1839 3116 1993 3172 debis
2031 3116 2317 3171 dominari.
2354 3117 2559 3173 Idcirco
2600 3118 2765 3172 umlta
2814 3133 2953 3187 aqua
2991 3118 3156 3172 eﬂ‘nsa
3186 3126 3267 3172 est
3308 3134 3398 3173 su-

1838 3222 1935 3275 per
1967 3218 2194 3272 terram,
2243 3220 2404 3278 atque
2452 3212 2591 3264 ultra
2620 3226 2681 3266 ea
2725 3227 2842 3279 quae
2873 3212 2971 3265 sub
3002 3222 3277 3279 aspectum
3311 3226 3403 3264 ve-

1838 3299 2015 3367 niunt,
2052 3311 2352 3357 transvecta
2377 3313 2483 3364 est,
2520 3313 2572 3358 et
2601 3306 2819 3371 insuper
2860 3304 2954 3357 toti
2988 3312 3143 3358 terra:
3181 3303 3404 3371 proluu-

1836 3389 1991 3444 ditati
2020 3389 2117 3443 fuit
2151 3391 2412 3462 inspersa.
2448 3391 2599 3448 Unde
2631 3392 2859 3448 fontium
2884 3394 3061 3462 cepia,
3092 3394 3404 3461 congeries-

1835 3496 1939 3550 que
1974 3491 2279 3551 puteorum,
2307 3495 2360 3539 et
2390 3484 2587 3539 ﬂuenta
2614 3486 2924 3550 ﬂuviorum,
2954 3496 3059 3538 tam
3089 3501 3275 3540 eorum
3308 3489 3401 3556 qui

1836 3584 2107 3628 torrentes
2152 3587 2298 3639 sum,
2345 3591 2507 3643 quam
2563 3591 2749 3630 eorum
2792 3578 2882 3646 qui
2931 3592 3224 3645 perennes,
3254 3587 3310 3631 ut
3346 3579 3401 3632 in

1836 3663 2018 3715 multis
2050 3672 2105 3717 et
2137 3664 2300 3719 variis
2350 3667 2734 3735 promptuariis
2768 3680 3177 3723 conservaretur
3226 3670 3403 3724 humi-

1834 3754 1995 3808 ditas.
2031 3754 2094 3809 Et
2130 3758 2346 3827 quidem
2370 3772 2437 3814 ex
2465 3759 2673 3815 oriente
2702 3763 2768 3815 ab
2801 3761 3026 3815 hiberno
3060 3760 3290 3815 solstitio
3317 3762 3403 3815 ln-

1835 3846 1936 3900 tltts
1994 3845 2186 3905 ﬂuvius
2240 3862 2465 3920 manat,
2528 3852 2722 3907 ﬂumen
2788 3855 3032 3907 omnium
3105 3854 3400 3908 ﬂuvialium

1835 3951 2101 4007 aquarum
2145 3944 2476 4009 maximum,
2518 3946 2663 3997 velut
2705 3945 2756 3997 bi
2804 3946 2893 4013 qui
2924 3956 3081 3999 terra:
3111 3946 3399 3999 circuitum

1835 4030 2193 4101 descripsere,
2233 4034 2625 4103 prodiderunt:
2676 4050 2705 4088 a
2736 4036 2914 4090 medio
2948 4048 3125 4090 autem
3162 4036 3401 4093 Orientis

1845 4124 2090 4189 Bactrus,
2113 4135 2173 4180 et
2200 4124 2490 4195 Choaspes,
2537 4135 2591 4179 et
2622 4128 2851 4189 Araxes,
2893 4142 2921 4178 a
2959 4142 3068 4197 quo
3117 4136 3171 4181 et
3201 4128 3399 4183 Tanais

1834 4218 2064 4272 diﬂissus
2111 4218 2161 4272 in
2198 4216 2496 4272 Mmotidem
2550 4218 2660 4289 28
2715 4219 2962 4286 paludem
3021 4220 3297 4278 dilabitur.
3336 4223 3401 4276 Et

1834 4321 2029 4379 praeter
2062 4310 2159 4365 hos
2192 4311 2382 4366 Phasis
2413 4327 2440 4364 a
2467 4310 2743 4367 Caucasiis
2776 4314 3051 4367 momibus
3083 4312 3327 4379 cﬂlncns,
3347 4325 3404 4367 et

1834 4403 2098 4456 innumeri
2117 4402 2204 4456 alii
2233 4418 2262 4455 a
2290 4402 2797 4472 septentrionalibus
2820 4402 2950 4455 locis
2971 4402 3020 4455 in
3036 4401 3263 4456 Pontum
3296 4403 3403 4457 Eu-

1834 4496 2021 4548 xinum
2062 4494 2325 4549 feruntur.
2367 4494 2587 4559 Contra,
2622 4494 2689 4547 ab
2725 4507 2927 4545 occasu
2960 4493 3147 4546 aestivo
3168 4493 3266 4546 sub
3290 4492 3399 4563 Py-

1833 4600 2012 4639 renaeo
2046 4595 2227 4638 monte
2274 4595 2329 4638 et
2375 4584 2662 4639 Tartessos
2708 4594 2761 4638 et
2794 4582 2973 4639 Ister:
3031 4599 3259 4655 quorum
3314 4586 3403 4639 ille

1832 4677 2049 4744 quidem
2081 4679 2135 4729 in
2176 4691 2325 4729 mare
2355 4685 2509 4730 extra
2538 4676 2833 4731 Columnas
2867 4687 3234 4742 exoneratur;
3266 4676 3403 4730 Ister

1834 4782 1962 4822 vero
1993 4781 2092 4837 per
2115 4768 2381 4839 Europam
2413 4769 2604 4831 ﬂuens,
2636 4770 2686 4823 in
2722 4768 2951 4825 Pontum
2981 4768 3292 4823 eﬂonditur.
3339 4768 3403 4822 Et

1831 4858 1958 4929 quid
1985 4859 2180 4914 attinet
2234 4860 2369 4914 alios
2408 4875 2753 4926 enumerare,
2793 4875 2927 4931 quos
2966 4860 3135 4929 Ripaei
3166 4870 3397 4926 montes,

1889 5212 2002 5283 (l9)
2058 5211 2199 5266 Editi
2253 5227 2374 5266 cum
2431 5210 2701 5283 aliquibus
2758 5224 2888 5265 mss.
2948 5210 3055 5263 ἀπὸ
3098 5210 3177 5283 δέ.
3234 5210 3403 5266 Abest

1815 5283 1873 5336 δέ
1901 5281 1971 5339 ab
2000 5284 2118 5337 aliis
2142 5298 2271 5338 mss.
2301 5282 2563 5336 Mouitum
2620 5281 2877 5335 lectorem
2921 5284 3063 5345 volo,
3096 5282 3181 5333 hic
3222 5282 3391 5333 multa

1816 5355 1920 5407 dici
1954 5369 1981 5406 a
2010 5352 2207 5407 Basilio
2240 5368 2306 5407 ex
2339 5351 2593 5420 opinione
2630 5352 2767 5421 vulgi
2803 5369 2817 5405 :
2850 5366 2969 5421 quae
3002 5351 3046 5405 si
3083 5350 3393 5418 diligentius

1816 5426 2210 5491 etpendautur,
2246 5438 2276 5477 a
2304 5438 2431 5477 vero
2455 5422 2611 5491 longe
2656 5420 2851 5476 abesse
2872 5420 3173 5476 constabit.
3214 5420 3393 5485 Quare

1816 5494 1859 5544 si
1886 5494 2007 5561 quis
2037 5494 2147 5547 vult
2172 5493 2390 5548 edoceri
2444 5502 2643 5555 ortum,
2682 5506 2925 5552 cursum,
2962 5492 3389 5561 magnitudinem

1816 5562 2093 5615 ﬂuminum
2127 5578 2335 5627 eormn,
2360 5563 2427 5616 de
2449 5564 2646 5631 quibus
2674 5564 2761 5617 hic
2790 5562 2849 5615 ῆι
2882 5564 3100 5624 mentio,
3123 5561 3170 5615 ei
3200 5568 3394 5631 auctor

1818 5648 1937 5686 sum
1971 5644 2025 5686 ut
2067 5633 2311 5687 consulat
2356 5630 2723 5696 Ptol’eutmum.
2776 5631 3119 5697 Strabonem,
3150 5630 3397 5700 aliosque

1820 5704 2159 5773 geographia:
2184 5705 2408 5772 peritos.

3011 5862 3047 5921 3
