4060 6316
715 329 784 382 67
2029 327 2085 384 S.
2124 327 2368 381 BASlLll
2411 329 2627 382 MAGNI
3891 343 3947 388 68

715 447 804 516 qui
841 446 973 501 ultra
1030 445 1274 500 intimam
1332 444 1609 517 Scythiam
1654 446 1742 502 siti
1773 454 1919 512 sunt,
1959 447 2261 518 generant?

2379 463 2452 508 σι,
2477 446 2544 498 τὰ
2573 448 2710 516 ὑπὲρ
2747 447 2844 516 τῆς
2871 445 3133 500 ἐνδοτάτω
3175 448 3407 512 Σκυθίας
3438 451 3535 523 ὅρη
3559 469 3572 516 ;
3600 441 3697 503 Ὧν
3735 452 3847 506 ἐστι
3868 453 3946 509 καὶ

713 540 954 606 Quorum
982 552 1046 592 ex
1090 553 1317 592 numero
1352 553 1433 594 est
1474 549 1529 593 et
1567 537 1863 595 Rhodanus
1889 553 2013 603 cum
2055 539 2285 595 inﬁnitis

712 634 833 686 aliis
864 631 1064 697 ﬂuviis,
1104 633 1277 701 iisque
1324 634 1748 704 navigabilibus,
1788 634 1878 703 qui
1921 633 2282 691 occidentales

711 723 934 778 Galatas
964 724 1253 795 Celtasque
1285 737 1339 782 et
1371 728 1581 783 vicinos
1616 728 1745 796 ipsis
1763 726 2024 783 barbaros
2056 737 2280 796 praeter-

711 816 970 880 labentes,
1007 817 1057 870 in
1086 817 1418 872 occidentale
1442 821 1657 888 pelagus
1683 833 1871 874 omnes
1900 819 2145 874 inﬂuunt.
2174 818 2277 872 Alii

709 907 980 962 etneridie
1006 923 1034 960 a
1069 909 1315 977 supernis
1345 911 1518 980 plagis
1570 924 1662 978 per
1705 908 2036 979 XEthiopiam
2076 909 2274 977 partim

707 997 757 1049 in
796 1009 1037 1052 nostrum
1066 1002 1384 1069 perveniunt
1421 1018 1591 1064 mare,
1644 1003 1840 1068 partim
1887 1002 1938 1054 in
1981 1000 2107 1054 illud
2137 1002 2276 1069 quod

705 1096 856 1141 cxtra
899 1091 1202 1157 navigabile
1253 1092 1421 1162 jncet,
1465 1100 1863 1155 exonerantur;
1899 1089 2074 1157 [Egon
2116 1091 2275 1144 nimi-

705 1196 825 1234 rum
867 1194 914 1235 et
945 1180 1138 1252 Nyses,
1177 1196 1229 1238 et
1271 1185 1532 1239 Chremes
1566 1199 1726 1251 quem
1777 1191 1997 1245 vocant,
2041 1190 2096 1234 et
2125 1181 2274 1236 Nilus

704 1289 941 1343 quoque,
978 1277 1066 1345 qui
1123 1292 1295 1344 neque
1340 1273 1519 1328 ﬂuviis
1551 1284 1742 1329 natura
1775 1285 1856 1329 est
1897 1274 2112 1337 similis,
2150 1288 2272 1327 cum

705 1365 882 1420 instar
915 1368 1079 1422 maris
1118 1367 1338 1420 inundet
1395 1365 1710 1438 Egyptum.
1772 1366 1863 1420 Sic
1908 1367 2067 1434 hujus
2112 1373 2272 1421 terra:

705 1467 904 1513 nostrae
945 1457 1253 1512 habitabilis
1280 1459 1430 1514 locus
1458 1475 1596 1528 aqua
1630 1462 2027 1530 circumseptus
2053 1467 2172 1523 est,
2219 1468 2272 1514 et

705 1552 841 1602 adeo
873 1549 1155 1618 multiplici
1185 1551 1439 1620 alligatus
1469 1554 1628 1614 mari,
1664 1566 1726 1605 ac
1768 1551 2067 1605 innumeris
2095 1548 2271 1606 ﬂuviis

703 1640 1030 1707 perennibus
1054 1642 1288 1708 irriguus
1311 1658 1405 1713 per
1426 1642 1749 1697 ineﬂabilem
1776 1642 2096 1712 sapientiam
2129 1643 2265 1714 ejus,

702 1733 790 1799 qui
825 1732 1105 1786 adversam
1143 1735 1250 1803 igni
1285 1745 1531 1788 naturam
1568 1735 1810 1790 consumi
1851 1735 1940 1788 vix
1970 1750 2126 1804 posse
2154 1745 2265 1790 sta-
2319 1799 2322 1804 _

2386 543 2413 591 6
2446 539 2689 604 Ῥοδανὸς
2736 539 2845 607 (20)
2885 540 3019 609 μετὰ
3070 541 3277 612 μυρίων
3326 542 3498 597 ἄλλων
3535 544 3819 614 ποταμῶν,
3869 551 3946 601 καὶ

2385 632 2561 684 αὑτῶν
2592 633 2952 703 ναυσιπόρων,
2989 634 3059 698 οἳ,
3085 634 3210 695 τοὺς
3245 634 3532 703 ἑσπερίους
3561 638 3808 700 Γαλάτας
3868 642 3946 692 καὶ

2384 723 2641 788 Κελτοὺς,
2679 724 2770 777 καὶ
2793 727 2914 786 τοὺς
2948 729 3232 796 προσεχεῖς
3258 726 3439 788 αὑτοῖς
3470 726 3780 801 βαρϐάρους
3799 747 3947 800 παρα·

2385 817 2732 888 μειψάμενοι,
2763 819 2852 870 ἐπὶ
2880 817 2938 870 τὸ
2963 819 3215 890 ἑσπέριον
3249 820 3448 881 πάντες
3482 821 3782 890 εἰσχέονται
3807 823 3948 876 πέλα-

2380 927 2493 980 γος¹
2529 913 2712 965 νΑλλοι
2764 915 2826 964 ἐκ
2862 909 2970 980 (21)
3013 911 3108 981 τῆς
3138 911 3482 982 μεσημϐρίας
3508 910 3716 966 ἄνωθεν
3755 918 3842 968 διὰ
3865 915 3947 985 τῆς

2377 1002 2682 1065 Αἰθιοπίας,
2743 1004 2791 1056 οἱ
2829 1001 2926 1072 μὲν
2975 1001 3065 1052 ἐπὶ
3100 1002 3198 1070 τὴν
3252 1003 3387 1072 πρὸς
3418 1003 3562 1073 ἡμᾶς
3589 1001 3949 1072 ἔρχονταιθάο

2378 1094 2602 1157 λασσαν,
2635 1097 2681 1146 οἱ
2727 1095 2784 1148 δὲ
2816 1094 2909 1146 ἐπὶ
2945 1093 3044 1162 τὴν
3070 1091 3173 1155 ἔξω
3205 1095 3303 1162 τῆς
3335 1093 3637 1166 πλεομένης
3669 1093 3784 1166 (22)
3840 1101 3951 1151 ἀπο-

2378 1187 2680 1240 κενοῦνται·
2714 1188 2741 1239 ὃ
2771 1205 2830 1241 τε
2859 1185 3037 1255 Αἰγὼν
3060 1185 3152 1238 καὶ
3181 1187 3208 1237 6
3233 1186 3438 1256 Νύσης,
3463 1187 3558 1240 καὶ⁹
3579 1187 3606 1237 6
3628 1187 3947 1260 καλούμενος

2376 1279 2683 1350 Χρεμέτης,
2726 1283 2820 1333 καὶ
2861 1282 2996 1351 πρὸς
3039 1297 3102 1346 γε
3138 1279 3217 1330 ἔτι
3249 1279 3277 1330 ὁ
3316 1279 3524 1344 Νεῖλος,
3553 1279 3610 1342 ὃς
3650 1279 3774 1332 οὐδὲ
3807 1299 3948 1334 ποτα-

2379 1374 2498 1442 μοῖς
2531 1371 2629 1441 τὴν
2672 1372 2831 1442 φύσιν
2880 1373 3074 1435 ἔοικεν,
3113 1372 3238 1424 ὅταν
3289 1370 3379 1422 ἴσα
3415 1371 3662 1441 θαλάσσῃ
3691 1373 3944 1444 πελαγίζῃ

2371 1462 2469 1532 τὴν
2507 1461 2800 1530 Αἴγυπτον.
2846 1461 3029 1521 Οὖτως
3083 1461 3109 1511 ὀ
3151 1459 3247 1528 τῆς
3293 1458 3412 1510 καθ’
3442 1462 3588 1531 ἡμᾶς
3633 1461 3946 1532 οἰκουμένης

2371 1554 2532 1617 τόπος
2575 1554 2724 1608 ὕδατι
2759 1551 3163 1622 περιείληπται,
3197 1549 3455 1617 πελάγεσί
3478 1570 3536 1605 τε
3563 1551 3825 1613 ἀπλέτοις
3868 1557 3944 1605 ὲν-

2369 1646 2652 1718 δεδεμένος
2680 1648 2772 1698 καὶ
2798 1644 3011 1715 μυρίοις
3043 1646 3304 1712 ποταμοῖς
3321 1644 3565 1705 ἀεννάοις
3592 1645 3940 1716 κατάρρυτος,

2370 1740 2455 1793 διὰ
2489 1740 2586 1810 τὴν
2623 1738 2859 1810 ἄρρητον
2891 1737 3079 1805 σοφίαν
3107 1735 3200 1790 τοῦ
3244 1737 3342 1807 τὴν
3374 1738 3670 1793 ἀντίπαλον
3700 1737 3780 1807 τῷ
3815 1738 3942 1807 πυρὶ

702 1826 821 1878 tuit.
870 1825 985 1878 Erit
1037 1826 1254 1893 quidem
1310 1836 1521 1894 tempus
1571 1841 1692 1879 cum
1756 1836 1810 1879 et
1845 1825 1972 1895 igne
2002 1826 2261 1880 ardebunt

2372 1831 2532 1899 φύσιν
2583 1828 3017 1893 δυσεξανάλωτον
3068 1822 3206 1880 εἶναι
3255 1830 3734 1899 οἰκονομήσαντος,
3768 1831 3942 1882 Ἔσται

701 1917 908 1980 omnia;
961 1916 1106 1969 velut
1146 1919 1222 1970 ait
1263 1917 1453 1981 Isaias,
1492 1919 1580 1972 ubi
1627 1918 1791 1971 Deum
1823 1918 2118 1989 alloquitur
2147 1916 2268 1970 uni-

701 2023 981 2063 wrsorum
1012 2024 1026 2063 :
1059 2009 1160 2076 Qui
1196 2011 1325 2064 dicis
1350 2013 1561 2080 abysso,
1591 2011 1920 2066 Desolaberis
1942 2053 1955 2077 ,
1993 2023 2040 2065 et
2090 2026 2265 2063 omnes

700 2101 882 2168 ﬂuvios
925 2113 1040 2156 tuos
1100 2104 1386 2172 arefaciam
1437 2104 1504 2156 ⁸⁸.
1541 2103 1903 2170 Quamobrem
1953 2102 2216 2171 sapientia
2248 2144 2262 2167 ,

699 2210 817 2261 qme
847 2194 1113 2248 infatuata
1146 2207 1249 2259 est,
1288 2197 1518 2264 abjecta,
1556 2198 1771 2264 suscipe
1799 2195 2085 2248 nobiscum
2121 2193 2267 2248 veri-

701 2287 824 2339 tatis
860 2286 1184 2352 doctrinam,
1231 2289 1533 2357 impcritam
1582 2286 1800 2355 quidem
1842 2298 2116 2344 sermone.
2154 2294 2267 2339 sta-

699 2380 858 2434 bilem
883 2395 1009 2435 vero
1035 2381 1352 2450 ﬁrmamque
1379 2379 1715 2449 cognitione.

770 2568 821 2621 7.
853 2565 1062 2620 Idcirco
1107 2564 1231 2619 Fiat
1274 2567 1662 2633 ﬁrmamentum
1703 2563 1756 2616 in
1806 2563 1976 2616 medio
2008 2579 2179 2630 aquae,
2216 2572 2263 2615 et

697 2658 762 2709 sit
788 2658 1083 2710 discernens
1113 2660 1251 2710 inter
1281 2673 1468 2726 aquam
1491 2666 1534 2708 et
1559 2672 1772 2725 aquam.
1795 2655 2003 2709 Dictum
2027 2664 2109 2708 est
2135 2654 2263 2721 quid

695 2747 966 2816 signiﬁcet
1005 2749 1056 2800 iu
1111 2747 1389 2814 Scriptura
1426 2747 1749 2798 lirmamenti
1783 2745 2124 2798 vocabulum.
2169 2741 2263 2794 Ni-

695 2841 894 2893 mirum
933 2839 1332 2892 ﬂrmamentum
1376 2853 1481 2891 non
1514 2837 1645 2890 dicit
1684 2835 1970 2904 quamdam
2007 2849 2125 2889 esse
2164 2849 2261 2888 na-

695 2941 870 2985 turam
915 2933 1256 2984 resistentem
1285 2947 1348 2984 ac
1378 2929 1631 2995 solidam,
1680 2928 1949 2999 gravitate
1977 2938 2031 2981 et
2069 2927 2260 2982 reuixu

697 3027 994 3094 praeditam.
1029 3026 1242 3095 Alioqui
1274 3026 1376 3080 hoc
1405 3034 1560 3094 pacto
1594 3025 1645 3078 id
1676 3023 1777 3079 sibi
1823 3023 2059 3077 nominis
2083 3022 2261 3092 potius

2372 1925 2554 1994 μέντοι
2593 1939 2682 1974 οτε
2722 1919 2816 1971 καὶ
2847 1920 3022 1973 πάντα
3070 1922 3548 1990 καταφρυγήσεται
3580 1922 3659 1991 τῷ
3696 1925 3847 1993 πυρὶ,
3876 1921 3942 1983 ὧς

2368 2031 2530 2085 φησιν
2573 2014 2799 2076 Ἡσαΐας
2822 2016 2878 2066 ἐν
2909 2010 2989 2078 οἷς
3021 2014 3152 2084 πρὸς
3182 2013 3272 2063 τὸν
3305 2012 3412 2064 τῶν
3438 2013 3573 2064 ὅλων
3612 2014 3750 2066 Θεὸν
3782 2015 3942 2067 διαλέ-

2367 2123 2540 2176 γεταιο
2607 2107 2670 2158 '0
2726 2105 2921 2176 λέγων
2955 2105 3067 2174 (25)
3109 2101 3181 2170 τῇ
3215 2103 3482 2155 ἀϐύσσω·
3531 2105 3939 2172 Ἐρημωθήσῃ,

2365 2200 2463 2253 καὶ
2515 2198 2745 2264 πάντας
2792 2197 2933 2260 τοὺς
2962 2195 3267 2263 ποταμούς
3303 2210 3418 2249 σου
3446 2193 3712 2262 (inpari).
3770 2197 3938 2259 Ὥστε,

2364 2291 2672 2362 ἀπορρίψας
2715 2289 2812 2356 τὴν
2852 2285 3222 2356 μωρανθεῖσαν
3257 2287 3464 2356 σοφίαν,
3513 2287 3809 2352 κατάδεξαι
3835 2288 3940 2358 μεθ’

2364 2383 2523 2453 ἡμῶν
2546 2381 2606 2433 τὸ
2636 2375 2974 2432 διδασκάλων
3004 2378 3102 2448 τῆς
3131 2377 3408 2449 ἀληθείας,
3444 2377 3720 2432 ἰδιωτικὸν
3758 2381 3857 2448 μὲν
3875 2378 3940 2448 τῷ

2365 2474 2526 2542 λόγῳ,
2563 2470 2899 2524 ἀδιάπτωτον
2933 2470 2992 2522 δὲ
3030 2470 3170 2524 κατά
3205 2469 3302 2539 τὴν
3335 2469 3560 2535 γνῶσιν.

2435 2563 2484 2615 7.
2506 2559 2605 2612 Διά
2624 2559 2781 2613 τοῦτο
2814 2560 3133 2628 Γενηθήτω
3179 2557 3480 2625 στερέωμα
3515 2558 3588 2609 ἐν
3618 2558 3794 2625 μέσῳ
3846 2560 3938 2613 τοῦ

2363 2652 2600 2716 ὕδατος,
2636 2651 2734 2705 καὶ
2764 2653 2918 2706 ἔστω
2971 2645 3315 2716 διαχωρίζον
3343 2647 3458 2701 ἀνὰ
3501 2649 3703 2716 μέσον
3733 2650 3938 2716 ὕδατος

2363 2746 2460 2800 καὶ
2494 2745 2732 2811 ὕδατος.
2782 2745 3012 2813 Εἴρηται
3056 2740 3108 2792 τί
3150 2739 3209 2792 τὸ
3249 2739 3650 2809 σημαινόμενον
3685 2744 3840 2812 παρὰ
3882 2747 3936 2814 τῇ

2363 2839 2549 2911 Γραφῇ
2590 2838 2651 2889 τὸ
2701 2836 2791 2887 τοῦ
2845 2831 3220 2903 στερεώματος
3268 2831 3465 2902 Morta.“
3502 2832 3626 2884 Ὅτι
3680 2835 3808 2906 οὐχὶ
3850 2837 3937 2905 τὴν

2363 2933 2653 2987 ἀντίτυπον
2698 2929 2788 2980 καὶ
2834 2925 3152 2994 στερέμνιον
3187 2923 3370 2991 φύσιν,
3401 2923 3498 2994 τὴν
3520 2923 3758 2995 ἔχουσαν
3786 2927 3935 2997 βάρος

2362 3027 2453 3077 καὶ
2487 3022 2812 3090 ἀντέρεισιν,
2849 3018 2908 3069 οὑ
2946 3016 3149 3087 ταύτην
3185 3015 3297 3086 (Ἡ)
3345 3016 3492 3084 λέγει
3531 3018 3842 3088 στερέωμα..
3873 3020 3935 3070 Ἦ

696 3122 1026 3176 vindicasset
1053 3137 1222 3175 terra.
1261 3120 1366 3175 Sed
1398 3121 1523 3190 quia
1560 3127 1750 3173 natura
1771 3117 2110 3187 superiorum
2139 3131 2258 3170 cor-

2363 3116 2532 3176 οὕτως
2551 3113 2615 3165 ἂν
2641 3111 2970 3182 κυριώτερον
2993 3108 3114 3179 ήγῆ
3131 3109 3229 3179 τῆς
3247 3110 3499 3178 τοιαύτης
3520 3110 3771 3179 κλήσεως
3797 3108 3934 3179 ὴξιώ.

695 3231 885 3282 porum
930 3215 1105 3268 tenuis
1132 3223 1214 3269 est
1253 3223 1306 3268 et
1338 3229 1456 3266 rara
1486 3253 1501 3277 ,
1556 3228 1652 3266 nec
1702 3211 1811 3264 ullo
1866 3219 2042 3278 potest
2096 3223 2256 3262 sensu

695 3306 922 3373 percipi,
959 3306 1078 3358 ideo
1109 3305 1507 3357 ﬁrmamentum
1544 3304 1645 3355 hoc
1680 3302 1929 3363 vocavit,
1979 3313 2256 3365 compara-

694 3395 839 3447 tione
879 3407 1064 3447 eorum
1104 3407 1222 3461 qua:
1260 3391 1574 3445 tenuissima
1614 3398 1761 3454 sunt,
1809 3403 1909 3442 nec
1954 3387 2052 3442 sub
2089 3386 2252 3440 ullum

695 3499 911 3537 sensum
949 3485 1165 3538 cadunt.
1198 3481 1366 3537 Porro
1389 3482 1675 3552 quemdam
1696 3479 1824 3533 mihi
1856 3479 2031 3534 locum
2055 3477 2253 3547 cogita,

696 3576 939 3629 humoris
969 3575 1312 3630 discernendi
1340 3573 1596 3628 facultate
1621 3572 1928 3642 praeditum,
1961 3571 2051 3640 qui
2071 3572 2260 3625 humo-

695 3680 808 3718 rem
854 3667 1067 3734 quidem
1120 3678 1332 3720 tenuem
1371 3675 1424 3719 et
1454 3665 1784 3733 percolatum
1832 3677 2047 3718 sursum
2080 3671 2254 3716 trans-

692 3756 892 3820 mittat,
921 3757 1323 3810 crassissimum
1357 3770 1485 3810 vero
1511 3763 1565 3809 et
1611 3765 1844 3809 terremn
1883 3757 2256 3808 deorsumver-

692 3865 784 3904 sus
816 3849 1081 3915 demittat,
1122 3859 1202 3913 ut,
1226 3848 1667 3904 subtraheutibus
1694 3864 1753 3904 se
1783 3847 2038 3918 paulatim
2065 3846 2258 3901 humo-

695 3945 865 4009 ribus,
905 3944 971 3999 ab
1008 3944 1162 3998 initio
1189 3945 1254 3998 ad
1288 3945 1454 3998 tinem
1512 3957 1683 4012 usque
1725 3941 2023 4011 temperies
2070 3940 2258 3996 eadem

764 4055 809 4087 “
828 4056 931 4109 lsa.
959 4072 1101 4120 κων,
1123 4055 1212 4110 27.

763 4169 874 4238 (20)
907 4169 1126 4222 Variant
1154 4171 1292 4222 inter
1332 4184 1391 4222 se
1443 4169 1680 4238 codices.
1736 4167 1864 4234 Reg.
1919 4176 2100 4238 Sestus
2131 4181 2252 4218 cum

691 4235 864 4295 Coisl.
897 4241 1188 4293 vetustiore
1218 4241 1244 4291 6
1288 4238 1553 4300 Ῥοδανός,
1598 4237 1907 4290 Rhodanus.
1953 4235 2091 4287 Editi
2129 4250 2248 4287 cum

693 4312 876 4380 Regiis
909 4312 1066 4364 tertio
1094 4321 1146 4380 et
1176 4319 1385 4380 octavo,
1413 4310 1650 4376 itemque
1682 4322 1802 4380 cum
1826 4304 1978 4380 Golb.
1997 4305 2249 4380 secundo

691 4385 722 4435 ὁ
758 4372 1056 4453 Ἠριδανός,
1094 4372 1653 4453 Padus._§oisl._alter
1697 4375 2058 4453 6_:1805th6;:
2097 4372 2250 4453 Regii

695 4443 899 4520 prim'ns
925 4463 978 4505 et
1007 4443 1222 4519 quintus
1248 4452 1275 4502 6
1301 4449 1554 4511 Ῥαδανός
1590 4462 1686 4516 pro
1720 4443 1986 4507 Ῥοδανός.
2019 4443 2252 4520 Credere

693 4515 791 4590 par
818 4531 898 4575 est
925 4515 1159 4588 priorem
1192 4521 1472 4573 lectionem
1500 4515 1807 4590 germanam
1834 4531 1952 4590 esse
1971 4531 2033 4568 ac
2067 4515 2250 4590 genui-

695 4585 838 4656 iiam,
879 4585 999 4644 cum
1045 4593 1168 4644 huic
1215 4590 1424 4642 lectioni
1460 4585 1638 4643 faveat
1691 4588 2024 4649 Eustathius,
2049 4585 2138 4652 qui
2174 4587 2253 4638 sic

695 4663 1080 4730 interpretatus
1104 4670 1189 4713 est
1217 4678 1230 4712 :
1271 4658 1503 4730 Quorum
1525 4669 1600 4730 est
1628 4658 1930 4730 Rhodanus.
1961 4656 2110 4730 Adde
2138 4670 2253 4730 ser-

694 4723 906 4784 monem
957 4732 1162 4784 institui
1205 4730 1269 4782 de
1317 4728 1500 4784 Galliae
1546 4728 1784 4792 ﬂumine,
1816 4743 1920 4780 non
1979 4728 2044 4780 de
2088 4723 2254 4779 Italia:

693 4800 876 4865 ﬂuvio,
913 4802 1084 4870 qualis
1120 4809 1204 4853 est
1239 4801 1520 4866 Eridanus,
1559 4814 1652 4852 seu
1697 4796 1894 4870 Padus.
1935 4797 2251 4870 Ambrosius

695 4874 871 4925 neutri
901 4865 1111 4925 lectioni
1140 4871 1300 4932 favet,
1338 4887 1458 4923 cum
1493 4865 1558 4924 de
1577 4877 1806 4936 utroque
1838 4867 1994 4919 lluvio
2025 4865 2170 4936 Pado
2196 4877 2251 4919 et

695 4941 958 4995 Rhodano
994 4942 1315 4994 mentionem
1352 4940 1533 4993 faciat.
1579 4941 1668 4993 Sic
1696 4935 1838 4992 enim
1881 4936 2120 5005 loquitur
2154 4935 2249 4989 lib.

695 5028 753 5073 ll,
781 5027 900 5078 cap.
925 5014 976 5077 5,
1008 5027 1152 5065 num.
1190 5011 1257 5064 12
1290 5030 1301 5064 :
1338 5009 1518 5063 Padus
1563 5011 1946 5078 maritimorum
1997 5021 2251 5058 commea-

692 5077 1073 5134 luutniltalt'cis
1120 5083 1364 5134 subsidiis
1394 5082 1528 5146 ﬁdus
1557 5082 1802 5141 invector,
1839 5077 2117 5130 Rhodanus
2159 5091 2250 5127 ra-

689 5153 811 5219 pido
843 5153 1072 5203 concitus
1097 5168 1255 5204 cursu
1292 5151 1543 5218 Tyrrheni
1571 5150 1792 5219 a‘quoris
1816 5148 1952 5219 freta
1985 5146 2247 5219 scindens.

695 5219 886 5274 Verum
904 5222 1016 5274 sive
1046 5221 1188 5289 legas
1225 5216 1489 5283 Ῥοδανός,
1522 5222 1630 5272 sive
1655 5216 2249 5289 ’Hptaav6;,iatettdutn

690 5303 843 5345 estea
859 5306 974 5359 quae
993 5293 1074 5345 hic
1089 5287 1391 5355 narrantur,
1412 5291 1538 5343 falsa
1555 5303 1692 5342 ελδερ.
1713 5300 1841 5359 nam
1858 5287 2051 5359 ﬂuvius
2066 5296 2252 5359 neuter

688 5376 752 5413 ex
785 5356 1055 5415 montibus
1096 5361 1333 5429 Ripba'is
1364 5363 1556 5423 oritur,
1595 5370 1686 5410 aut
1742 5358 1797 5429 in
1855 5356 2248 5429 occidentalem

691 5430 961 5486 Ocezinuin
998 5425 1189 5484 inﬂuit.
1221 5431 1363 5500 Lege
1388 5430 1638 5484 Ducaaum
1664 5437 1720 5483 et
1741 5427 1976 5480 Lexicon
2013 5425 2248 5479 Michae-

690 5502 753 5554 lis
774 5500 1039 5554 Baudran.

762 5566 980 5642 (2t)'lta
1011 5570 1137 5642 editi
1160 5586 1282 5624 cum
1310 5570 1440 5641 Reg.
1468 5574 1625 5642 tertio
1649 5579 1702 5623 et
1723 5583 1842 5621 cum
1863 5565 2249 5642 Coisl_._p.rimo_.

688 5635 820 5710 Reg.
856 5635 1062 5708 primus
1089 5640 1199 5694 ἀλλ’
1229 5643 1291 5695 ἐκ
1323 5635 1422 5710 τῆξ
1460 5654 1476 5692 :
1509 5641 1595 5693 alti
1633 5650 1738 5693 tres
1786 5654 1913 5692 mss.
1969 5635 2106 5689 ἀλλά
2156 5635 2249 5686 καὶ

689 5711 773 5763 ἐκ.
813 5712 962 5764 Culb.
1000 5715 1263 5766 secundus
1301 5712 1432 5767 ἀλλὰ
1456 5713 1548 5765 καὶ
1576 5712 1622 5762 οἱ
1655 5711 1739 5762 ἐκ.

761 5782 870 5851 (Ξὲ)
902 5781 990 5836 Sic
1017 5783 1180 5836 editio
1238 5783 1395 5837 Basil.
1432 5795 1482 5842 et
1530 5784 1663 5836 alter
1719 5780 1847 5834 Duc.
1886 5787 1938 5832 et
1974 5776 2149 5842 Bodl.,
2194 5785 2245 5830 et

2362 3211 2448 3279 θη.
2488 3204 2645 3258 Ἀλλά
2667 3202 2754 3274 διὰ
2804 3202 2902 3265 τὴν
2942 3202 3100 3271 φύσιν
3141 3202 3247 3254 τῶν
3287 3200 3709 3273 ὑπερκειμένων
3741 3200 3934 3270 λεπτὴν

2356 3299 2518 3355 οὖσαν
2541 3299 2633 3352 καὶ
2668 3297 2780 3367 (25)
2812 3295 3008 3366 ἀραιὰν
3035 3296 3129 3348 κα)¹
3171 3295 3395 3364 οὐδεμιᾷ
3425 3292 3676 3362 αἰσθήσει
3705 3295 3933 3361 καταλη-

2357 3393 2517 3465 πτὴν,
2542 3391 2827 3462 στερέωμα
2857 3388 3011 3441 τοῦτο
3037 3387 3305 3456 ὠνόμασε,
3333 3384 3742 3454 συγκρίσειτῶν
3765 3386 3932 3438 λεπτο-

2356 3487 2534 3540 τάτων
2566 3485 2659 3536 καὶ
2693 3485 2758 3552 τῇ
2795 3480 3042 3548 αἰσθήσει
3091 3477 3508 3547 ἀκαταλήπτων.
3542 3479 3654 3531 Καὶ
3689 3481 3801 3533 νόει
3853 3498 3932 3551 μοι

2358 3577 2521 3630 τόπον
2545 3574 2666 3626 τινὰ
2694 3569 3030 3641 διακριτικὸν
3058 3567 3150 3620 τοῦ
3179 3567 3366 3638 ὑγροῦ·
3408 3567 3468 3620 τό
3501 3569 3601 3638 μὲν
3627 3569 3824 3623 λεπτὸν
3853 3575 3930 3624 καῖ

2356 3667 2708 3738 διηθούμενον
2734 3663 2826 3714 ἐπὶ
2846 3661 2914 3713 τὰ
2947 3661 3058 3714 ἀνω
3087 3660 3310 3724 διιέντα,
3347 3661 3406 3712 τὸ
3440 3661 3496 3714 δὲ
3516 3663 3829 3733 παχύτατον
3850 3666 3929 3717 καὶ

2357 3759 2556 3828 γεῶδες
2585 3755 2873 3824 ἐναφιέντα
2911 3756 3021 3818 τοῖς
3048 3753 3220 3817 κάτω,
3257 3753 3321 3805 ἵν’
3351 3753 3410 3820 ἐξ
3446 3755 3621 3826 ἀρχῆς
3656 3758 3819 3828 μέχρι
3852 3758 3914 3810 τέ,

2358 3854 2484 3916 λους
2530 3853 2564 3922 ὴ
2614 3849 2754 3921 αὑτὴ
2797 3848 3062 3918 εὐκρασία
3088 3847 3420 3918 συντηρηθῇ,
3457 3847 3599 3902 κατά
3637 3849 3802 3921 μέρος
3842 3851 3929 3918 τῆς,

2363 3937 2700 4016 ὑφαιρέσεως
2735 3942 2850 4014 (26)
2865 3941 2975 3993 τῶν
3000 3940 3184 4010 ὑγρῶν
3206 3941 3515 4011 γινομένης.
3546 3942 3618 3994 Σὺ
3640 3942 3697 3994 δὲ
3730 3942 3809 4012 τῷ
3839 3943 3929 4012 μὲν

2356 4169 2512 4237 Regii
2549 4169 2778 4232 primus,
2822 4169 3032 4230 tertius,
3068 4166 3313 4233 quintus,
3343 4175 3524 4220 sextus
3553 4174 3630 4237 _et
3671 4177 3924 4237 octavus,

2351 4235 2472 4289 cum
2527 4238 2679 4290 (λιιι).
2716 4238 2953 4290 secundo
3003 4245 3212 4289 etcum
3263 4247 3496 4302 utroque
3537 4235 3707 4289 Coisl.
3751 4236 3926 4292 Editio

2352 4306 2526 4360 Paris.
2560 4306 2670 4375 Ego),
2711 4308 2824 4367 τοῖς
2872 4304 3246 4375 πλεομένοιςη
3268 4305 3538 4358 mendose.
3592 4305 3713 4358 Mox
3775 4307 3923 4362 Colb.

2352 4377 2622 4446 secundus
2650 4374 2708 4446 ὃς
2743 4375 2864 4446 οὐδὲ
2917 4372 3180 4446 ποταμός.
3218 4372 3454 4446 Subinde
3500 4389 3632 4428 mss.
3684 4375 3924 4446 plerique

2354 4461 2539 4500 Omnes
2573 4445 2661 4497 ἴσα
2687 4442 3118 4516 θαλάσσηεΕαίιὶ
3149 4444 3238 4516 ἴσα
3260 4442 3560 4516 θαλάσσης.

2427 4517 2540 4586 ('25)
2585 4517 2646 4586 ’ρ
2681 4511 3042 4586 λέγωνξριιί
3067 4515 3218 4567 dicis.
3260 4511 3598 4586 Interpre‘tati
3646 4528 3835 4586 sumus
3862 4519 3924 4572 ad

2358 4583 2575 4640 sensum
2607 4585 2810 4650 Basilii,
2846 4601 2950 4638 non
2982 4585 3047 4637 ad
3093 4599 3312 4639 sensum
3347 4585 3645 4653 prOphetm.
3671 4583 3832 4647 Nam,
3869 4599 3923 4641 ut

2357 4668 2507 4740 potat
2539 4656 2796 4740 Duczeus,‘
2818 4670 3004 4740 neque.
3029 4653 3140 4740 jam
3194 4655 3456 4740 propheta
3490 4654 3628 4740 πρὸς
3666 4654 3760 4706 τὸν
3781 4656 3921 4740 ,Θεὸν

2357 4725 2682 4806 διαλέγεται,
2711 4735 2820 4806 aut,
2843 4735 2898 4779 ut
2922 4725 3353 4806 voluntquidam,
3375 4725 3655 4806 προξήτης
3674 4726 3920 4806 περὶΙτοῦ

2354 4795 2509 4860 Θεοῦ,
2540 4796 2636 4866 sed
2686 4796 2862 4863 potius
2913 4795 3048 4866 πρὸς
3102 4793 3193 4847 τὸν
3233 4793 3357 4866 λαρν
3383 4793 3440 4866 _6
3484 4793 3636 4866 8565,
3669 4793 3915 4866 populum

2356 4867 2494 4918 Deus
2525 4861 2829 4932 alloquitur.
2876 4861 3064 4935 Itaque
3097 4875 3266 4935 _recte
3301 4863 3521 4931 Vulgata
3573 4861 3786 4935 Latina,
3816 4864 3916 4929 Qui

2354 4937 2469 4987 dico
2490 4930 2773 5004 profundo,
2801 4930 3063 4989 Desola-re
3097 4930 3247 5004 Unde
3268 4943 3319 4986 et
3345 4930 3588 5000 sequitur
3604 4933 3813 4999 Graece,
3828 4937 3916 4988 καὶ

2352 5003 2781 5075 τοὺςποταμούς
2804 5023 2895 5058 σου
2917 5005 3150 5075 ξηρανῶ
3180 5003 3236 5058 et
3253 5004 3469 5075 ﬂumina
3498 5014 3586 5057 tua
3609 5006 3913 5075 arefaciam.

2353 5073 2470 5198 hinc
2499 5071 2668 5143 usque
2700 5077 2781 5128 vir
2813 5071 3180 5138 doctissimus,
3206 5071 3358 5139 cujus
3401 5083 3579 5126 notam
3615 5071 3766 5143 legas
3793 5089 3911 5130 sua-

2393 5160 2477 5198 eo.

2393 5160 2477 5199 00.

2425 5213 2534 5285 (24)
2562 5215 2852 5285 Editicum
2917 5212 3054 5282 Reg.
3105 5212 3268 5285 tertio
3303 5220 3367 5285 _et
3405 5227 3524 5267 cum
3563 5211 3730 5267 Coisl.
3766 5223 3906 5267 vctuv

2352 5283 2602 5408 stitg'e'oia)
2628 5283 2847 5405 Tuom.
2885 5285 3041 5338 Deest
3066 5283 3125 5334 οὐ
3177 5284 3228 5336 in
3268 5283 3389 5336 aliis
3431 5294 3663 5351 quatuor
3696 5298 3826 5337 mss.
3857 5295 3906 5337 et

2354 5370 2406 5407 m
2481 5370 2563 5405 om
2603 5374 2630 5405 e
2662 5394 2674 5404 .

2354 5355 2406 5407 in
2437 5355 2674 5407 Combcl'.

2423 5423 2533 5492 (‘25)
2568 5424 2639 5475 lta
2668 5423 2879 5476 codices
2906 5433 3068 5492 octo:
3089 5422 3227 5475 Editi
3251 5421 3340 5474 διὰ
3364 5422 3425 5474 τὸ
3453 5424 3550 5491 τὴν
3597 5421 3765 5490 φύσιν
3791 5421 3906 5492 τῶν

2354 5489 2760 5563 ὑπερκειμένων
2787 5493 2990 5564 λεπτὴν
3019 5489 3158 5546 εἶναι
3185 5493 3298 5564 καί).
3322 5492 3452 5564 Mox
3479 5489 3905 5564 etlilicumﬁeg.

2352 5561 2525 5631 primo
2573 5572 2625 5616 et
2681 5565 2830 5617 Golb.
2864 5561 3099 5617 secundo
3133 5562 3512 5632 καταλήπτων,
3549 5561 3706 5615 male.
3760 5562 3905 5628 Regii

2356 5633 2564 5697 tertius,
2603 5634 2842 5700 quintus,
2883 5643 3071 5686 sextus
3112 5643 3166 5686 et
3214 5641 3635 5700 octavus,rcum
3683 5641 3905 5697 utroque

2351 5702 2510 5757 Coisl.
2536 5710 2594 5772 et
2610 5699 2730 5755 cum
2755 5703 2995 5757 Combef.
3028 5701 3445 5772 ἀκαταλήπτων,
3481 5699 3637 5772 bene.

2421 5772 2532 5843 (‘26)
2559 5771 2693 5827 Eliti
2726 5789 2844 5828 cum
2902 5789 3008 5830 uno
3035 5782 3128 5827 aut
3171 5769 3336 5827 altero
3368 5785 3467 5826 ms.
3518 5769 3856 5841 ὑφαιρέσεως
3884 5786 3899 5825 ;
