4098 6326
194 380 263 429 ου
1323 366 1609 422 ΙΙΟΜΙΙΛΑ
1643 368 1707 423 Ill
1746 368 1817 421 IN
1854 368 2355 423 HEXAEMERON.
3383 369 3448 422 70

190 486 385 562 πλῆθει
412 488 503 541 τοὺ
534 487 721 545 ὓδατος
756 486 1023 546 ἀπιστεῖς,
1065 486 1198 554 πρὸς
1238 486 1293 537 δὲ
1342 482 1433 535 τοῦ
1475 483 1677 555 θερμοῦ
1718 486 1772 537 τὸ

1880 497 2251 541 conservetur.
2284 485 2361 537 Tu
2399 486 2505 555 29
2535 503 2659 540 vero
2684 485 2822 538 hanc
2853 498 3001 551 aquze
3032 484 3240 553 copiam
3278 500 3306 535 a
3344 483 3447 537 ﬂde

192 585 395 654 πλῆθος
427 584 526 635 οὑκ
566 580 912 642 ἀποϐλέπεις·
948 578 993 637 ὃ,
1022 576 1121 628 κᾶν
1147 578 1325 644 ὀλίγον
1421 575 1497 645 τῷ
1528 579 1765 645 μεγέθει,

188 676 394 741 πολλῆς
434 675 549 723 ἐστι
601 671 686 724 διὰ
712 672 807 743 τὴν
837 670 1064 737 δύναμιν
1121 666 1453 721 ἁναλωτικὸν
1484 666 1765 735 ὑγρασίας.

203 768 524 836 Ἐφέλκεται
556 764 653 834 μὲν
685 766 794 837 γὰρ
823 763 883 813 τὸ
922 763 1323 832 παρακείμενον
1361 758 1546 828 ὑγρὸν,
1577 758 1651 820 ὡς
1678 761 1771 830 δη-

188 860 274 911 λοῖ
317 860 350 929 ὴ
401 857 566 915 σικύα
634 854 999 923 δαπανητικὸν
1040 855 1095 908 δέ
1134 857 1249 904 εστι
1300 850 1393 902 τοῦ
1422 848 1769 914 ἐλκυσθέντος

189 953 335 1006 κατὰ
391 954 488 1022 τὴν
534 954 714 1006 εἰκόνα
753 946 845 1001 τοῦ
898 948 1175 1019 λυχνιαίου
1230 944 1421 1014 πυρὸς,
1462 944 1510 1005 ὃ,
1549 943 1636 996 διὰ
1673 945 1769 1015 τῆς

189 1044 508 1115 θρυαλλίδος
551 1047 647 1116 τὴν
689 1043 1101 1112 παρακειμένην
1146 1037 1351 1107 τροφὴν
1392 1035 1769 1103 ἐπισπασάμε-

189 1156 305 1202 νον,
340 1140 548 1210 ταχέως
582 1136 669 1190 διὰ
707 1134 803 1205 τῆς
839 1134 1134 1205 μεταϐολῆς
1162 1130 1505 1202 ἀπηθάλωσε.
1561 1129 1663 1180 Τὸν
1717 1129 1772 1180 δὲ

189 1231 388 1303 αἰθέρα
427 1234 509 1294 τίς
554 1227 879 1297 ἀμφιϐάλλει
932 1225 1005 1294 μὴ
1050 1225 1169 1295 οὐχὶ
1225 1225 1446 1296 πυρώδη
1493 1219 1629 1275 εἶναι
1682 1222 1773 1272 καὶ

189 1322 425 1394 διακαῆ;
454 1323 511 1382 ὃς
544 1322 592 1372 εί
622 1320 695 1391 μὴ
730 1321 805 1389 τῷ
840 1318 1120 1387 ἀναγκαίῳ
1150 1318 1241 1371 τοῦ
1270 1319 1589 1387 ποιήσαντος
1613 1313 1773 1367 αὑτὸν

187 1416 305 1486 ὅρῳ
333 1413 628 1483 κατείχετο,
677 1414 728 1464 τί
758 1413 821 1463 ἂν
852 1408 1123 1464 ἐκώλυσεν
1171 1409 1329 1463 αὑτὸν
1379 1406 1553 1457 πάντα
1587 1403 1773 1474 φλογί-

189 1511 355 1573 ζοντα
405 1508 514 1577 (27)
566 1507 657 1559 καὶ
708 1504 1182 1576 καταπιμπρῶντα
1228 1500 1293 1551 τὰ
1330 1500 1548 1573 συνεχῆ,
1593 1500 1773 1551 πᾶσαν

187 1600 329 1669 ὁμοῦ
362 1599 458 1670 τὴν
483 1600 539 1651 ὲν
592 1602 704 1662 τοῖς
736 1596 884 1651 οὖσιν
908 1593 1243 1659 ἐξαναλῶσαι
1271 1593 1485 1657 νοτίδα;
1526 1591 1622 1643 Διὰ
1646 1588 1776 1642 ταῦ-

186 1712 258 1748 τα
290 1694 431 1765 ὕδωρ
464 1695 643 1765 ἀέριον
679 1693 810 1761 (28),
843 1688 1174 1758 νεφουμένου
1211 1685 1305 1739 τοῦ
1368 1686 1478 1738 ἄνω
1511 1683 1675 1736 τόπου
1711 1684 1776 1735 ὲκ

186 1788 290 1858 τῆς
319 1788 596 1857 ἀναφορᾶς
633 1783 741 1836 τῶν
774 1780 984 1850 ἀτμῶν,
1022 1778 1116 1843 οὓς
1139 1777 1396 1847 ποταμοὶ,
1438 1778 1531 1830 καὶ
1553 1776 1771 1845 κρῆναι,

189 1882 285 1931 καὶ
319 1878 544 1946 τενάγη,
598 1877 691 1928 καὶ
728 1876 937 1945 λίμναι,
973 1874 1063 1926 καὶ
1107 1872 1318 1941 πελάγη
1353 1870 1528 1923 πάντα
1557 1870 1772 1941 προΐεν-
1809 1848 1849 1905 Β

186 1988 297 2034 ται,
360 1970 436 2032 ῶς
486 1968 551 2021 ἂν
724 1968 899 2019 πάντα
931 1965 1222 2036 πυρακτῶν
1252 1965 1279 2015 ὁ
1308 1960 1471 2033 αἰθὴρ
1506 1960 1772 2015 ἐπιλάϐοι·

187 2066 323 2117 ὅπου
387 2080 449 2131 γε
487 2064 581 2115 καὶ
634 2060 724 2113 τὸν
756 2060 903 2131 ἥλιον
933 2059 1123 2111 τοῦτον
1176 2057 1393 2128 ὁρῶμεν
1434 2054 1553 2127 ὥρᾳ
1586 2055 1776 2126 θέρους

186 2155 474 2226 διάϐροχον
496 2152 752 2215 πολλάκις
776 2152 868 2203 καὶ
885 2148 1160 2219 τεναγώδη
1178 2151 1360 2219 χώραν
1384 2150 1440 2200 ἐν
1464 2147 1774 2219 βραχυτάτῃ

187 2245 387 2315 χρόνου
437 2246 575 2315 ῥοπῇ
606 2244 831 2312 ἅνικμον
886 2239 1161 2301 παντελῶς
1191 2240 1284 2290 καὶ
1316 2238 1485 2310 ξηρὰν
1510 2238 1777 2308 καταλιμ-

188 2338 453 2389 πάνοντα.
487 2336 597 2389 Ποῦ
648 2337 824 2388 τοίνυν
862 2337 1037 2387 ἐκεῖνο
1083 2333 1142 2385 τὸ
1178 2330 1357 2403 ὑδωρ;
1398 2330 1774 2383 Δεικνύτωσαν

188 2429 323 2496 ἡμῖν
353 2430 402 2479 οἱ
428 2428 495 2479 τὰ
523 2429 699 2480 πάντα
722 2428 902 2479 δεινοί.
920 2423 1041 2497 Ἆρ’
1060 2426 1182 2493 οὐχὶ
1214 2424 1375 2475 παντὶ
1403 2422 1581 2491 δῆλον,
1606 2424 1686 2473 δτι
1709 2424 1773 2491 τῇ

190 2517 492 2587 Θερμότητι
536 2518 632 2570 τοὺ
663 2518 809 2587 ἡλίου
848 2517 1144 2586 διατμηθὲν
1186 2514 1467 2585 ἀνηλώθη;
1514 2512 1773 2579 Καίτοιγε

188 2611 313 2664 οὑδὲ
346 2610 546 2682 θερμὸν
561 2610 670 2680 (‘29)
691 2606 827 2662 εἶναι
843 2610 931 2661 τὸν
947 2610 1096 2679 ἣλιον
1120 2612 1316 2662 ἐκεῖνοι
1343 2607 1579 2674 λέγουσι·
1597 2604 1776 2657 τοσοῦ-

189 2721 280 2756 τον
315 2704 498 2767 αὑτοῖς
531 2703 624 2757 τοῦ
661 2703 834 2772 λέγειν
864 2703 1126 2775 περίεστι.
1166 2702 1273 2753 Καὶ
1321 2703 1569 2753 σκοπεῖτε
1612 2715 1776 2752 ποτα-

190 2801 267 2868 πῇ
294 2799 573 2865 ἀποδείξει
678 2798 1001 2869 ερειδόμενοι
1030 2796 1166 2867 πρὸς
1213 2795 1309 2866 τὴν
1344 2794 1630 2863 ἐνάργειαν
1661 2791 1772 2863 (50)

192 2892 613 2945 ἀντιϐαίνουσιν.
646 2891 863 2960 Ἐπειδὴ
883 2890 1069 2953 λευκός
1096 2892 1230 2950 ἐστι,
1263 2889 1413 2957 φασὶ,
1444 2888 1541 2959 τὴν
1562 2886 1773 2958 χροιὰν,

192 2982 305 3035 ἀλλ’
340 2984 463 3053 οὑχὶ
499 2982 822 3055 ὑπέρυθρος,
880 2982 1001 3034 οὑδὲ
1069 2981 1278 3047 ξανθὸς,
1342 2981 1533 3032 τούτου
1590 2980 1774 3031 ἕνεκεν

192 3074 312 3126 οὑδὲ
361 3071 616 3143 πυρώδης
646 3074 743 3144 τὴν
789 3074 946 3143 φύσιν
970 3090 981 3102 ·
1028 3071 1165 3125 ἀλλὰ
1200 3073 1291 3125 καὶ
1332 3070 1518 3122 τούτου
1558 3071 1688 3137 φασὶ
1716 3069 1776 3121 τὸ

195 3167 399 3239 θερμὸν
433 3169 496 3219 ὲκ
522 3167 622 3236 τῆς
658 3168 878 3238 ταχείας
905 3162 1042 3218 εἶναι
1076 3164 1463 3235 περιστροφῆς.
1502 3162 1565 3213 Τί
1596 3159 1775 3213 ἐντεῦ-

194 3260 283 3314 θεν
307 3262 520 3325 ἑαυτοῖς
549 3260 901 3329 διοικούμενοι
927 3276 941 3323 ;
982 3259 1066 3320 Ὠς
1103 3257 1264 3328 μηδὲν
1296 3256 1441 3319 δόξαι
1467 3254 1574 3307 τῶν
1595 3252 1775 3325 ὑγρῶν

194 3354 588 3407 ἀπαναλίσκειν
626 3356 714 3406 τὸν
757 3353 926 3423 ἣλιον.
976 3349 1116 3419 Ἐγὼ
1147 3349 1225 3412 δὲ,
1263 3348 1367 3401 κᾶν
1395 3348 1469 3418 μὴ
1511 3346 1709 3416 ἀληθὲς

194 3444 253 3495 τὺ
280 3444 589 3512 λεγόμενον,
632 3445 743 3498 ἀλλ’
769 3446 845 3508 ῶς
880 3439 1387 3511 συγκατασκευάζον
1428 3442 1548 3509 ἐμοὶ
1574 3440 1661 3492 τὸν
1694 3438 1775 3491 λό-

195 3552 288 3602 γον
326 3537 427 3588 οὑκ
468 3536 811 3605 ἀπωθοῦμαι.
872 3537 1119 3605 Ἐλέγετο
1157 3535 1265 3605 γὰρ
1316 3532 1401 3585 διὰ
1437 3532 1534 3602 τὴν
1578 3533 1642 3583 ἐκ
1680 3530 1771 3583 τοῦ

196 3626 401 3699 θερμοῦ
428 3629 672 3699 δαπάνην
698 3630 991 3696 ἀναγκαῖον
1024 3623 1164 3681 εἶναι
1194 3627 1300 3678 τῶν
1324 3626 1529 3679 ὑδάτων
1559 3624 1617 3675 τὸ
1647 3622 1775 3692 πλῆ-

195 3719 305 3784 θος.
328 3721 588 3793 Διαφέρει
624 3721 679 3774 δὲ
704 3720 855 3774 οὑδὲν
882 3722 945 3773 ἐκ
973 3720 1186 3788 φύσεως
1220 3714 1356 3771 εἶναι
1396 3716 1617 3787 θερμὸν,
1646 3716 1676 3785 ἢ
1712 3718 1772 3768 ὲκ

197 3811 399 3877 πάθους
440 3814 583 3884 ἔχειν
610 3814 709 3884 τὴν
754 3811 996 3883 πύρωσιν
1024 3810 1160 3880 πρὸς
1191 3826 1254 3877 γε
1292 3808 1352 3860 τὸ
1380 3808 1448 3859 τὰ
1469 3806 1606 3858 αὑτὰ
1642 3823 1775 3875 συμ-

200 3906 469 3977 πτώματα
508 3906 633 3978 περὶ
683 3905 781 3969 τὰς
816 3904 982 3967 αὑτὰς
1018 3902 1149 3965 ὑλας
1183 3900 1504 3969 ἁπογεννᾷν.
1551 3896 1674 3949 Ἐάν
1715 3914 1773 3948 τε

196 3998 301 4068 γὰρ
349 3998 647 4068 τριϐόμενα
701 3997 831 4063 ξύλα
877 3996 1013 4066 πρὸς
1059 3994 1260 4065 ἄλληλα
1313 3993 1424 4063 πῦρ
1460 3992 1551 4045 καὶ
1605 3990 1776 4059 φλόγα

196 4091 396 4161 ἁνάψῃ,
456 4092 549 4144 ὲάν
578 4109 636 4143 τε
672 4094 735 4143 ὲκ
780 4089 974 4159 φλογὸς
1004 4086 1383 4156 ἀναπτομένης
1433 4080 1771 4151 κατακαυθῇ,

200 4184 309 4237 ἴσον
357 4184 478 4237 ἐστὶ
517 4184 611 4235 καὶ
661 4182 1037 4253 παραπλήσιον
1065 4179 1123 4245 ὲξ
1164 4178 1486 4247 ἀμφοτέρων
1516 4176 1575 4226 τὸ
1598 4174 1768 4236 τέλος.

197 4276 457 4344 Καίτοιγε
486 4274 699 4346 ὁρῶμεν
733 4272 830 4344 τὴν
859 4271 1101 4342 μεγάλην
1132 4269 1225 4322 τοῦ
1254 4267 1321 4320 τὰ
1362 4268 1538 4320 πάντα
1577 4265 1777 4337 κυϐερ-

196 4368 395 4433 νῶντος
444 4368 657 4437 σοφίαν,
693 4364 1068 4437 μετατιθεῖσαν
1098 4362 1206 4433 (3|)
1241 4361 1332 4413 τὸν
1371 4360 1520 4429 ἥλιον
1559 4359 1616 4425 ἐξ
1660 4358 1773 4410 ἑτέ-

200 4479 303 4532 ρων
335 4463 416 4524 et;
459 4460 640 4531 ἔτερα,
676 4458 762 4510 ἴνα
812 4458 907 4527 μὴ,
947 4459 1057 4518 τοῖς
1085 4456 1267 4515 αὑτοῖς
1314 4452 1398 4505 ἀεὶ
1430 4448 1773 4522 προσδιατρί-

1875 580 2168 635 abhorrere
2200 592 2394 633 censes
2424 596 2436 629 :
2466 583 2558 632 sed
2600 580 2666 632 ad
2699 578 2913 647 cepiam
2946 590 3049 627 non
3095 577 3321 645 respicis
3355 591 3447 631 ca-

1873 670 2025 733 loris,
2056 673 2145 738 qui
2182 669 2395 726 tametsi
2428 673 2729 737 quantitate
2761 683 2981 739 parvus,
3006 666 3230 721 multum
3268 679 3444 723 tamen

1872 762 2120 816 humoris
2148 765 2196 815 vi
2226 779 2320 817 sua
2351 777 2672 816 consumere
2698 774 2892 829 potest.
2940 762 3181 816 Attrahit
3230 763 3447 829 quidem

1875 854 2212 921 adiacentem
2261 854 2568 917 humorem,
2623 852 2767 904 velut
2812 855 3013 907 indicat
3050 852 3392 907 cucurbitula
3432 896 3444 906 .

1872 947 2148 1002 consumit
2180 962 2310 999 vero
2339 955 2656 1010 attractum,
2690 946 2862 998 instar
2906 947 3163 1002 videlicet
3190 946 3331 1016 ignis
3364 944 3450 997 lu-

1874 1054 2185 1104 cernarnm,
2229 1039 2317 1107 qui
2359 1056 2452 1108 per
2508 1038 2839 1109 ellychnium
2870 1038 3183 1093 alimentum
3209 1042 3447 1096 vicinum

1876 1131 2177 1193 attrahens,
2216 1132 2324 1183 cito
2365 1130 2490 1183 illud
2540 1132 2590 1183 in
2631 1128 2905 1197 fuliginem
2953 1138 3292 1184 transmutat.
3327 1130 3445 1185 Jam

1876 1240 2005 1279 vero
2033 1224 2233 1277 aethera
2260 1223 2381 1291 quis
2410 1224 2634 1291 ambigit
2666 1237 2787 1275 esse
2808 1222 3032 1291 ignitum
3065 1232 3117 1274 et
3148 1223 3450 1277 ardentem?

1874 1318 1965 1387 qui
2004 1314 2109 1369 nisi
2148 1314 2489 1369 ineluctabili
2518 1313 2830 1368 Conditoris
2866 1315 3183 1382 praescripto
3229 1330 3451 1369 coerce~

1877 1421 2048 1473 retur,
2087 1409 2345 1477 quidnam
2382 1423 2506 1461 eum
2550 1408 2937 1475 prohibuisset,
2990 1409 3260 1477 contiguis
3282 1410 3452 1461 omm-

1876 1505 1975 1559 bus
2008 1504 2169 1558 rebus
2194 1502 2538 1555 inﬂammatis
2575 1517 2637 1553 ac
2670 1503 2965 1556 combustis
2989 1542 3003 1565 ,
3035 1516 3249 1554 omnem
3292 1501 3452 1554 simul

1877 1612 2062 1653 earum
2122 1595 2499 1648 humiditatem
2543 1594 2876 1647 absumere?
2922 1594 3264 1664 Quapropter
3311 1609 3452 1663 aqua

1878 1689 2022 1741 aeria
2048 1687 2224 1741 oritur
2247 1694 2381 1745 tum,
2402 1701 2523 1738 cum
2550 1686 2699 1739 locus
2719 1699 2987 1753 supernus
3013 1687 3080 1740 ab
3100 1686 3303 1740 evectis
3328 1701 3451 1739 sur-

1878 1796 1993 1833 sum
2030 1778 2494 1847 vaporibus,quos
2518 1778 2684 1843 ﬂuvii,
2721 1779 2918 1845 fontes,
2954 1778 3112 1841 vada,
3138 1780 3358 1847 paludes
3389 1794 3453 1831 ac

1880 1871 2047 1923 maria
2071 1872 2252 1923 omnia
2285 1876 2563 1934 emittunt,
2588 1870 2960 1935 obuubilatur,
3010 1880 3066 1924 ut
3094 1888 3159 1925 ne
3179 1871 3417 1926 aetherio
3436 1899 3451 1909 -

1879 1963 2065 2027 vadat,
2086 1976 2502 2033 concremetque
2524 1964 2813 2017 universa:
2848 1980 2970 2016 cum
3002 1966 3145 2018 hunc
3172 1966 3335 2017 etiam
3356 1978 3450 2017 so—

1878 2053 1981 2108 lem
2004 2054 2353 2108 videamusin
2377 2056 2561 2109 aestiva
2608 2064 2925 2125 tempestate
2956 2056 3228 2108 madidam
3259 2067 3312 2109 et
3337 2070 3449 2109 cce-

1880 2163 2063 2205 nosam
2102 2148 2374 2217 regionem
2397 2148 2709 2218 plerumque
2736 2150 2976 2203 humoris
3000 2163 3221 2217 prorsus
3252 2163 3450 2219 exper-

1882 2250 1987 2294 tem
2021 2257 2083 2296 ac
2113 2242 2313 2295 siccam
2340 2240 2659 2294 brevissimo
2695 2243 2951 2309 temporis
2980 2251 3253 2295 momento
3286 2242 3452 2295 relin-

1880 2347 2069 2401 quere.
2095 2332 2211 2397 Quo
2230 2348 2413 2399 quaeso
2442 2332 2575 2386 abiit
2595 2348 2731 2400 aqua
2759 2334 2871 2386 illa?
2888 2332 3356 2388 Ostendautnobis
3376 2335 3451 2388 illi

1880 2440 2061 2480 rerum
2081 2424 2319 2477 omnium
2337 2425 2561 2478 scientia
2581 2424 2809 2492 pnediti.
2837 2426 3028 2478 Annon
3054 2425 3227 2478 cuivis
3259 2425 3450 2493 liquet,

1879 2535 1997 2574 eam
2029 2517 2212 2574 calore
2230 2516 2362 2571 solis
2384 2517 2434 2569 in
2466 2533 2719 2587 vaporem
2744 2521 2971 2573 solutam
2996 2532 3115 2572 esse
3136 2527 3297 2585 atque
3322 2535 3455 2573 con-

1878 2615 2172 2682 sumptam?
2203 2613 2561 2680 Quamobrem
2587 2628 2650 2666 ne
2668 2614 2896 2666 calidum
2913 2614 3125 2681 quidem
3146 2614 3311 2669 solem
3334 2626 3455 2666 esse

1878 2705 1953 2758 illi
1976 2706 2192 2761 dicunt:
2214 2708 2347 2762 adeo
2377 2707 2518 2775 loqui
2545 2706 2675 2773 ipsis
2702 2716 2875 2759 vacat.
2899 2705 3094 2760 Verum
3115 2708 3454 2761 considerate

1879 2800 2023 2869 quali
2039 2801 2494 2855 demonstratione
2509 2801 2640 2865 nixi,
2654 2800 2933 2853 evidentia
2951 2797 3455 2863 reluctantur.Quo-

1878 2892 2043 2956 niam,
2077 2892 2347 2961 inquiunt,
2382 2892 2567 2944 colore
2615 2892 2766 2944 albus
2800 2900 2904 2953 est,
2950 2906 3056 2944 non
3104 2900 3283 2944 autem
3322 2890 3455 2943 sub-

1877 2983 2058 3047 ruber,
2094 2998 2193 3038 nec
2230 2983 2417 3046 ﬂavus,
2448 2982 2567 3034 ideo
2598 2997 2770 3050 neque
2800 2990 2985 3050 suapte
3026 2992 3213 3036 natura
3254 2984 3456 3052 ignitus

1876 3086 1998 3130 est:
2027 3076 2117 3130 sed
2146 3086 2200 3130 et
2220 3076 2338 3143 ejus
2369 3076 2603 3130 calorem
2645 3080 2709 3127 ex
2747 3075 2915 3129 veloci
2949 3075 3275 3129 circumactu
3309 3072 3454 3126 aﬂir-

1879 3176 2026 3221 mant
2055 3169 2206 3221 oriri.
2241 3167 2378 3233 Quid
2408 3168 2507 3221 sibi
2556 3167 2681 3221 inde
2725 3167 2990 3221 Commodi
3034 3160 3304 3221 asciscuni.
3332 3168 3354 3219 ?
3385 3164 3456 3218 Ut

1878 3259 2010 3312 nihil
2036 3273 2351 3314 consumere
2379 3261 2661 3313 humorum
2689 3260 2768 3313 sol
2787 3260 3144 3313 existimetur.
3164 3257 3274 3328 Ego
3304 3273 3452 3326 vero,

1878 3353 2090 3405 tametsi
2132 3354 2183 3405 id
2225 3352 2364 3421 quod
2420 3353 2486 3405 ab
2536 3352 2667 3419 ipsis
2722 3351 2954 3415 dicitur,
2989 3366 3175 3405 verum
3207 3366 3311 3403 non
3347 3362 3453 3413 est,

1875 3449 2053 3495 tamen
2086 3442 2137 3495 id
2170 3444 2366 3510 ipsum,
2421 3451 2676 3510 tanquam
2728 3442 2868 3509 quod
2904 3457 3078 3496 meum
3133 3442 3455 3495 sententiam

1875 3537 2207 3603 comprobet,
2241 3550 2345 3589 non
2375 3550 2588 3603 reSpuo.
2617 3533 2748 3587 Nam
2776 3551 3035 3604 aquarum
3063 3536 3211 3604 copia
3238 3536 3306 3589 ob
3335 3551 3454 3588 eam

1875 3641 2047 3696 quam
2090 3629 2270 3681 calore
2329 3626 2559 3681 eﬂicitur
2613 3630 3098 3696 consumptionem,
3152 3629 3453 3683 necessaria

1875 3734 1993 3774 esse
2017 3720 2317 3775 dicebatur.
2350 3719 2469 3774 Jam
2501 3734 2630 3773 vero
2660 3722 2725 3773 ad
2765 3721 2981 3775 eosdem
3016 3722 3068 3774 in
3112 3722 3313 3775 eisdem
3342 3735 3453 3772 ma-

1878 3812 2025 3864 teriis
2054 3812 2430 3880 producendos
2466 3810 2690 3865 eﬂ'ectus
2721 3811 2851 3864 nihil
2891 3812 3131 3872 interest,
3163 3820 3337 3864 utrum
3370 3809 3452 3864 sol

1876 3915 2067 3975 Suapte
2097 3914 2284 3958 natura
2318 3907 2389 3958 sit
2420 3904 2647 3966 calidus,
2696 3920 2761 3955 an
2797 3917 2861 3956 ex
2903 3902 3185 3958 alfectionc
3217 3903 3377 3955 ardor
3398 3903 3448 3955 ei

1875 3998 2183 4051 accesserit.
2224 3997 2348 4050 Sive
2377 3998 2521 4049 enim
2553 3996 2697 4062 ligna
2750 3996 2890 4049 inter
2938 4010 2998 4050 se
3030 4004 3215 4048 mutuo
3241 3993 3448 4049 confri-

1875 4096 2185 4158 cta,ignem
2219 4105 2283 4144 ac
2336 4088 2605 4142 ﬂammam
2656 4092 3006 4154 essuscitent,
3058 4092 3171 4144 sive
3222 4105 3445 4145 accensa

1874 4184 2087 4234 ﬂamma
2122 4180 2399 4237 combusta
2431 4180 2654 4243 fuerint,
2702 4196 2798 4247 par
2825 4192 2878 4233 et
2910 4181 3202 4243 consimilis
3232 4181 3354 4234 linis
3380 4195 3449 4233 ex

1874 4280 2103 4335 utroque
2136 4270 2324 4325 resilit.
2376 4268 2641 4323 Caeterum
2696 4286 2943 4339 magnam
2992 4271 3108 4337 ejus
3141 4270 3231 4337 qui
3264 4269 3444 4321 omnia

1875 4362 2135 4431 gubernat
2185 4362 2504 4431 sapientiam
2545 4363 2841 4431 cernimus,
2882 4364 3048 4417 solem
3092 4362 3306 4416 aliunde
3341 4360 3447 4413 alio

1876 4460 2357 4515 transmoventem,
2386 4458 2444 4503 ut
2479 4465 2547 4503 ne
2582 4451 2634 4503 in
2671 4451 2860 4505 iisdem
2892 4452 3023 4505 locis
3055 4466 3265 4519 semper
3293 4465 3442 4504 com-

197 4553 322 4617 ϐων,
356 4556 424 4623 τῇ
454 4552 733 4622 πλεονεξίᾳ
765 4549 859 4603 τοῦ
892 4547 1095 4618 θερμοῦ
1131 4546 1435 4615 λυμήνηται
1468 4543 1565 4613 τὴν
1590 4543 1769 4597 διακό-

1876 4557 2333 4607 morans,.rerum
2366 4540 2609 4595 ordinem
2655 4557 2750 4611 per
2791 4542 2987 4596 caloris
3034 4543 3441 4597 redundantiam

196 4792 283 4832 ses
316 4776 407 4830 alii
446 4775 658 4829 codices
682 4773 1042 4845 ἀφαιρέσεως.
1079 4768 1298 4845 §tatim_
1314 4767 1468 4845 podl.
1503 4782 1623 4845 cum
1649 4766 1769 4845 aliis

195 4857 315 4902 octo
348 4861 479 4900 mss.
512 4856 568 4898 et
613 4837 743 4898 cum'
788 4837 1026 4897 editione
1074 4839 1240 4893 Bssil.
1276 4837 1464 4900 ὓδατος
1495 4838 1765 4900 ἀπιστεῖς,

196 4917 349 4971 bene.
380 4914 563 4967 Editio
605 4915 776 4967 Paris.
806 4912 997 4974 ὕδατος
1020 4911 1120 4963 οὑκ
1149 4911 1419 4971 ἀπιστεῖς.
1456 4908 1565 4961 Nec
1610 4908 1767 4961 aliter

196 4987 389 5054 legisse
420 4987 634 5038 videtur
680 4984 1016 5054 Eustathius,
1057 4982 1148 5047 qui
1205 4981 1283 5054 sic
1328 4988 1542 5054 vertat“:
1573 4976 1676 5054 S_ed
1706 4987 1764 5030 tu

194 5047 401 5126 quidem
428 5055 649 5126 liquoris
673 5053 1007 5126 amplitudini
1044 5050 1458 5126 non__discretlis.
1488 5047 1638 5126 Unde
1666 5064 1761 5117 pa-

203 5118 274 5181 iet
311 5118 567 5180 mendum
597 5125 801 5177 illud'iu
835 5124 1040 5191 aliquot
1067 5122 1280 5191 codices
1316 5118 1620 5191 irrepsisse.

264 5198 373 5265 (9.7)
413 5193 569 5248 Coll).
615 5195 883 5265 secundus
924 5187 1415 5265 xaracpioytiov'ra.
1445 5187 1761 5265 _blox_tnss.

196 5256 431 5333 plerique
467 5278 656 5318 omnes
700 5262 769 5314 τὰ
820 5263 1036 5332 συνεχῆ.
1068 5256 1234 5315 Abest
1265 5257 1527 5312 articulus
1558 5256 1625 5309 ab
1659 5258 1768 5310 edi-

197 5335 332 5387 tione
364 5335 541 5388 Paris.

263 5404 371 5472 (28)
406 5405 582 5458 Editio
612 5403 783 5456 Paris.
810 5403 990 5472 ἀέριον
1014 5401 1243 5469 γίνεται.
1282 5399 1442 5452 Deest
1470 5396 1684 5472 γίνεται
1704 5396 1763 5472 _i_n

193 5466 425 5528 editione
466 5473 631 5526 Basil.
664 5484 717 5527 et
774 5474 825 5525 in
878 5466 1002 5526 octo
1028 5466 1190 5527 'mss.
1240 5481 1435 5539 praeter
1468 5466 1619 5539 Bodl.
1648 5466 1765 5539 Ali-

196 5556 392 5613 quanto
419 5553 543 5612 post
578 5546 705 5612 lteg.
750 5544 941 5597 tertius
971 5538 1249 5613 ἐπιλάϐῃ.
1287 5539 1481 5593 Statim
1528 5538 1659 5613 editi
1706 5539 1763 5587 ὲν

195 5609 325 5682 ὥρᾳ.
350 5609 519 5665 Abest
550 5615 607 5664 ὲν
646 5609 713 5667 ab
742 5622 864 5667 octo
893 5627 1018 5665 mss.

262 5679 367 5752 (ιθ)
419 5684 696 5750 Καίτοιγε
726 5682 869 5736 οὐδὲ
908 5681 1143 5751 θερμόν.
1190 5679 1457 5752 Vetusilla
1502 5692 1760 5752 quorum-

197 5747 312 5803 dain
352 5747 814 5821 philosophorum
870 5747 1075 5820 opinio,
1141 5753 1253 5819 qui,
1305 5750 1471 5802 solem
1510 5747 1757 5821 calidum

196 5832 303 5875 esse
328 5817 611 5893 negantes,
630 5817 970 5879 aﬂirmabaht
1005 5817 1411 5877 illiusicalorem
1448 5820 1579 5873 nihil
1615 5817 1757 5871 aliud

1872 4779 1990 4833 esse
2015 4764 2115 4818 nisi
2140 4763 2375 4817 velocem
2407 4764 2693 4833 quemdam
2719 4764 3105 4817 circumactum
3132 4774 3183 4816 et
3214 4773 3441 4825 motum,

1872 4836 2205 4908 temporibus
2238 4836 2442 4888 nostris
2472 4836 2615 4905 viget
2650 4837 2903 4896 maxime,
2959 4834 3242 4902 placetque
3277 4850 3440 4902 quam

1908 4906 2133 4959 ltirimis.

1871 4923 2174 5046 pl‘ngTlgic
2228 4974 2378 5046 Regii
2411 4976 2617 5042 primus
2648 4984 2701 5028 et
2733 4984 2953 5027 octavus
2984 4988 3107 5027 cum
3153 4972 3325 5046 C_olb._
3356 4990 3442 5026 si:-

1870 5044 2044 5099 cnndo
2071 5055 2125 5098 et
2160 5059 2280 5097 cum
2311 5044 2475 5097 Coisl.
2522 5046 2703 5098 itidem
2749 5047 3024 5105 secundo;
3086 5052 3137 5094 et
3191 5044 3260 5095 ita
3316 5044 3443 5111 legit

1870 5115 2203 5177 Eustathius,
2256 5114 2409 5179 cujus
2440 5117 2554 5168 inec
2603 5126 2773 5168 sunt:
2831 5114 2897 5166 Et
2958 5113 3285 5167 considerate
3341 5132 3442 5182 quo

1873 5186 1995 5252 freti
2039 5185 2369 5248 documento,
2427 5186 2573 5239 rebus
2623 5184 3025 5237 euidentissimis
3073 5190 3441 5237 adversantur.

1873 5252 2373 5341 lﬂtlitiicum‘liegiis
2405 5257 2568 5341 tertio
2625 5264 2681 5307 et
2736 5256 2925 5341 q‘tltinto
2947 5254 3437 5341 fult-tiquepcois‘l:

1872 5322 2225 5396 primousrpb;
2247 5322 2341 5396 τὴν
2401 5325 2700 5396 ἐνέργειαν.
2758 5324 3095 5396 Μοκνηξιιιιί
3151 5340 3278 5377 mss.
3328 5322 3442 5375 ἀλλ’

1872 5394 2013 5464 οὑχί.
2040 5394 2217 5464 Editio
2264 5395 2433 5449 Paris.
2462 5394 2596 5448 ἀλλά
2631 5395 2747 5464 οὑχ.
2794 5394 3031 5449 Subinde
3053 5395 3205 5449 Colb.
3243 5410 3440 5447 secun-

1872 5463 2160 5537 αυεγτοῦτο
2183 5464 2243 5516 τὸ
2272 5464 2488 5536 Θερμόν.

1942 5533 2057 5604 (5i)
2091 5533 2187 5604 iSic
2241 5533 2422 5588 nostra
2469 5536 2634 5589 editio
2679 5534 2840 5587 Basil.
2876 5550 2997 5588 cum
3054 5544 3257 5602 septem
3308 5550 3438 5587 mss.

1870 5604 2049 5657 Editio
2078 5603 2249 5657 Paris.
2283 5607 2631 5674 μεταθεῖσαν.
2660 5606 2906 5658 Morellns
2924 5606 3054 5656 citat
3075 5605 3253 5657 nescio
3277 5620 3439 5671 quam

1866 5675 2153 5728 editionem
2191 5674 2354 5746 Basil.
2395 5679 2444 5729 in
2482 5692 2588 5746 qua
2637 5678 2829 5744 legitur
2859 5675 3441 5746 pscaet0évroq,_l_iaec—

1868 5760 1971 5808 que
1992 5746 2168 5797 subdit
2197 5762 2209 5794 :
2245 5743 2442 5797 Fattent
2467 5743 2538 5799 tot
2577 5743 2823 5813 gignendi
2856 5743 3006 5797 casus
3050 5761 3168 5798 mox
3196 5743 3438 5811 subjecti,

1882 5814 2158 5878 Ἀττικῶς.
2190 5814 2351 5883 Bene,
2386 5818 2477 5871 scd
2507 5814 2847 5885 refragantur
2879 5831 3007 5870 mss.
