4098 6326
203 379 288 436 73
1349 379 1638 436 HOMILIA
1679 378 1745 434 lll
1779 379 1795 432 l

1907 376 2377 435 ΙΕΧΑΕΜΕΠΟΝ.
3405 372 3476 429 ’Μ

206 497 362 551 τάων
392 510 489 555 τας
514 494 762 562 εὑλογίας
797 494 1032 560 δίδωσιν,
1074 495 1148 558 ὡς
1196 497 1289 549 τοῦ
1323 498 1449 566 περὶ
1489 497 1592 566 γῆν
1635 498 1799 549 τόπου

1904 499 2093 551 horum
2123 499 2430 566 temperiem
2466 491 2802 548 l'ecundelur.
2833 489 2968 557 Quin
3000 498 3053 544 et
3088 490 3140 543 in
3169 489 3472 545 maledictis

205 589 298 641 διὰ
332 588 435 650 τῆς
461 588 518 637 ἐν
546 585 754 648 τούτοις
780 585 1029 651 εὐταξίας
1052 588 1466 658 εὐθηνουμένων.
1508 588 1665 640 Ἀλλά
1699 589 1790 640 καὶ

207 682 266 732 ἐν
306 681 431 733 ταῖς
464 678 726 747 κατάραις
755 678 832 747 τῷ
871 678 1081 750 Ἰσραὴλ
1122 679 1256 748 (ζ9λι,
1292 678 1503 732 Ἔσται
1534 697 1652 743 σοι,
1685 697 1789 748 φη-

212 775 318 834 σὶν,
350 773 381 823 ό
433 767 578 837 ὑπὲρ
625 769 892 838 κεφαλῆς
925 769 1176 838 οὐρανὸς
1220 772 1505 839 χαλκοῦς.
1543 771 1606 824 Τί
1636 770 1793 824 τοῦτο

206 864 416 931 λέγων;
459 861 570 931 Τὴν
601 861 838 932 παντελῆ
868 862 1128 932 ξηρασίαν
1158 863 1250 914 καὶ
1285 863 1551 932 ἐπίλειψιν
1577 863 1681 916 τῶν
1702 864 1792 915 ἀε-

210 955 345 1026 ρίων
385 949 617 1015 ὑδᾶτων,
652 954 717 1006 δι’
758 947 832 1005 ὧν
862 955 927 1023 τῇ
968 955 1037 1023 γῇ
1077 954 1136 1005 τὸ
1173 953 1394 1025 γόνιμον
1427 955 1535 1006 τῶν
1564 953 1792 1025 καρπῶν

208 1047 533 1116 ἐνυπάρχει.
565 1047 733 1098 Ὅταν
760 1041 848 1098 οὖν
887 1047 950 1096 ὲκ
974 1045 1066 1097 τοῦ
1100 1047 1330 1117 οὐρανοῦ
1361 1043 1634 1116 ’φέρεσθαι
1658 1046 1790 1116 λέγῃ

208 1139 402 1210 δρόσον
434 1140 467 1208 ἦ
502 1139 678 1200 ὑετὸν,
726 1139 852 1208 περὶ
899 1139 1103 1192 ὑδάτων
1151 1140 1375 1210 νοοῦμεν
1417 1140 1515 1191 ὅσα
1555 1137 1650 1208 τὴν
1683 1138 1792 1192 ᾰνω

211 1231 468 1300 κατέχειν
507 1231 847 1283 διατέτακται
893 1229 1094 1300 χώραν.
1133 1230 1518 1300 Συναγομένων
1548 1230 1657 1300 γὰρ
1685 1229 1792 1284 τῶν

211 1324 635 1394 ἀναθυμιάσεων
674 1323 801 1392 περὶ
845 1322 905 1373 τὸ
954 1322 1106 1391 ὑψος,
1149 1323 1241 1376 καὶ
1285 1323 1653 1392 πυκνουμένου
1697 1323 1789 1376 τοῦ

212 1418 380 1488 ἀέρος
412 1420 532 1479 ταῖς
562 1419 624 1467 ἐκ
665 1414 771 1468 τῶν
809 1416 1135 1486 πνευμάτων
1188 1416 1487 1485 πιλήσεσιν,
1526 1417 1652 1468 ὅταν
1695 1415 1792 1486 μὲν

213 1510 274 1560 αί
314 1511 449 1570 τέως
485 1505 782 1573 ἀτμοειδῶς
808 1509 900 1561 καὶ
925 1506 1137 1569 λεπτῶς
1170 1506 1569 1576 ἐνεσπαρμέναι
1601 1506 1679 1575 τῷ
1704 1507 1792 1558 νέ-

211 1616 310 1668 φει
350 1597 548 1658 νοτίδες
594 1595 846 1666 ἀλλήλαις
891 1598 1342 1667 προσχωρήσωσι,
1398 1596 1654 1664 σταγόνες
1707 1596 1794 1658 γί-

214 1706 456 1758 γνονται,
485 1686 563 1757 τῷ
596 1687 749 1758 βάρει
771 1689 878 1740 τῶν
907 1687 1308 1756 συγκριθέντων
1333 1688 1630 1758 φερόμεναι
1660 1686 1794 1758 πρὸς

215 1783 279 1835 τὸ
314 1780 461 1833 κάτω
483 1795 496 1809 ⁸
530 1783 622 1833 καὶ
654 1781 788 1850 αὕτη
822 1778 977 1831 ὑετοῦ
1013 1779 1223 1846 γένεσις
1245 1795 1258 1809 ο
1290 1781 1416 1831 ὅταν
1457 1780 1513 1831 δὲ
1548 1778 1605 1830 τὸ
1630 1779 1793 1848 ὑγρὸν

1900 588 2100 650 lsraeli,
2134 585 2200 639 Et
2259 587 2376 650 erit,
2423 584 2614 653 inquit,
2657 582 2751 634 tibi
2797 581 2979 635 coelum
3019 581 3158 650 quod
3193 596 3348 648 super
3390 596 3474 633 ce-

1897 692 1986 748 put
2020 691 2094 733 est
2119 720 2133 742 ,
2164 695 2363 734 teneam
2399 680 2465 732 ⁵¹.
2499 676 2634 743 Quid
2684 676 2765 730 his
2815 675 2990 727 verbis
3033 673 3270 726 indicare
3312 671 3473 725 vult?

1901 770 2275 826 Omnimodam
2323 767 2653 829 siccitatem,
2685 773 2738 816 et
2787 776 3048 831 aquarum
3081 761 3349 814 aeriarum
3380 758 3473 813 de-

1903 863 2148 926 fectum,
2191 861 2384 930 quibus
2450 858 2626 912 telluri
2693 855 2944 909 fertilitas
3009 851 3279 907 fructuum
3340 867 3472 906 con-

1901 956 2090 1010 fertur.
2145 954 2278 1008 Cum
2309 953 2473 1021 igitur
2517 950 2716 1005 deferri
2745 949 2811 1002 de
2838 947 2976 1002 caalo
3007 960 3182 999 rorem
3221 954 3313 998 aut
3356 945 3474 1013 plu-

1903 1048 2041 1101 viam
2066 1040 2214 1109 dicit,
2252 1056 2362 1099 tum
2387 1059 2560 1113 aquas
2588 1059 2682 1097 eas
2713 1057 2834 1111 quae
2859 1053 3143 1108 supernam
3197 1037 3471 1106 regionem

1899 1155 2164 1206 occupare
2202 1138 2370 1206 jussu:
2423 1147 2572 1200 sunt,
2627 1133 2992 1202 intelligimus.
3041 1129 3290 1183 Collectis
3321 1127 3471 1182 enim

1901 1233 1952 1286 in
2011 1231 2223 1286 sublimi
2262 1230 2569 1298 vaporibus,
2603 1240 2658 1283 et
2693 1241 2816 1281 aere
2864 1241 2958 1296 per
2998 1234 3272 1279 ventorum
3318 1236 3468 1276 com-

1900 1325 2232 1394 pressioncm
2299 1324 2666 1384 condensato,
2727 1319 2815 1373 ubi
2886 1317 3267 1380 humiditates,
3323 1315 3471 1384 prius

1900 1415 1954 1468 in
2019 1415 2236 1468 modum
2301 1412 2518 1482 vaporis
2579 1411 2919 1477 tenuiterque
2983 1407 3110 1461 nubi
3182 1407 3472 1472 inspersa,

1902 1509 2042 1563 inter
2070 1523 2129 1563 se
2182 1516 2366 1562 mutuo
2398 1505 2752 1567 cohaeserunt,
2790 1513 2914 1556 tunc
2958 1501 3246 1569 gignuntur
3287 1509 3471 1568 gutta.

1901 1600 1966 1653 ad
2005 1601 2111 1652 ima
2137 1607 2513 1654 concretorum
2539 1598 2822 1650 humornm
2851 1594 3088 1664 pondere
3120 1593 3431 1647 decidentes
3457 1608 3471 1657 ;

1903 1700 2060 1758 atque
2088 1690 2173 1744 hic
2206 1698 2290 1741 cst
2318 1688 2508 1757 pluvia:
2535 1697 2706 1740 ortus.
2730 1685 2862 1740 Cum
2892 1700 3018 1739 vero
3055 1685 3246 1738 humor
3272 1684 3320 1736 vi
3345 1699 3475 1738 ven-

1904 1793 2079 1837 torum
2117 1781 2400 1846 dissectns,
2435 1780 2487 1833 in
2522 1793 2765 1844 spumam
2801 1778 3047 1833 redactus
3092 1787 3198 1840 est,
3245 1791 3475 1848 cumque

213 1871 540 1941 ὲξαφρισθῇ,
591 1876 709 1934 ταῖς
766 1869 906 1940 βίαις
937 1869 1045 1922 τῶν
1095 1870 1312 1938 ἀνέμων
1352 1871 1660 1932 ἁνακοπὲν,,
1687 1866 1799 1921 εἶτα

1908 1874 2160 1940 deinceps
2193 1885 2400 1926 summe
2447 1869 2818 1938 relrigescens,
2855 1877 2996 1920 totus
3023 1868 3244 1922 omnino
3281 1883 3476 1939 conge-

214 1967 297 2026 είς
330 1965 495 2035 ἄκρον
531 1963 896 2034 καταψυχθὲν,
939 1962 1055 2014 ὅλον
1094 1962 1265 2013 διόλου
1315 1963 1483 2030 παγῇ,
1531 1959 1801 2032 θραυομέ-

219 2075 319 2110 νου
347 2057 441 2110 τοῦ
472 2056 683 2126 νέφους,
717 2059 748 2125 ἡ
772 2054 904 2125 χιὼν
928 2054 1308 2125 καταφέρεται.
1336 2053 1443 2104 Καὶ
1466 2052 1622 2117 ὅλως,
1660 2049 1801 2104 κατὰ

217 2151 317 2204 τὸν
351 2151 511 2204 αὑτὸν
551 2149 726 2216 λόγον,
768 2149 942 2212 ἒξεστί
983 2165 1062 2200 σοι
1113 2149 1244 2217 ὁρᾷν
1285 2147 1463 2199 πᾶσαν
1504 2145 1596 2198 τοῦ
1633 2147 1799 2216 ὑγροῦ

219 2243 322 2313 τὴν
353 2243 510 2311 φύσιν
540 2242 662 2311 περὶ
699 2241 786 2294 τὸν
821 2241 959 2308 ὑπὲρ
1009 2241 1246 2311 κεφαλῆς
1277 2240 1435 2310 ἡμῶν
1483 2240 1621 2309 ἀέρα
1675 2256 1799 2291 συν-

221 2335 542 2403 ισταμένην.
585 2334 694 2387 Καὶ
735 2334 918 2404 μηδεὶς
945 2336 1008 2404 τῇ
1036 2334 1320 2405 περιεργίᾳ
1353 2332 1458 2384 τῶν
1486 2335 1612 2402 περὶ
1641 2331 1802 2400 οὐρα-

215 2426 314 2479 νοῦ
346 2426 817 2496 φιλοσοφησάντων
853 2427 912 2479 τὸ
948 2426 1147 2478 ἁπλοῦν
1177 2427 1269 2479 καὶ
1292 2424 1661 2478 ἀκατάσκευον
1693 2422 1800 2476 τῶν

218 2519 607 2588 πνευματικῶν
638 2518 810 2586 λόγων
865 2517 1273 2588 παραϐαλλέτω.
1326 2518 1473 2585 ’Ὸσῳ
1501 2515 1609 2585 γὰρ
1655 2515 1716 2566 τὸ
1744 2516 1800 2565 ἐν

215 2614 341 2674 ταῖς
377 2611 617 2682 σώφροσι
650 2612 756 2680 (l0)
788 2613 981 2675 κάλλος
1021 2611 1114 2663 τοῦ
1166 2606 1442 2680 ἑταιρικοῦ
1481 2607 1803 2678 προτιμότε-

223 2722 339 2776 ρον,
382 2704 632 2756 τοσοῦτον
668 2705 759 2757 καὶ
797 2704 904 2756 τῶν
950 2702 1234 2774 ἡμετέρων
1288 2701 1460 2768 λόγων
1503 2700 1637 2770 πρὸς
1676 2700 1800 2762 τοὺς

219 2793 423 2857 ἔξωθεν
455 2794 516 2846 τὸ
553 2794 823 2865 διάφορον.
874 2795 934 2848 Οἱ
989 2794 1085 2864 μὲν
1122 2792 1230 2862 γὰρ
1280 2791 1802 2861 κατηναγκασμένον

215 2889 282 2942 τὸ
307 2889 532 2942 πιθανὸν
570 2893 679 2952 τοῖς
713 2891 889 2958 λόγοις
925 2892 1218 2958 ἐπάγουσιν
1239 2905 1250 2915 ·
1276 2886 1506 2938 ἐνταῦθα
1537 2885 1592 2937 δὲ
1618 2884 1799 2953 γυμνὴ

218 2983 614 3052 τεχνασμάτων
658 2985 689 3053 ἡ
721 2983 944 3053 ἀλήθεια
977 2982 1278 3050 πρόκειται.
1335 2978 1444 3030 Καὶ
1469 2977 1521 3028 τί
1551 2976 1631 3028 δεῖ
1661 2977 1802 3046 πρά-

218 3090 411 3143 ⁴γματα
447 3073 590 3141 ἔχειν
625 3075 768 3140 ἡμᾶς
793 3073 850 3122 τὸ
882 3071 1074 3137 ψευδὲς
1100 3068 1278 3122 αὑτῶν
1299 3066 1693 3137 διελέγχοντας,
1720 3061 1801 3130 οἷς

218 3163 448 3234 ἐξαρκεῖ
469 3163 563 3224 τὰς
585 3162 762 3215 αὐτῶν
799 3164 1020 3214 ἐκείνων
1053 3161 1262 3232 βίϐλους
1289 3162 1540 3231 ἀλλήλαις
1576 3163 1801 3215 ἀντιπα-

222 3256 491 3328 ραθέντας
526 3257 581 3306 ὲν
602 3254 798 3324 ἡσυχία
826 3254 990 3325 πολλῇ
1016 3254 1211 3317 θεατὰς
1239 3253 1418 3306 αὑτῶν
1440 3251 1530 3305 τοῦ
1564 3252 1799 3321 πολέμου

219 3344 499 3414 καθῆσθαι
530 3345 678 3415 (ll);
730 3345 868 3400 υὺτε
927 3346 1036 3418 γὰρ
1091 3345 1310 3416 ἀριθμῷ
1362 3346 1634 3406 ἐλάττους.
1677 3343 1801 3396 οὔτε

223 3438 501 3509 ἀξιώματι
541 3440 835 3510 ὑφειμένοι,
874 3438 1185 3510 πολυφωνίᾳ
1240 3439 1294 3491 δὲ
1336 3439 1429 3490 καὶ
1464 3437 1615 3509 παρὰ
1668 3436 1799 3496 πολὺ

217 3532 572 3603 διαφέροντες
606 3532 740 3602 πρὸς
779 3532 868 3583 τὸν
912 3531 1148 3584 ἐναντίον
1193 3532 1371 3594 αὑτοῖς
1400 3531 1802 3584 ἀντικαθίσταν-

221 3640 312 3675 ται
341 3623 518 3689 λόγον,
551 3624 600 3673 οί
635 3621 692 3673 τὸ
724 3623 829 3674 πᾶν
861 3621 1227 3693 ἐκπυροῦσθαι
1250 3621 1518 3689 λέγοντες,
1550 3622 1644 3675 καὶ
1670 3622 1802 3674 άνα-

219 3712 552 3764 ὖιώσγεσθαι
582 3711 743 3764 πάλιν
795 3715 858 3764 έκ
888 3711 996 3776 τῶν
1049 3713 1433 3783 σπερματικῶν
1468 3713 1638 3780 λόγων
1695 3712 1803 3765 τῶν

221 3803 669 3874 ὲναπομενόντων
690 3806 798 3865 τοῖς
823 3803 1217 3873 ἐκπυρωθεῖσιν
1237 3821 1248 3832 ·
1283 3803 1403 3856 ὅθεν
1433 3804 1524 3855 καὶ
1547 3801 1803 3870 ἀπείρους

222 3898 433 3968 φθορὰς
462 3896 668 3966 κόσμου
697 3897 790 3948 καὶ
832 3894 1251 3962 παλιγγενεσίας
1286 3897 1615 3962 εἰσάγουσιν.
1667 3893 1804 3945 Ἀλλ’

221 3991 425 4040 ἐκεῖνοι
450 3989 570 4055 μὲν,
602 3989 684 4057 ἐφ’
707 3987 938 4055 ἑκάτερα
957 3985 1056 4054 τῆς
1089 3985 1344 4054 ἀληθείας
1364 3987 1801 4056 ἁποσχιζόμενοι,

222 4080 380 4132 ἔνθεν
415 4081 508 4131 καὶ
547 4078 698 4131 ἔνθεν
731 4079 826 4141 τάς
871 4079 964 4132 ἐπὶ
989 4078 1085 4150 τὴν
1127 4078 1336 4149 πλάνήν
1371 4080 1581 4142 ἑαυτοῖς
1613 4082 1802 4150 ἐκτρο-

223 4172 334 4235 πάς
366 4170 793 4243 ἐξευρίσκουσιν.

293 4265 328 4319 9
393 4264 553 4333 Ἡμῖν
598 4261 708 4334 (49.)
740 4262 798 4316 δὲ
840 4263 931 4317 καὶ
966 4264 1100 4335 πρὸς
1127 4265 1252 4326 τοὺς
1297 4265 1404 4317 ἀπὸ
1443 4265 1540 4334 τῆς
1583 4264 1804 4334 Ἐκκλη-

225 4360 348 4421 σίας
377 4358 493 4410 ἐστί
531 4375 613 4421 τις
647 4356 799 4425 λόγος
836 4358 963 4428 περὶ
994 4357 1102 4409 τῶν
1144 4356 1529 4427 διακριθέντων
1577 4358 1803 4419 ὑδάτων,

223 4451 272 4504 οἶ
317 4449 591 4520 προφάσει
636 4448 948 4519 ἀναγωγῆς,
996 4449 1090 4502 καὶ
1127 4449 1411 4518 νοημάτων
1438 4447 1802 4519 ὑψηλοτέρων,

224 4543 305 4600 είς
350 4536 682 4606 ἀλληγορίας
717 4539 1041 4609 κατέφυγον,
1084 4537 1336 4607 δυνάμεις
1363 4537 1610 4606 λέγοντες
1646 4555 1808 4592 πνευ-

228 4631 471 4702 ματικὰς
494 4628 588 4682 καὶ
626 4629 945 4699 ἀσωμάτους
969 4630 1243 4703 τροπικῶς
1265 4633 1329 4682 ὲκ
1351 4631 1458 4683 τῶν
1481 4630 1686 4684 ὑδάτων
1712 4649 1779 4701 στι
1794 4663 1808 4672 -

230 4722 543 4793 μαίνεσθαι·
571 4721 662 4775 καὶ
679 4719 789 4773 ἄνω
808 4723 905 4791 μὲν
935 4725 1024 4775 ἐπὶ
1052 4721 1144 4775 τοῦ
1173 4721 1542 4793 στερεώματος
1572 4740 1809 4794 μεμενη-

227 4813 382 4866 κέναι
419 4811 522 4875 τὰς
568 4813 898 4884 κρείττονας,
944 4813 1091 4866 κάτω
1132 4815 1187 4868 δὲ
1246 4819 1354 4878 τοῖς
1396 4816 1683 4887 περιγείοις
1718 4820 1808 4871 καὶ

231 4904 437 4964 ὑλικοῖς
464 4901 649 4966 τόποις
685 4906 1114 4973 προσαπομεῖναι
1140 4904 1250 4974 (-45)
1285 4906 1381 4967 τὰς
1411 4907 1670 4975 πονηράς.
1709 4908 1806 4959 Διά

227 4996 387 5049 τοῦτο
414 4993 500 5063 δὴ,
531 4995 682 5061 φασὶ,
742 4996 834 5047 καὶ
871 4995 936 5047 τὰ
975 4995 1158 5047 ἐπάνω
1199 4995 1306 5048 τῶν
1357 4996 1602 5068 οὐρανῶν
1634 4998 1803 5052 ὕδατα

227 5086 399 5138 αἰνεῖν
453 5084 543 5135 τὸν
599 5083 763 5136 Θεόν’
816 5085 1078 5145 τουτέστι,
1134 5085 1230 5146 τὰς
1290 5087 1496 5155 ἀγαθὰς
1549 5088 1806 5159 δυνάμεις

240 5178 395 5242 ἀξίας
423 5176 588 5240 οὑσας
617 5176 703 5228 διὰ
730 5177 1073 5250 καθαρότητα
1100 5178 1192 5232 τοῦ
1216 5180 1537 5250 ἡγεμονικοῦ
1570 5180 1657 5234 τὸν
1684 5185 1810 5256 πρέ-

306 5317 350 5348 ³¹
376 5317 531 5369 Deut.
559 5330 722 5379 xxvn,
758 5317 846 5371 ‘25.

305 5449 416 5519 (39)
449 5450 524 5500 ita
553 5451 679 5503 editi
713 5466 830 5504 eum
862 5453 991 5517 Reg.
1027 5455 1183 5507 tertio
1209 5465 1260 5506 ct
1300 5471 1420 5506 cum
1451 5453 1613 5510 Cnisl.
1667 5468 1811 5509 vetu-

232 5522 418 5575 SIiore.
453 5519 584 5586 lleg.
619 5534 800 5574 sextus
824 5523 1142 5595 τῴβίσραὴλ
1177 5527 1204 5576 ὁ
1245 5525 1444 5595 Ἱερεμ.
1472 5527 1644 5580 ἔσται.
1705 5530 1808 5581 Alii

233 5602 638 5666 quatuottuss.
673 5595 890 5666 italu-utr
913 5594 1152 5664 Ἱερεμίᾳ
1189 5612 1283 5663 pro
1324 5594 1565 5666 Ἰσραήλ.

304 5663 419 5740 μυ)
451 5659 591 5713 Edili
647 5674 701 5715 et
754 5664 912 5740 Ciiisl,
971 5659 1233 5740 h:t?l.-lls‘lltll‘
1269 5667 1326 5716 ἐν
1376 5659 1510 5740 ταῖς
1541 5667 1804 5740 σώφροσι.

235 5730 336 5782 Alii
376 5741 592 5814 septeni
640 5747 768 5787 mss.
810 5736 865 5787 ὲν
909 5738 1022 5798 τοῖς
1072 5734 1330 5806 σώφροσι.
1387 5739 1502 5794 Mos
1539 5730 1805 5794 dnoumss.

235 5816 470 5872 τοσουτῳ
499 5818 592 5853 και

1905 1967 2044 2020 latus
2068 1975 2170 2026 est,
2208 1975 2319 2017 tum
2352 1965 2519 2018 fracta
2545 1965 2685 2018 nube
2719 1965 2809 2017 nix
2831 1963 3114 2016 delabitur.
3145 1962 3209 2017 Et
3239 1964 3290 2017 in
3323 1979 3475 2017 sum-

1904 2073 2012 2121 ma,
2041 2057 2110 2111 ob
2135 2059 2377 2113 eamdem
2409 2058 2673 2110 ultionem
2706 2056 2829 2109 licet
2858 2055 2952 2108 tibi
2991 2069 3201 2108 omnem
3235 2054 3472 2108 humoris

1905 2160 2150 2204 naturam
2177 2150 2381 2204 circum
2411 2164 2590 2203 aerem
2638 2148 2798 2216 capiti
2847 2158 3035 2203 nostro
3080 2157 3473 2217 superstantem

1902 2259 2144 2299 cernere.
2177 2242 2345 2296 Nemo
2374 2249 2550 2295 autem
2587 2240 2943 2309 Spiritualium
2982 2256 3293 2295 sermonum
3341 2241 3472 2296 sim-

1903 2338 2192 2405 plicitatcm
2225 2352 2288 2390 ac
2324 2337 2576 2390 incultum
2599 2351 2718 2390 cum
2747 2336 3057 2391 curiositate
3090 2351 3275 2390 eorum
3299 2337 3388 2405 qui
3413 2337 3477 2392 de

1902 2430 2038 2484 cmlo
2070 2429 2426 2499 philosophati
2457 2440 2602 2495 sunt,
2639 2439 2937 2498 comparet.
2970 2428 3178 2495 Quanto
3209 2427 3350 2483 enim
3382 2444 3476 2483 ca-

1903 2534 2108 2578 starum
2137 2522 2801 2591 pulchritudomeretricia
2830 2524 3185 2593 praestabilior
3206 2533 3310 2589 est,
3328 2532 3476 2578 tanto

1904 2633 2183 2673 sermones
2213 2618 2378 2672 nostri
2413 2617 2650 2670 externis
2683 2626 2956 2684 praestant.
2990 2615 3052 2669 lli
3096 2632 3325 2686 namque
3349 2631 3474 2686 pro-

1907 2711 2237 2764 babilitatem
2265 2714 2315 2763 vi
2347 2717 2615 2762 extortam
2660 2710 2772 2763 suis
2819 2709 3099 2763 sententiis
3141 2707 3471 2761 conciliant:

1906 2802 1993 2856 hic
2018 2817 2143 2856 vero
2173 2803 2311 2854 nuda
2347 2801 2449 2870 31
2483 2811 2536 2854 et
2579 2802 2647 2856 ab
2695 2801 2941 2856 artiﬁciis
2968 2816 3130 2853 vacua
3160 2799 3477 2869 proponitur

1906 2891 2126 2945 veritas.
2171 2889 2276 2943 Sed
2315 2893 2438 2960 quid
2483 2905 2618 2957 opus
2649 2901 2733 2945 est
2768 2904 2864 2943 nos
2906 2890 2957 2942 in
3008 2889 3302 2943 mendaciis
3335 2889 3477 2958 ipso-

1906 3000 2021 3037 rum
2059 2984 2404 3038 ronlutandis
2452 2979 2686 3053 fatigari,
2721 2983 2914 3050 quibus
2961 2983 3094 3035 satis
3129 2982 3306 3045 fuerit,
3335 2981 3381 3035 si
3412 2981 3476 3034 li-

1905 3058 2014 3128 bris
2051 3075 2286 3141 ipsorum
2317 3075 2458 3127 inter
2486 3088 2543 3128 se
2577 3073 2807 3136 collatis,
2839 3070 2960 3127 belli
2989 3072 3224 3142 ipsorum
3261 3081 3474 3140 specta-

1907 3174 2048 3220 tores
2073 3167 2124 3218 in
2161 3180 2370 3218 summu
2399 3164 2507 3218 otio
2549 3162 3016 3218 sedeamus?Nam
3057 3179 3227 3232 neque
3255 3176 3477 3216 numero

1908 3257 2184 3328 pauciores
2216 3273 2391 3327 neque
2424 3256 2682 3326 dignitate
2713 3256 3014 3317 inferiores,
3035 3258 3128 3309 sed
3155 3255 3478 3322 loquacitate

1905 3353 2065 3405 ctiam
2104 3351 2257 3421 longe
2307 3359 2623 3421 praastautes
2656 3348 2942 3403 contrariae
2974 3350 3075 3403 sibi
3121 3347 3362 3416 opinioni
3394 3363 3478 3402 re-

1905 3442 2202 3511 fragantur,
2247 3443 2282 3495 ii
2316 3443 2405 3511 qui
2442 3442 2748 3495 universum
2793 3441 2943 3493 aiunt
2977 3440 3242 3503 comburi,
3275 3453 3336 3494 ac
3379 3441 3477 3493 lte-

1906 3551 2021 3589 rum
2063 3549 2128 3589 ex
2171 3534 2521 3586 seminalilius
2563 3531 2880 3599 quibusdam
2923 3530 3221 3586 rationibus
3264 3548 3383 3600 quae
3423 3531 3475 3584 in

1908 3624 2067 3678 rebus
2117 3623 2323 3678 exustis
2362 3632 2664 3684 remanent,
2715 3622 3057 3675 reviviscere.
3112 3619 3266 3676 Unde
3313 3621 3476 3676 etiam

1908 3717 2142 3770 inﬁnitas
2182 3715 2360 3768 mundi
2406 3715 2786 3783 (-orruptiones
2827 3725 2882 3769 et
2923 3715 3356 3784 regenerationes
3398 3713 3479 3766 in-

1905 3810 2122 3862 ducunt.
2167 3806 2358 3861 Verum
2404 3807 2474 3859 illi
2515 3808 2730 3874 quidem
2778 3807 3027 3873 utrinque
3059 3823 3087 3858 a
3116 3809 3340 3860 veritate
3369 3807 3476 3858 dis—

1906 3901 2016 3962 siti,
2048 3902 2171 3952 hinc
2194 3909 2247 3952 et
2287 3900 2408 3952 inde
2453 3900 2518 3951 ad
2551 3915 2792 3954 errorem
2835 3900 2934 3954 sibi
2987 3899 3122 3969 ipsis
3158 3896 3476 3953 diverticula

1908 3993 2192 4046 inveniunt.

1977 4267 2029 4321 9.
2057 4267 2360 4332 Quinetiam
2398 4267 2594 4335 aliquis
2630 4267 2782 4322 nobis
2805 4269 3064 4322 adversus
3085 4266 3478 4322 ecclesiasticos

1907 4362 2167 4428 quosdam
2198 4360 2493 4426 scriptores
2532 4361 2599 4413 de
2621 4361 2872 4414 discretis
2910 4361 3064 4427 aquis
3094 4360 3373 4415 habendus
3397 4369 3481 4414 est

1909 4468 2086 4504 sermo
2123 4467 2134 4501 :
2175 4451 2266 4518 qui
2326 4465 2596 4521 anagoges
2630 4460 2684 4505 et
2725 4452 3057 4507 sublimioris
3115 4453 3480 4522 intelligentia:

1841 4567 1882 4618 ι)
1914 4543 2129 4595 nomine
2157 4541 2511 4613 confugerunt
2541 4544 2606 4598 ad
2633 4545 2938 4615 allegorias,
2961 4547 3095 4600 adeo
3127 4557 3184 4598 ut
3211 4546 3482 4614 spiritales

1913 4646 1966 4688 et
2013 4635 2357 4704 incorporeas
2393 4640 2620 4693 virtutes
2673 4650 2917 4692 asscrant
2966 4652 3061 4707 per
3089 4654 3256 4708 aquas
3279 4640 3481 4707 tropice

1911 4725 2201 4793 signiﬁcari
2233 4743 2248 4781 :
2278 4736 2331 4781 et
2377 4742 2591 4782 sursum
2627 4727 2844 4795 quidem
2876 4743 3035 4798 supra
3085 4728 3480 4782 ﬁrmamentum

1912 4819 2176 4873 mansisse
2207 4819 2644 4889 prtestabiliores,
2676 4822 2927 4875 deorsum
2951 4835 3079 4874 vero
3124 4823 3176 4874 in
3220 4820 3478 4876 terrestri-

1911 4914 2010 4966 bus
2037 4911 2342 4978 crassisque
2372 4909 2505 4966 locis
2539 4912 2801 4981 malignas
2833 4913 3156 4967 subsedisse.
3191 4910 3483 4981 Propterea

1913 5004 2286 5058 dicunteteas
2314 5019 2479 5074 aquas
2509 5021 2628 5074 qua:
2680 5021 2840 5074 supra
2890 5005 3054 5059 cmlos
3104 5005 3291 5059 locata:
3334 5015 3480 5071 sunt,

1914 5098 2081 5152 Deum
2109 5097 2346 5164 laudare,
2382 5101 2482 5153 hoc
2519 5110 2622 5163 est,
2652 5101 2817 5152 bonas
2844 5109 3158 5166 potestates,
3185 5099 3254 5153 ob
3289 5099 3480 5153 mentis

1916 5191 2230 5246 munditiam
2263 5193 2471 5261 dignas,
2503 5210 2620 5259 (ιυιε
2640 5193 3048 5251 convenientem
3073 5189 3348 5245 Conditori
3371 5190 3479 5244 lau-

1989 5463 2098 5530 (Η)
2130 5461 2260 5531 Reg.
2304 5474 2488 5515 sextus
2516 5461 2754 5531 πολέμου
2781 5459 3162 5513 καθίστασθαι.

1988 5535 2100 5601 (ιε)
2149 5530 2224 5585 lu
2259 5537 2509 5587 confesso
2547 5543 2629 5586 est
2659 5530 2816 5598 apud
2851 5547 3037 5585 omnes
3075 5543 3184 5601 tum
3233 5530 3480 5601 antiquos

1918 5614 2027 5656 tum
2063 5605 2395 5707 ri;«_2_cntiores
2429 5603 2515 5657 hic
2545 5604 2763 5672 coargui
2809 5602 3121 5671 Origenein.
3156 5600 3295 5672 Lege
3319 5600 3480 5655 Przel.

1917 5691 2064 5726 Illllll.
2093 5685 2178 5724 "lii.

1987 5745 2096 5813 (Il-3)
2137 5743 2268 5813 Reg.
2301 5754 2486 5798 sextus
2514 5745 2968 5813 προσαναμεῖναι.
