4060 6316
644 375 715 431 ’15
1975 375 2030 428 S.
2075 372 2317 430 BASlLll
2360 376 2574 433 MAGNI
3819 386 3879 439 '76

639 494 762 546 dem
791 492 1067 547 exsolvant
1095 509 1109 544 :
1152 506 1320 559 aquas
1348 505 1473 544 vero
1509 492 1649 544 infra
1683 491 1849 546 cmlos
1875 496 2205 550 constitutas.

2325 514 2496 549 ποντα
2523 493 2667 549 αἶνον
2695 497 2805 566 (44)
2829 498 3134 551 ἀποδιδόναι
3162 500 3238 568 τῷ
3265 499 3506 552 κτίσαντι
3531 517 3546 530 ·
3582 501 3649 554 τὰ
3673 501 3729 554 δὲ
3761 503 3880 556 ὐπο-

642 585 907 654 spiritales
952 582 1310 653 tnaliguitates
1358 599 1492 647 esse,
1522 601 1550 636 a
1604 585 1833 639 naturali
1884 587 2213 642 sublimitate

641 678 706 728 ad
743 676 905 728 imam
952 676 1243 743 nequitiam
1284 674 1528 744 delapsas
1563 695 1574 728 :
1609 692 1763 745 quas,
1797 686 1976 746 utpote
2026 680 2212 733 turbu-

640 763 810 817 lentas
877 763 1264 831 seditiosasque
1310 774 1362 817 et
1413 764 1699 818 all’ectuum
1757 768 2069 822 tumultibus
2115 784 2210 823 ex-

637 864 947 917 aestuantes,
983 860 1175 908 docent
1207 857 1370 910 maris
1415 858 1630 911 nomine
1673 857 1838 911 fuisse
1871 869 2104 926 vocatas,
2139 863 2208 916 ob

637 957 877 1000 motuum
912 961 941 999 a
971 947 1257 1002 'voluntate
1305 949 1760 1016 proficiscentium
1807 950 2206 1005 instabilitatem

637 1045 798 1103 atque
852 1037 1294 1090 inconstantiam.
1339 1037 1464 1091 Tale
1527 1053 1687 1108 porro
1728 1052 2004 1091 sermones
2049 1039 2206 1092 veluti

638 1127 967 1181 somniorum
1008 1128 1478 1196 interpretationes
1509 1138 1564 1181 et
1609 1128 1779 1182 aniles
1822 1127 2034 1180 fabulas
2081 1129 2207 1197 reji-

638 1219 861 1280 eientes.
896 1233 1093 1287 aquam
1125 1234 1316 1287 aquam
1363 1221 1743 1291 intelligamus,
1775 1230 1827 1274 et
1853 1220 2206 1274 secretionem

638 1325 665 1361 a
699 1310 1037 1364 ﬁrmamento
1085 1309 1280 1364 factam
1327 1310 1489 1378 juxta
1523 1312 1736 1364 allatam
1773 1312 2032 1366 rationem
2061 1313 2205 1366 acci-

637 1403 872 1471 piamus”
895 1402 1088 1458 Verum
1133 1407 1342 1459 etiamsi
1388 1420 1538 1472 aqua:
1574 1404 1676 1457 illa:
1705 1419 1861 1472 supra
1884 1406 2046 1459 caelos
2078 1421 2208 1459 con-

635 1495 834 1547 stitulze
895 1492 1277 1565 nonnunquam
1329 1498 1395 1549 ad
1452 1496 1817 1550 universorum
1865 1511 2204 1550 communem

634 1586 916 1642 Dominum
951 1589 1274 1643 laudandum
1310 1589 1702 1655 adhibeantur;
1732 1604 1834 1641 non
1887 1588 2087 1641 idcirco
2111 1603 2203 1643 eas

633 1689 880 1733 naturam
911 1679 1228 1733 rationalem
1257 1693 1375 1733 esse
1412 1679 1882 1748 putamus.Neque
1914 1679 2055 1731 enim
2088 1680 2204 1732 ani-

632 1772 762 1824 mati
821 1782 945 1825 sunt
983 1771 1127 1835 cceli,
1163 1787 1228 1825 eo
1272 1773 1412 1840 quod
1460 1771 1554 1824 Dei
1589 1781 1836 1823 enarrant
1879 1769 2196 1838 gloriam":

2316 589 2466 641 κάτω
2503 587 2609 640 τῶν
2642 590 2883 660 οὐρανῶν
2923 590 3087 643 ὕδατα
3129 591 3197 644 τὰ
3241 593 3582 662 πνευματικά
3620 589 3758 646 εἶναι
3787 596 3880 662 τῆς

2313 680 2598 749 πονηρίας,
2642 682 2748 734 ἀπὸ
2774 681 2865 734 τοῦ
2900 683 3038 735 κατά
3071 683 3228 750 φύσιν
3269 682 3430 751 ὕψους
3462 687 3540 746 εἰς
3569 684 3629 736 τὸ
3656 685 3755 753 τῆς
3784 703 3879 738 κα-

2311 769 2433 832 κίας
2482 768 2638 837 βάθος
2683 772 3092 824 καταπεσόντα·
3129 772 3290 842 ἅπερ,
3333 772 3408 834 ὡς
3433 773 3719 844 ταραχώδη
3759 775 3880 827 ὄντα

2314 861 2409 912 καὶ
2439 862 2815 927 στασιαστικά,
2845 865 2938 915 καὶ
2960 866 3070 926 τοῖς
3089 863 3335 933 θορύϐοις
3351 863 3457 916 τῶν
3485 865 3672 917 παθῶν
3695 883 3880 935 κυμαι-

2309 951 2526 1020 νόμενα,
2567 951 2838 1006 Θάλασσαν
2877 953 3191 1024 ὠνομάσθαι
3247 953 3334 1006 διὰ
3379 952 3440 1006 τὸ
3481 956 3878 1024 εὐμετάϐλητον

2309 1043 2402 1095 καὶ
2431 1042 2663 1095 ἄστατον
2703 1044 2810 1096 τῶν
2851 1046 2990 1099 κατά
3032 1046 3347 1117 προαίρεσιν
3375 1048 3714 1115 κινημάτων.
3743 1050 3876 1113 Τοὺς

2307 1133 2368 1202 δὴ
2417 1132 2687 1196 τοιούτους
2729 1134 2919 1202 λόγους
2970 1136 3045 1198 ὡς
3090 1136 3380 1208 ὀνειράτων
3434 1139 3753 1206 συγκρίσεις
3792 1143 3878 1191 καὶ

2308 1222 2569 1295 γραώδεις
2599 1225 2799 1294 μύθους
2829 1226 3304 1296 ἀποπεμψάμενοι,
3335 1227 3392 1279 τὸ
3415 1227 3557 1297 ὕδωρ
3587 1227 3730 1300 ὕδωρ
3759 1231 3876 1298 νοή-

2311 1331 2509 1384 σωμεν,
2549 1317 2640 1368 καὶ
2674 1316 2770 1386 τὴν
2800 1318 3068 1387 διάκρισιν
3098 1317 3196 1388 τὴν
3231 1320 3333 1371 ὐπὸ
3373 1319 3467 1372 τοῦ
3504 1319 3876 1391 στερεὼματος

2306 1407 2597 1476 γενομένην
2613 1409 2752 1460 κατὰ
2773 1408 2870 1478 τὴν
2887 1409 3242 1462 ἀποδοθεῖσαν
3260 1411 3434 1463 αἰτίαν
3449 1409 3730 1479 δεξώμεθα
3748 1413 3872 1481 (45).

2306 1497 2414 1547 Καὶ
2469 1497 2668 1565 μέντοι,
2742 1499 2842 1552 κᾶν
2899 1501 2978 1563 είς
3027 1501 3334 1568 δοξολογίαν
3386 1504 3515 1556 ποτὲ
3553 1504 3648 1556 τοῦ
3703 1503 3875 1556 κοινοῦ

2304 1587 2411 1639 τῶν
2438 1588 2573 1640 ὅλων
2601 1591 2867 1643 Δεσπότου
2897 1593 2964 1646 τά
2990 1595 3243 1664 ὑπεράνω
3285 1595 3390 1648 τῶν
3424 1597 3667 1667 οὐρανῶν
3699 1613 3875 1668 παρα-

2303 1677 2643 1748 λαμϐάνηται
2691 1679 2878 1741 ὕδατα,
2924 1683 2983 1732 οὐ
3039 1683 3262 1754 λογικὴν
3317 1685 3454 1737 αὐτά
3510 1684 3674 1752 φύσιν
3732 1685 3877 1756 παρὰ

2303 1769 2456 1821 τοῦτο
2480 1770 2756 1839 τιθέμεθα.
2787 1770 2921 1823 Οὕτε
2949 1773 3056 1843 γάρ
3090 1776 3139 1825 οἱ
3172 1776 3390 1843 οὐρανοὶ
3440 1776 3696 1847 ἔμψυχοι,
3734 1781 3875 1830 ἐπει-

634 1878 806 1929 neque
846 1864 1245 1919 ﬁrmamentum
1284 1865 1484 1917 animal
1511 1873 1593 1917 est
1627 1879 1785 1917 sensu
1814 1864 2112 1930 praeditum,
2137 1879 2202 1916 eo

2310 1857 2362 1928 δὴ
2413 1859 2757 1928 ,διηγοῦνται
2805 1860 2996 1924 δόξαν
3057 1863 3234 1916 Θεοῦ·
3297 1865 3418 1917 οὕτε
3473 1845 3532 1918 τὸ
3589 1845 3873 1939 στερέωμα

631 1956 772 2021 quod
805 1954 948 2023 Opus
978 1975 1226 2010 manuum
1270 1959 1435 2024 ipsius
1479 1957 1755 2009 annuntiat
1774 1955 1839 2008 ⁸⁸.
1874 1956 1937 2009 Et
1980 1956 2023 2008 si
2065 1955 2205 2008 dicat

631 2050 754 2120 quis
779 2051 948 2105 caelos
971 2051 1187 2118 quidem
1221 2063 1338 2104 esse
1364 2049 1804 2118 contemplativas
1832 2049 2074 2110 virtutes,
2110 2048 2202 2101 lir-

632 2153 962 2195 ntamcntum
989 2157 1116 2194 vero
1160 2150 1452 2210 potestates
1489 2152 1756 2205 actuosas,
1791 2150 1844 2195 et
1871 2156 2057 2195 eorum
2085 2155 2204 2210 quae

633 2236 823 2288 decent
858 2234 1203 2288 eﬂ'ecuices:
1250 2235 1393 2288 hunc
1455 2249 1758 2288 sermonem
1816 2234 2029 2300 quidem
2087 2245 2204 2287 Ian-

633 2340 787 2394 quam
814 2325 1351 2379 solerter-conlictum
1384 2324 1730 2390 suscipimus,
1751 2323 1843 2375 sed
1870 2338 2055 2374 verum
2085 2337 2203 2376 esse

633 2430 734 2468 non
763 2417 981 2469 omnino
1013 2416 1383 2472 cencedemus.
1411 2415 1500 2468 Sic
1524 2414 1666 2466 enim
1695 2421 1750 2466 et
1774 2427 1884 2476 ros,
1908 2421 1959 2467 et
1990 2413 2200 2480 pruina,

633 2518 685 2562 et
717 2508 907 2577 frigus,
934 2517 986 2561 et
1018 2519 1207 2568 aestus,
1238 2518 1518 2576 pr0pterea
1563 2505 1705 2576 quod
1737 2505 1874 2575 apud
1929 2505 2202 2558 Danielem

635 2602 853 2654 laudare
892 2601 1272 2654 universorum
1318 2598 1576 2668 Opiﬁcem
1611 2599 1764 2668 jussa
1816 2598 2014 2662 sint",
2044 2606 2204 2653 erunt

634 2692 924 2760 spiritualis
953 2693 1192 2762 qumdam
1251 2703 1306 2746 et
1356 2693 1640 2747 invisibilis
1685 2703 1896 2747 natura.
1944 2691 2047 2747 Sed
2089 2693 2204 2746 haec

634 2782 882 2850 loquendi
931 2785 1088 2847 ratio,
1122 2784 1167 2836 si
1202 2783 1254 2836 in
1308 2783 1412 2836 illis
1462 2781 1595 2835 locis
1636 2796 1664 2833 a
1698 2781 1979 2849 sagacibus
2047 2779 2202 2832 modo

634 2875 865 2943 spiritali
898 2875 1217 2943 accipiatur,
1247 2873 1524 2927 Creatoris
1550 2873 1913 2926 laudationem
1953 2870 2200 2939 complet.

635 2967 842 3021 Etenim
874 2982 980 3020 non
1002 2965 1174 3022 solum
1203 2981 1339 3036 aqua
1372 2980 1529 3035 supra
1547 2965 1714 3020 caelos
1741 2966 1966 3034 reposita
1992 2963 2061 3029 ",
2085 2975 2196 3016 tan-

635 3075 791 3128 quam
822 3075 939 3128 quae
984 3060 1262 3129 praecipuis
1313 3060 1612 3115 honoribus
1643 3056 2117 3128 ob‘praestantiam
2149 3055 2201 3108 in

2304 1949 2439 2012 ζῶόν
2466 1955 2610 2003 ἐστιν
2643 1951 2978 2023 αἱσθητικον,
3010 1954 3193 2024 ἐπειδὴ
3233 1956 3598 2024 Ἀναγγέλλει
3632 1961 3874 2025 ποίησιν

2302 2040 2421 2092 τῶν
2456 2041 2666 2110 χειρῶν
2700 2043 2906 2098 αὐτοῦ.
2942 2044 3061 2097 Κᾶν
3084 2044 3215 2117 λέγῃ
3246 2062 3329 2107 τις
3363 2045 3623 2116 οὐρανοὺς
3667 2048 3768 2118 μὲν
3800 2045 3871 2100 εἷ-

2301 2150 2387 2185 ναι
2409 2133 2505 2196 τὰς
2531 2134 2864 2205 θεωρητικὰς
2905 2136 3180 2207 δυνάμεις,
3214 2136 3498 2209 στερέωμα
3527 2137 3583 2190 δὲ
3607 2137 3712 2200 τὰς
3742 2155 3874 2209 πρα-

2301 2227 2490 2289 κτικάς
2528 2227 2621 2279 καὶ
2664 2227 2948 2296 ποιητικὰς
2989 2229 3096 2281 τῶν
3141 2229 3510 2300 καθηκόντων,
3552 2230 3628 2294 ὡς
3678 2248 3874 2300 κεκομ-

2299 2317 2567 2389 ψευμένον
2601 2318 2700 2390 μὲν
2732 2321 2823 2371 τὸν
2848 2318 3003 2388 λόγον
3033 2321 3422 2392 ἀποδεχόμεθα,
3457 2322 3632 2393 ἀληθῆ
3657 2324 3716 2376 δὲ
3742 2319 3872 2377 εἶναι

2301 2412 2360 2461 οὐ
2416 2411 2556 2465 πάνυ
2604 2429 2656 2464 τι
2683 2412 2944 2482 δώσομεν.
2989 2412 3144 2465 Οὕτω
3172 2413 3278 2485 γὰρ
3317 2414 3383 2466 ἂν
3414 2416 3506 2467 καὶ
3533 2415 3747 2484 δρόσος,
3788 2417 3872 2468 καὶ

2305 2501 2502 2570 πάχνη,
2540 2505 2629 2556 καὶ
2662 2504 2853 2574 ψῦχος.
2891 2506 2983 2557 καὶ
3023 2505 3229 2575 καῦμα,
3268 2505 3452 2576 ἐπειδὴ
3487 2507 3681 2576 ὑμνεῖν
3727 2507 3871 2576 παρὰ

2302 2593 2378 2662 τῷ
2404 2595 2598 2664 Δανιὴλ
2624 2597 2732 2665 (46)
2765 2598 2854 2648 τὸν
2886 2598 2996 2650 τῶν
3033 2597 3169 2651 ὅλων
3197 2599 3536 2670 Δημιουργὸν
3577 2599 3868 2670 ἐπετάχθη,

2302 2685 2462 2753 νοερά
2500 2701 2582 2747 τις
2619 2685 2770 2737 ἔσται
2809 2689 2899 2738 καὶ
2942 2688 3170 2758 ἀόρατος
3209 2689 3388 2755 φύσις.
3438 2689 3577 2742 Ἀλλ’
3611 2693 3640 2742 ὁ
3671 2692 3730 2743 ὲν
3759 2690 3872 2742 τού-

2300 2791 2414 2835 τοις
2446 2773 2622 2842 λόγος,
2654 2774 2804 2845 παρά
2849 2774 2956 2826 τῶν
2995 2775 3118 2827 νοῦν
3170 2777 3399 2845 ἐχόντων
3449 2777 3872 2850 τεθεωρημένως

2301 2867 2790 2938 ὲκλαμόανὸμενος,
2822 2867 3273 2938 συμπληρωτικός
3314 2869 3426 2920 ἐστι
3457 2869 3567 2938 (47)
3601 2871 3701 2939 τῆς
3731 2870 3872 2935 δοξο-

2301 2957 2488 3024 λογίας
2515 2957 2610 3009 τοῦ
2660 2959 2960 3021 κτίσαντος.
3011 2957 3086 3010 Οὐ
3133 2955 3293 3026 μόνον
3321 2955 3429 3025 γὰρ
3459 2955 3521 3009 τὸ
3563 2958 3751 3010 ἐπάνω
3773 2959 3872 3010 τῶν

2301 3050 2543 3121 οὐρανῶν
2566 3050 2730 3125 ὕδωρ,
2768 3051 2843 3114 ὡς
2878 3052 3287 3123 προηγούμενον
3312 3053 3429 3114 ταῖς
3453 3052 3642 3120 τιμαῖς
3674 3050 3762 3102 διὰ
3783 3050 3872 3119 τὴν

636 3168 690 3206 se
714 3168 784 3206 ex
809 3155 1006 3207 virtute
1054 3153 1374 3207 insidentem
1407 3153 1813 3218 condecoretur,
1845 3152 1952 3206 Deo
1991 3147 2200 3204 laudem

2310 3140 2361 3208 ἐξ
2389 3143 2586 3214 ἀρετῆς
2611 3143 2916 3216 προσοῦσαν
2939 3145 3093 3215 αὐτῷ
3129 3145 3399 3216 ὑπεροχὴν
3429 3143 3507 3215 τῷ
3535 3142 3656 3213 Θεῷ
3684 3143 3774 3195 τὸν
3797 3139 3875 3194 αἷ-

637 3244 889 3310 persolvit
924 3261 938 3296 :
971 3245 1062 3298 sed
1106 3245 1289 3303 etiam.
1326 3243 1564 3296 Laudare
1607 3261 1744 3306 eum,
1781 3244 1971 3308 inquit,
1997 3250 2046 3293 et
2089 3255 2204 3308 qua:

637 3350 701 3387 ex
726 3339 866 3387 terra
895 3336 1040 3400 estis,
1066 3335 1318 3387 dracones
1351 3343 1398 3387 et
1435 3349 1609 3386 omnes
1643 3334 1816 3402 abyssi
1837 3334 1902 3384 ⁵⁷.
1945 3331 2120 3396 Quare
2151 3339 2205 3383 et

637 3425 861 3494 abyssus
883 3438 1041 3494 quam
1074 3425 1129 3477 in
1155 3424 1387 3494 peiorem
1405 3423 1512 3494 32
1535 3435 1738 3493 partem
1759 3423 1791 3476 ii
1817 3422 1905 3491 qui
1938 3422 2205 3492 allegoriis

637 3526 880 3578 utuntur,
917 3515 1236 3586 rejecerant,
1260 3531 1326 3568 ne
1353 3516 1466 3584 ipsa
1489 3516 1700 3585 quidem
1726 3515 2056 3569 Psalmorum
2084 3529 2205 3568 can-

639 3611 742 3663 tori
773 3610 886 3662 visa
911 3619 991 3661 est
1018 3608 1366 3676 aspernabilis
1389 3619 1443 3661 et
1472 3609 1794 3678 rejectanea,
1823 3623 1946 3661 cum
1975 3607 2028 3660 in
2057 3621 2205 3661 cont-

642 3716 854 3756 tnunem
901 3701 1069 3755 ascita
1109 3700 1177 3753 sit
1213 3701 1433 3754 chorum
1468 3708 1834 3752 creaturarum
1865 3715 1878 3749 :
1909 3701 2015 3753 imo
2043 3700 2203 3753 etiam

641 3793 733 3848 illa
765 3809 861 3862 pro
888 3793 1056 3848 indito
1101 3793 1202 3849 sibi
1240 3792 1398 3846 modo
1430 3790 1692 3847 concinne
1723 3791 2040 3861 hymnorum
2075 3807 2203 3845 cau-

640 3895 753 3938 tum
787 3886 1020 3954 impertit
1052 3885 1349 3941 Couditori.

713 3976 798 4029 10.
840 3977 903 4029 Et
934 3979 1061 4031 vidit
1085 3978 1246 4042 Deus,
1270 3978 1392 4047 quia
1419 3978 1697 4046 pulchrum
1715 3989 1789 4033 est
1807 3979 1872 4032 ⁸³.
1901 3976 2080 4033 Oculis
2116 3976 2206 4032 Dei

641 4068 1027 4136 iucunditatem
1071 4085 1154 4124 res
1199 4071 1263 4123 ab
1311 4072 1425 4139 ipso
1478 4069 1634 4126 factae
1689 4086 2024 4140 nequaquam
2076 4074 2205 4128 all‘c-

647 4171 807 4216 runt:
840 4177 1010 4230 neque
1055 4164 1174 4217 talis
1220 4175 1299 4218 est
1337 4166 1473 4233 apud
1523 4166 1696 4235 ipsum
1745 4180 1923 4218 rerum
1961 4168 2208 4232 pulrhra-

647 4267 767 4305 rum
807 4252 1214 4314 commendatio,
1251 4254 1422 4320 qualis
1482 4253 1622 4322 apud
1666 4265 1761 4306 nos
1798 4267 1810 4302 :
1857 4251 1947 4304 sed
2002 4252 2053 4304 id
2096 4255 2207 4318 pul-

645 4346 836 4399 chrum
871 4355 981 4407 est,
1013 4345 1152 4413 quod
1197 4345 1268 4398 ad
1317 4347 1446 4399 artis
1503 4346 1762 4399 rationem
1805 4342 2102 4412 perfectum
2157 4356 2208 4398 et

646 4439 947 4491 absolutum
1007 4446 1120 4501 est,
1181 4448 1342 4507 atque
1393 4437 1464 4489 ad
1508 4438 1629 4492 linis
1673 4438 1960 4491 utilitatem
2015 4438 2206 4490 tendit.

2307 3251 2394 3286 νον
2424 3235 2750 3306 ἀποπληροῖ,
2778 3236 2910 3300 ἀλλ’,
2948 3238 3170 3290 Αἰνεῖτε
3201 3237 3306 3309 γὰρ
3337 3239 3541 3300 αὑτὸν,
3579 3236 3738 3306 φησι.
3779 3235 3871 3288 καὶ

2307 3326 2381 3378 τὰ
2428 3325 2495 3378 ἐκ
2524 3325 2632 3394 τῆς
2668 3326 2796 3395 γῆς,
2848 3328 3170 3396 δράκοντες
3216 3329 3312 3382 καὶ
3353 3328 3540 3383 πᾶσαι
3595 3329 3870 3382 ἄϐυσσοι.

2312 3416 2470 3469 Ὥστε
2517 3418 2610 3469 κα)¹
2637 3419 2670 3486 ἡ
2725 3418 2974 3483 ἄϐυσσος,
3003 3422 3070 3489 ἢν
3120 3423 3199 3484 είς
3220 3422 3336 3492 τὴν
3360 3420 3576 3491 χείρονα
3603 3424 3799 3492 μοῖραν
3828 3421 3874 3473 οἱ

2310 3506 2731 3578 ἀλληγοροῦντες
2795 3510 3122 3581 ἀπέρριψαν,
3190 3512 3311 3566 οὐδὲ
3383 3511 3517 3582 αὐτὴ
3570 3512 3874 3579 ἀπόϐλητος

2310 3600 2498 3671 ἐκρίθη
2522 3598 2599 3670 τῷ
2635 3598 2905 3678 ψαλμῳδῷ
2932 3603 3065 3671 (48),
3083 3605 3162 3666 είς
3177 3605 3276 3673 τὴν
3305 3605 3488 3673 κοινὴν
3519 3606 3620 3676 τῆς
3647 3605 3874 3669 κτίσεως

2309 3691 2662 3764 χοροστασίαν
2718 3693 3160 3765 παραληφθεῖσα·
3221 3695 3356 3747 ἀλλά
3407 3697 3499 3749 καὶ
3554 3697 3695 3767 αὐτὴ
3741 3697 3878 3749 κατὰ

2310 3786 2433 3848 τοὺς
2471 3787 2871 3858 ἐνυπάρχοντας
2917 3786 3051 3856 αὐτῇ
3088 3785 3276 3853 λόγους
3314 3786 3588 3857 ἁρμονίως
3632 3787 3878 3857 συμπλη-

2314 3881 2396 3946 ροῖ
2426 3877 2520 3948 τὴν
2547 3879 2814 3947 ὑμνῳδίαν
2845 3878 2923 3949 τῷ
2957 3882 3173 3950 ποιητῇ.

2384 3968 2469 4022 10.
2497 3970 2604 4022 Καὶ
2636 3967 2794 4023 εἶδεν
2853 3974 2884 4023 ὁ
2915 3971 3079 4037 Θεὸς,
3109 3971 3199 4025 ὅτι
3245 3971 3454 4025 καλόν.
3505 3971 3640 4041 Οὐχὶ
3684 3970 3878 4040 ὀφθαλ-

2316 4062 2433 4130 μοῖς
2457 4061 2591 4113 Θεοῦ
2625 4062 2810 4132 τέρψιν
2852 4063 3080 4133 παρέχει
3116 4063 3182 4115 τά
3224 4065 3351 4134 παρ’
3401 4062 3565 4116 αὐτοῦ
3597 4064 3875 4134 γινόμενα,

2312 4153 2429 4206 οὐδὲ
2459 4154 2678 4220 τοιαύτη
2724 4156 2847 4221 παρ’
2882 4137 3089 4222 asapia
3133 4155 3365 4223 ἀποδοχὴ
3406 4154 3512 4205 τῶν
3555 4155 3762 4216 καλῶν,
3799 4156 3880 4206 οἷα

2314 4244 2409 4298 καὶ
2440 4243 2568 4312 παρ’
2598 4245 2729 4311 ἡμῖν
2750 4260 2762 4271 ·
2803 4243 2935 4295 ἀλλὰ
2984 4245 3246 4296 καλὸνλτὸ
3278 4245 3356 4312 τῷ
3393 4244 3535 4313 λόγῳ
3560 4245 3666 4314 τῆς
3691 4246 3882 4315 τέχνης

2315 4334 2652 4399 ἐκτελεσθὲν,
2709 4338 2802 4402 καὶ
2840 4337 2976 4408 πρὸς
3027 4336 3123 4409 τὴν
3178 4335 3271 4389 τοῦ
3319 4335 3506 4399 τέλους
3556 4337 3880 4408 εὐχρηστίαν

2317 4435 2602 4486 συντεῖνον.
2669 4434 2724 4486 Ὁ
2775 4433 2951 4486 τοίνυν
3002 4432 3203 4504 ἐναργῆ
3240 4431 3348 4503 (49)
3394 4431 3486 4483 τὸν
3529 4432 3734 4485 σκοπὴν
3782 4433 3878 4485 τῶν

647 4528 748 4591 Qui
802 4528 960 4597 igitur
999 4529 1338 4584 manifestum
1371 4543 1556 4583 eorum
1595 4544 1714 4597 qua;
1748 4530 1880 4584 ﬁunt
1917 4530 2075 4584 linem
2109 4530 2205 4583 sibi

2315 4525 2608 4594 γινομένων
2639 4526 2986 4597 προθέμενος,
3033 4525 3100 4578 τὰ
3132 4525 3269 4578 κατά
3317 4525 3478 4596 μέρος
3518 4526 3782 4595 γινόμενα
3811 4527 3878 4586 ὡς

646 4621 945 4687 proposuit,
999 4636 1084 4675 res
1132 4621 1369 4691 singulas
1427 4621 1512 4674 uti.
1562 4623 1720 4675 ﬁnem
1775 4623 2103 4689 complentes
2149 4623 2214 4673 ad

651 4714 790 4766 artis
827 4727 936 4766 suae
965 4715 1200 4768 rationes
1235 4729 1652 4784 recognoscens,
1683 4715 2073 4783 comprobavit.
2106 4713 2217 4782 ‘Et-

649 4805 794 4858 enim
830 4805 878 4858 si
927 4819 1117 4859 manus
1144 4821 1407 4874 seorsum,
1444 4816 1536 4862 aut
1579 4806 1768 4861 oculus
1794 4809 2064 4876 privatim,
2124 4815 2217 4861 aut

739 4982 785 5012 ⁵³
816 4982 955 5036 Psal.
984 4997 1137 5046 xvttt,
1169 4983 1223 5036 2.
1298 4983 1344 5015 "
1391 4983 1521 5037 ibid.
1600 4983 1648 5016 ⁸⁸
1677 4983 1808 5036 Dan.
1841 5000 1923 5050 ut,
1952 4985 2040 5048 67,
2063 4983 2153 5038 68.

726 5163 839 5231 tu)
868 5163 944 5234 Ita
984 5177 1113 5217 mss.
1149 5170 1289 5215 octo.
1327 5161 1774 5234 Editi‘rcpéﬁovtq.
1801 5161 1987 5233 ὕμνον.

726 5234 837 5304 (45)
878 5233 1022 5304 Reg.
1073 5243 1261 5304 sextus
1303 5232 1589 5304 γινομένην
1641 5233 1783 5287 κατά
1834 5232 1930 5304 τὴν
1974 5235 2217 5289 δοθεῖσαν

656 5303 836 5355 αἰτίαν
871 5301 1150 5372 δεξόμεθα.

727 5371 1004 5447 (46)_lte_g.
1050 5384 1233 5447 segtus
1265 5371 1414 5447 παρὰ
1442 5371 1534 5424 τοῦ
1563 5378 1686 5428 Δαν.
1717 5371 1906 5428 Statim
1944 5376 2074 5445 Reg.
2109 5376 2219 5447 pri-

659 5458 778 5496 mus
801 5443 906 5493 τῶν
940 5444 1074 5496 ὅλων
1102 5443 1234 5495 Θεὸν
1273 5446 1424 5495 ὲπετ.

729 5513 986 5586 (47)__l)uo
1019 5530 1149 5586 mss.
1183 5530 1212 5565 e
1239 5515 1436 5586 nostris
1464 5529 1588 5586 cum
1616 5515 1859 5569 Combel‘.
1887 5515 2217 5586 συμπληρω-

661 5584 807 5645 τικὸς
855 5581 1026 5637 ἔσται.
1073 5583 1179 5636 Nec
1239 5584 1307 5634 ita
1366 5585 1533 5637 multo
1584 5597 1702 5652 pos:
1735 5587 1860 5638 editi
1908 5581 2027 5640 cum
2081 5581 2211 5653 Reg.

659 5664 849 5707 octavo
893 5664 945 5706 et
987 5669 1105 5704 eum
1139 5655 1583 5728 utroqueHCpisl.
1638 5655 2060 5728 προηγούμενον.
2115 5659 2214 5710 Alii

653 5733 778 5776 .tres
804 5740 927 5777 mss.
959 5721 1317 5792 προηγμένον.
1368 5725 1515 5781 Colb.
1563 5721 1833 5782 secundus
1874 5721 2216 5798 προηγουμέ-

664 5807 787 5855 Vw;

2229 4987 2274 5018 "
2308 4985 2447 5041 Psal.
2483 5000 2706 5051 CXLVIII,
2733 4985 2786 5039 4.
2861 4986 2905 5018 ⁸⁷
2940 4986 3064 5041 ibid.
3099 4985 3153 5038 7.

2323 4619 2752 4691 συμπληρωτικὰ
2802 4619 2895 4673 τοῦ
2957 4620 3142 4680 τέλους
3198 4621 3311 4680 τοῖς
3372 4622 3641 4687 τεχνικοῖς
3696 4616 3882 4670 ἑαυτοῦ

2321 4709 2489 4779 λόγοις
2516 4713 2752 4766 ἐπελθὼν
2786 4713 2896 4784 (50)
2937 4713 3248 4777 ἀπεδέξατο.
3282 4715 3434 4766 Ἐπεὶ
3471 4714 3564 4765 καὶ
3613 4713 3738 4784 χεὶρ
3769 4714 3880 4765 καθ’

2323 4807 2536 4877 ἑαυτὴν,
2586 4808 2680 4859 καὶ
2731 4807 3006 4878 ὀφθαλμὸς
3056 4806 3179 4878 ἰδίᾳ,
3215 4807 3308 4859 καὶ
3363 4805 3592 4857 ἕκαστον
3645 4807 3757 4858 τῶν
3794 4805 3879 4857 τοῦ

3227 4986 3272 5016 ⁸⁸
3311 4984 3446 5038 Gen.
3474 5000 3510 5049 t,
3536 4985 3621 5038 10.

2394 5166 2504 5236 (48)
2537 5166 2624 5218 Sic
2655 5165 3019 5236 codicessex.
3057 5163 3196 5218 Editi
3240 5179 3364 5218 cum
3416 5165 3630 5218 duobus
3660 5171 3755 5215 aut
3782 5164 3876 5216 tri-

2322 5234 2422 5291 bus
2445 5253 2570 5306 mss.
2593 5236 2740 5304 παρά
2765 5236 2841 5306 τῷ
2868 5234 3039 5305 ψαλμ.

2395 5306 2505 5374 (49)
2537 5305 2609 5357 lla
2637 5300 2856 5373 uterque
2882 5300 3059 5367 ὐυεη
3093 5313 3319 5370 uterque
3352 5301 3544 5361 CoisL,
3580 5300 3880 5374 RegiiApt-ia

2331 5372 2711 5444 mus,'tertius,
2747 5372 2988 5444 quintus.
3017 5386 3202 5428 sextus
3234 5384 3288 5429 et
3319 5372 3880 5444 octavus_,_euntColb.

2327 5445 2586 5499 secundo.
2617 5443 2722 5498 Nec
2764 5441 2921 5498 aliter
2955 5445 3081 5512 legit
3111 5445 3440 5512 Eustathius.
3479 5441 3659 5494 Editio
3711 5443 3876 5496 Paris.

2322 5517 2379 5568 iw
2427 5516 2588 5585 ἀρχῇ,
2648 5518 2705 5568 in
2753 5511 3030 5584 principio.
3087 5513 3268 5568 Editio
3335 5511 3496 5568 Basil.
3558 5527 3668 5566 uno
3723 5513 3883 5565 verbo

2324 5589 2563 5658 “ﬂexit;
2911 5656 2919 5658 _
3075 5651 3170 5658 __.
3277 5655 3342 5658 _,_
3810 5650 3876 5658 ...

2695 5666 2877 5710 sextus
2906 5651 3236 5707 ἐπανελθὼν.
3263 5655 3552 5720 Aliquanto
3594 5660 3718 5720 post
3758 5650 3877 5704 editi

2325 5742 2444 5779 eum
2499 5727 2767 5794 aliquibus
2837 5741 2964 5778 mss.
3030 5723 3391 5794 διῃρημένως.
3458 5723 3610 5792 Regii
3667 5724 3881 5782 tertius,

2325 5797 2542 5865 quintus
2568 5807 2618 5852 et
2650 5806 2836 5852 sextus
2859 5794 3278 5866 διερριμμένως,
3315 5795 3568 5863 [ονιιιὲηΜ
