4060 6316
146 397 209 446 77
1273 389 1560 443 HOMIUA
1602 385 1669 439 iV
1711 383 1777 438 IN
1819 383 2309 438 HEXAEMERON.
3327 365 3394 422 73

148 515 462 584 ἀνδριάντος
516 511 690 582 μελῶν
732 512 1074 583 διῃρημένοις
1107 510 1354 578 κείμενα,
1387 511 1485 560 οὐκ
1517 509 1580 561 ἂν
1620 522 1723 574 φα-

1834 504 2246 570 unumquodque
2270 513 2458 554 statua:
2494 495 2793 552 membrum
2845 487 3133 556 separatim
3162 483 3390 553 iaceret,

149 608 258 678 νείη
299 608 442 662 καλὰ
483 605 561 674 τῷ
613 606 852 676 τυχόντι·
895 604 1045 674 πρὸς.
1081 602 1137 654 δὲ
1183 601 1279 671 τὴν
1323 600 1525 652 οἰκείαν
1567 599 1720 663 τάξιν

147 700 509 758 ἀποτεθέντα,
535 697 595 749 τὸ
626 700 688 751 ὲκ
716 701 812 768 τῆς
839 695 1150 762 ἀναλογίας,
1187 693 1425 762 ἐμφανὲς
1473 691 1580 760 (5|)
1628 690 1721 761 μό-

147 793 226 854 λις
266 791 434 848 ποτὲ,
482 790 575 841 καὶ
620 791 697 860 τῷ
744 788 924 857 ἰδιώτῃ
974 787 1273 857 παρέχεται
1302 783 1593 851 γνώριμον.
1662 784 1718 833 ’0

154 883 334 953 μέντοι
368 880 620 950 τεχνίτης
646 881 736 934 καὶ
765 877 869 947 πρὸ
898 877 995 946 τῆς
1027 877 1323 935 συνθέσεως
1361 869 1464 925 οἶδε
1505 872 1564 922 τὸ
1597 873 1722 924 ἐκα-

152 991 272 1027 στου
322 973 506 1037 καλὸν,
542 975 634 1026 καὶ
681 973 890 1024 ἐπαινεῖ
933 969 999 1022 τά
1040 969 1157 1022 καθ’
1188 969 1435 1028 ἕκαστον,
1487 965 1620 1034 πρὸς
1659 965 1721 1017 τὸ

149 1068 298 1128 τέλος
333 1066 516 1118 αὐτῶν
569 1064 928 1132 ἐπαναφέρων
961 1063 1058 1133 τὴν
1089 1063 1313 1113 ἔννοιαν.
1351 1057 1599 1119 Τοιοῦτος
1630 1055 1721 1110 οὖν

150 1161 210 1228 δή
246 1176 328 1219 τις
365 1157 459 1210 καὶ
503 1158 596 1211 νῦν
644 1158 888 1225 ἔντεχνος
931 1153 1218 1221 ἐπαινέτης
1251 1151 1358 1204 τῶν
1389 1151 1529 1204 κατὰ
1562 1150 1722 1220 μέρος

154 1252 323 1322 ἔργων
373 1253 402 1302 ὀ
441 1251 570 1314 Θεὸς
611 1248 1052 1317 ἀναγέγραπται·
1092 1244 1272 1316 μέλλει
1321 1246 1374 1297 δὲ
1423 1245 1513 1296 τὸν
1558 1261 1722 1313 προσ-

155 1343 353 1410 ήκοντα
385 1340 496 1411 (52)
529 1341 744 1393 ἔπαινον
770 1340 860 1390 καὶ
892 1340 1050 1393 παντὶ
1075 1335 1208 1406 ὁμοῦ
1234 1336 1308 1407 τῷ
1342 1337 1530 1406 κόσμῳ
1557 1335 1724 1405 ἀπαρ-

152 1431 388 1485 τισθέντι
427 1431 684 1501 πληροῦν.
729 1430 888 1483 Ἀλλὰ
925 1430 1032 1499 γὰρ
1081 1426 1313 1480 ἐνταῦθα
1345 1429 1474 1495 ἡμῖν
1507 1425 1555 1476 οἱ
1596 1424 1724 1492 περ)⁸

152 1523 243 1591 τῆς
288 1524 550 1590 δευτέρας
591 1521 801 1594 ἡμέρας
852 1518 1308 1586 καταληξάτωσαν
1359 1519 1535 1584 λόγοι,
1584 1515 1723 1566 ὥστε

153 1616 261 1675 τοῖς
288 1614 387 1682 μὲν
416 1611 721 1680 φιλοπόνοις
753 1595 1048 1683 ἀκρόαταῖς
1079 1612 1264 1682 καιρὸν
1297 1610 1594 1678 παρασχεῖν
1624 1606 1724 1675 τῆς

152 1697 222 1756 ὧν
251 1705 494 1773 ἤκουσαν
539 1703 836 1768 ἐξετάσεως
857 1741 869 1761 ,
902 1701 1039 1752 ὥστε
1083 1701 1212 1753 εἴτι
1246 1703 1511 1772 χρήσιμον
1538 1698 1593 1748 ἐν
1629 1697 1724 1748 αὺ-

152 1796 274 1856 τοῖς,
310 1794 470 1847 τοῦτο
489 1799 553 1865 τῇ
591 1797 775 1865 μνήμῃ
810 1795 1026 1861 συσχεῖν
1059 1791 1190 1862 (55),
1222 1794 1314 1844 καὶ
1340 1789 1426 1842 διὰ
1446 1791 1542 1859 τῆς
1573 1789 1721 1857 φιλο-

1831 599 1942 652 hanc
1988 596 2172 662 utique
2211 607 2318 644 non
2345 593 2512 643 cuivis
2554 585 2784 657 pulchra
2810 581 3154 634 viderentur:
3190 575 3234 628 si
3267 589 3395 628 vero

1830 693 1880 746 in
1937 691 2206 761 proprium
2257 687 2428 740 locum
2492 700 2554 736 ac
2593 681 2834 735 ordinem
2888 681 3232 742 reponantur,
3283 678 3395 721 tum

1829 759 2169 851 pulchritudo
2201 792 2266 832 ex
2299 774 2639 846 proportione
2655 778 3092 840 emergens,qutn
3125 762 3282 815 modo
3305 759 3397 812 vix

1830 878 1881 930 in
1910 881 2256 941 conspectum
2289 867 2560 928 veniebat,
2590 863 2702 931 jam
2743 863 2824 916 vel
2845 858 3018 916 cuivis
3056 855 3170 907 rudi
3204 863 3257 905 et
3300 852 3398 903 im-

1829 966 2003 1035 perito
2032 961 2313 1017 manifesta
2371 957 2567 1013 evadit.
2602 954 2796 1006 Verum
2845 951 3038 1004 artifex
3098 953 3223 997 ante
3258 957 3400 995 com-

1831 1033 2117 1110 missuram
2143 1051 2292 1104 novit
2319 1050 2579 1119 cujusque
2606 1044 2772 1112 partis
2794 1039 3264 1109 pulchritudinem,
3283 1033 3395 1085 lau-

1831 1149 2029 1214 datque
2053 1142 2284 1212 singula,
2306 1150 2487 1210 utpote
2519 1137 2609 1206 qui
2654 1134 2720 1187 ad
2746 1146 2933 1187 eorum
2970 1130 3127 1182 ﬁnem
3153 1129 3399 1182 animum

1831 1238 2089 1293 intendat.
2130 1235 2271 1288 Deus
2297 1234 2477 1301 itaque
2525 1238 2579 1284 et
2612 1240 2752 1280 nunc
2807 1221 3106 1292 depingitur
3151 1235 3246 1272 ceu
3276 1218 3398 1272 talis

1830 1330 2094 1402 quispiam
2143 1324 2359 1388 artifex,
2418 1323 2508 1391 qui
2565 1334 2728 1389 opera
2781 1314 2988 1383 singula
3050 1313 3258 1375 laudat,
3291 1311 3397 1364 imo

1829 1400 1988 1480 etiam
2026 1419 2116 1472 toti
2149 1415 2304 1471 simul
2340 1417 2535 1468 mundo
2565 1412 2808 1465 absoluto
2833 1418 3122 1475 congruam
3183 1400 3396 1453 laudem

1832 1529 1934 1568 non
1991 1509 2199 1562 dubitat
2233 1506 2490 1558 tribuere.
2553 1500 2815 1553 Οιιεῑρῐιιιιι
2874 1494 3039 1550 ηουιιπί
3072 1493 3135 1546 de
3165 1490 3398 1545 secunda

1831 1608 1914 1660 die
1935 1614 2209 1659 sermones
2242 1599 2327 1650 hic
2375 1596 2643 1656 desinant,
2683 1604 2788 1658 quo
2840 1587 3097 1641 studiosis
3137 1582 3401 1638 auditori-

1831 1699 1927 1750 bus
1957 1689 2214 1761 teinporis
2244 1685 2615 1756 opportunitas
2666 1681 2966 1752 praebeatur
3009 1692 3069 1730 ca
3102 1691 3219 1744 quae
3244 1673 3398 1726 audi-

1831 1799 2017 1840 verunt
2046 1777 2402 1853 expendeudi,
2446 1785 2502 1829 ut
2536 1775 2576 1829 si
2609 1773 2734 1842 quid
2761 1769 2889 1824 utile
2920 1769 2970 1821 in
3007 1767 3133 1835 ipsis
3181 1767 3270 1829 sit,
3301 1763 3400 1816 idi-

155 1885 311 1937 πόνου
347 1886 596 1955 μελέτης,
631 1880 741 1936 οἷον
771 1884 858 1936 διά
884 1902 1024 1946 τινος
1055 1884 1285 1953 πέψεως,
1314 1882 1411 1951 τὴν
1441 1881 1548 1933 τῶν
1579 1880 1719 1947 ὠφε-

1834 1895 1995 1949 χρειιιιι
2020 1875 2272 1930 memoria
2304 1877 2644 1931 conservent,
2675 1880 2736 1918 ac
2776 1878 2871 1931 per
2905 1858 3140 1915 sedulam
3179 1855 3401 1909 medita-

154 1975 320 2044 λίμων
381 1977 630 2028 ἀνάδοσιν
681 1976 984 2045 ἀναμεῖναι·
1043 1979 1152 2039 τοῖς
1202 1975 1256 2027 δὲ
1307 1973 1435 2042 περὶ
1488 1973 1577 2025 τὸν
1611 1972 1720 2040 βίον

157 2065 578 2135 ἀσχολουμένοις
608 2065 788 2118 δοῦναι
827 2067 1020 2136 σχολὴν
1067 2066 1154 2118 διὰ
1185 2063 1277 2116 τοῦ
1328 2062 1490 2132 μέσου
1532 2062 1720 2132 χρόνου

155 2154 247 2216 τὰς
273 2155 558 2225 φροντίδας
589 2154 924 2226 διαθεμένοις
956 2154 1089 2223 (54),
1124 2153 1334 2223 καθαρᾷ
1359 2151 1633 2222 μεριμνῶν
1657 2156 1719 2223 τῇ

157 2245 295 2316 ψυχῇ
321 2247 459 2317 πρὸς
483 2246 584 2318 τὴν
620 2246 909 2317 ἑσπερινὴν
942 2245 1049 2296 τῶν
1079 2245 1251 2311 λόγων
1288 2244 1526 2295 ἑστίασιν
1555 2245 1723 2297 ἀπαν-

157 2339 336 2407 τῆσαι.
390 2340 447 2393 '0
478 2339 622 2392 δὲτὰ
661 2337 868 2408 μεγάλα
907 2337 1318 2406 δημιουργήσας
1347 2335 1498 2398 Θεὸς,
1536 2339 1627 2389 καὶ
1658 2337 1724 2389 τὰ

162 2431 326 2500 μικρά
349 2430 520 2482 ταῦτα
553 2429 800 2499 λεχθῆναι
826 2428 1207 2498 οἰκονομήσας,
1225 2425 1333 2496 δῴη
1363 2426 1489 2496 ὑμῖν
1514 2427 1724 2479 σύνεσιν

161 2521 213 2569 ἐν
240 2521 402 2570 παντὶ
434 2522 530 2589 τῆς
556 2518 750 2572 ἑαυτοῦ
793 2517 1069 2587 ἀληθείας,
1099 2517 1163 2569 ἵν’
1205 2519 1268 2569 έκ
1298 2517 1404 2569 τῶν
1434 2516 1726 2587 ὁρωμένων

164 2610 245 2660 τὸν
270 2611 500 2678 ἀόρατον
540 2612 773 2678 ἑννοῆτε,
812 2612 905 2661 καὶ
948 2613 1009 2662 ὲκ
1043 2609 1299 2678 μεγέθους
1337 2610 1430 2662 κα)¹
1467 2607 1726 2677 καλλονῆς

164 2699 264 2752 τῶν
306 2701 617 2771 κτισμάτων
657 2702 754 2770 τὴν
799 2702 1112 2771 πρέπουσαν
1151 2699 1307 2764 δόξαν
1337 2701 1464 2770 περὶ
1492 2700 1583 2752 τοῦ
1617 2700 1730 2751 κτί-

169 2810 350 2858 σαντος
385 2797 532 2865 ἡμᾶς
563 2793 976 2864 ἀναλαμϐάνητε
1025 2793 1155 2864 (55).
1220 2793 1294 2846 Τὰ
1351 2792 1460 2862 γὰρ
1510 2792 1731 2859 ἀόρατα

165 2889 344 2942 αὐτοῦ
379 2889 499 2943 ἀπὸ
531 2890 782 2956 κτίσεως
817 2889 1049 2957 κόσμου
1090 2888 1212 2954 τοῖς
1235 2886 1526 2957 ποιήμασι
1554 2889 1730 2940 7002):-

165 2997 311 3046 ιιενα
339 2979 677 3046 καθορᾶται,
721 2981 759 3047 ἢ
813 2998 874 3033 τε
917 2980 1106 3045 αΐδιος
1129 2981 1314 3033 αὐτοῦ
1342 2980 1594 3048 δύναμις
1634 2978 1731 3032 καὶ

168 3072 413 3136 θειότης·
445 3072 583 3122 ὥστε
609 3073 702 3123 καί
733 3074 788 3123 έν
807 3074 901 3140 γῇ,
928 3073 1021 3123 καὶ
1050 3073 1103 3122 ὲν
1128 3071 1268 3141 ἀέρι,
1294 3072 1386 3124 καὶ
1418 3075 1472 3123 ὲν
1497 3071 1728 3142 οὐρανῷ,

171 3161 256 3212 καὶ
288 3163 343 3212 ἐν
362 3159 536 3222 ὕδατι,
558 3159 653 3212 καὶ
685 3162 740 3210 ὲν
766 3161 940 3221 νυκτὶ,
970 3158 1063 3210 καὶ
1088 3159 1145 3209 ἐν
1166 3158 1370 3229 ἡμέρᾳ,
1403 3158 1495 3210 καὶ
1518 3159 1572 3208 ἐν
1601 3159 1732 3209 πᾶσι

169 3254 272 3314 τοῖς
307 3253 603 3323 ὁρωμένοις
631 3253 830 3322 ἐναργῆ
873 3240 1166 3320 λαμϐάνειν
1216 3250 1361 3319 ἡμᾶς
1392 3249 1484 3300 τοῧ
1516 3247 1733 3317 εὐεργέ-

171 3361 253 3399 του
279 3346 347 3398 τὰ
370 3347 734 3415 ὑπομνήματα
762 3345 894 3412 (56).
925 3343 1058 3396 Οὒτε
1087 3342 1194 3413 γὰρ
1224 3340 1518 3412 ἁμαρτίαις
1543 3341 1732 3409 καιρόν

170 3456 283 3491 τινα
307 3439 572 3508 δώσομεν,
603 3437 725 3490 οὔτε
759 3437 837 3507 τῷ
860 3437 1036 3508 ἐχθρῷ
1060 3437 1221 3488 τόπον
1255 3438 1310 3488 ὲν
1344 3438 1461 3498 ταῖς
1488 3434 1736 3506 καρδίαις

172 3531 321 3600 ἡμῶν
355 3531 772 3601 καταλείψομεν.
808 3530 896 3583 διὰ
927 3531 1024 3599 τῆς
1063 3527 1314 3598 συνεχοῦς
1358 3529 1574 3598 μνήμης
1602 3527 1738 3580 ἔνοι-

175 3638 261 3673 κον
293 3620 502 3691 ἔχοντες
553 3623 760 3674 ἑαυτῶν
793 3622 901 3690 (57)
929 3623 1019 3674 τὸν
1048 3621 1206 3674 Θεὸν·
1240 3614 1283 3688 ᾧ
1310 3622 1456 3672 πᾶσα
1482 3617 1607 3683 δόξα
1641 3619 1735 3672 καὶ

176 3711 535 3782 προσκύνησις
566 3712 658 3765 νῦν
693 3712 785 3765 καὶ
833 3712 938 3774 ἀεὶ,
984 3723 1078 3765 και
1107 3707 1340 3775 είς“τοὺς
1386 3712 1585 3773 αἰῶνας
1625 3710 1732 3763 τῶν

178 3801 372 3855 αίώνων
443 3805 500 3855 Ἀ
508 3805 632 3874 μήν.

192 3912 234 3925 .-

791 3974 1029 4026 ΟΜῘΛΙΑ
1054 3975 1125 4024 Δ’.

405 4064 542 4132 Περὶ
569 4061 924 4132 συναγωγῆς
952 4062 1068 4116 τῶν
1097 4060 1328 4116 ὑδάτων
1357 4061 1491 4131 (F38).

248 4158 294 4210 1.
330 4158 452 4210 Εἰσί
486 4175 625 4220 τινες
657 4156 837 4218 πόλεις
867 4157 1226 4217 παντοδαποῖς
1256 4155 1490 4223 θεάμασι
1526 4154 1734 4223 θαυμα-

179 4248 399 4300 τοποιῶν
448 4249 553 4299 ἀπὸ
601 4247 790 4316 βαθέος
831 4247 1025 4316 ὄρθρου
1079 4247 1268 4316 μέχρις
1301 4247 1536 4315 ἑσπέρας
1565 4246 1734 4314 αὐτῆς

181 4340 424 4393 έστιῶσαι
456 4340 551 4403 τὰς
573 4340 744 4409 ὄψεις.
773 4340 882 4392 Καὶ⁸
912 4339 1089 4408 μέντοι
1118 4339 1211 4391 καὶ
1245 4338 1418 4408 μελῶν
1441 4355 1599 4389 τινων
1629 4337 1736 4405 (59)

183 4432 556 4503 κεκλασμένων
569 4432 662 4484 καὶ
686 4429 1092 4500 διεφθαρμένων
1112 4430 1204 4482 καὶ
1219 4430 1527 4482 παντάπασι
1545 4429 1740 4499 πολλὴν

1825 1973 2020 2026 tionem
2059 1966 2198 2018 velut
2233 1979 2326 2032 per
2360 1958 2650 2031 quamdam
2697 1957 3018 2017 coctionem,
3071 1963 3254 2004 eorum
3285 1962 3402 2016 qua)

1829 2061 1978 2115 utilia
2046 2065 2170 2110 sunt
2209 2062 2522 2121 exspectent
2574 2047 2977 2118 digestionem:
3026 2052 3191 2111 utque
3245 2039 3402 2100 detur

1823 2156 1992 2210 otium
2028 2150 2110 2204 his
2141 2147 2231 2216 qui
2262 2146 2401 2199 victu
2435 2141 2796 2214 comparando
2839 2147 3194 2206 occupant-ur,
3225 2145 3280 2187 ut
3317 2135 3399 2189 iu.-

1825 2244 2088 2301 termedio
2118 2252 2359 2308 tempore
2408 2235 2614 2302 negt/tia
2648 2235 3018 2302 disponentes,
3052 2226 3232 2278 anima
3257 2225 3402 2278 curis

1825 2345 2043 2405 purgata
2076 2335 2142 2388 ad
2183 2329 2521 2399 veSpertinas
2550 2341 2855 2380 sermonum
2881 2323 3066 2393 epulas
3092 2328 3381 2374 occurrant

1829 2423 1967 2475 Deus
2022 2430 2199 2473 autem
2257 2416 2348 2485 qui
2410 2423 2556 2468 tanta
2594 2412 2790 2476 effecit,
2837 2423 2888 2464 et
2940 2426 3044 2479 quo
3086 2409 3402 2476 disponente

1829 2529 1994 2584 pauca
2023 2514 2136 2565 haec
2166 2509 2303 2562 dicta
2332 2516 2482 2570 sunt,
2532 2506 2730 2558 tribunal
2757 2503 2906 2556 vobis
2939 2501 2989 2554 in
3018 2501 3266 2554 omnibus
3294 2512 3402 2550 suae

1830 2604 2072 2659 veritatis
2114 2598 2544 2667 intelligentiam,
2598 2602 2657 2647 ut
2690 2606 2784 2661 per
2816 2590 3048 2646 visibilia
3075 2588 3400 2643 invisibilcm

1829 2694 2188 2765 cognoscatis,
2222 2701 2384 2759 atque
2419 2705 2484 2743 ex
2530 2685 2898 2756 magnitudine
2926 2699 2988 2738 ac
3009 2682 3404 2753 pulchritudine

1830 2796 2195 2842 creaturarum
2211 2785 2486 2838 decentem
2505 2780 2568 2834 de
2584 2778 2873 2833 Conditore
2902 2786 3084 2832 nostro
3096 2775 3402 2845 opinionem

1831 2883 2169 2952 concipiatis.
2197 2880 2490 2933 Invisibilia
2524 2878 2659 2931 enim
2700 2877 2859 2945 ipsius
2883 2892 2915 2926 a
2941 2882 3179 2927 creatura
3197 2873 3400 2934 mundi,

1831 2991 1922 3044 per
1957 2990 2018 3026 ea
2056 2987 2172 3041 qua:
2211 2971 2350 3039 facta
2380 2969 2804 3035 stmt,intellecta
2822 2967 3244 3033 conspiciuntur:
3269 2981 3403 3018 sem—

1831 3067 2038 3133 piterna
2063 3079 2264 3134 quoque
2316 3061 2429 3130 ejus
2468 3064 2628 3114 virtus
2689 3070 2735 3112 et
2773 3059 3023 3110 divinitas
3049 3058 3132 3110 l’:
3169 3059 3304 3111 adeo
3347 3066 3405 3109 ut

1838 3160 1888 3212 in
1932 3168 2100 3221 terra,
2131 3158 2186 3210 in
2216 3168 2360 3220 aere,
2384 3153 2612 3218 iiicmlo,
2644 3153 2694 3204 in
2719 3166 2878 3219 aqua,
2911 3151 2960 3203 in
3007 3159 3183 3217 nocte,
3216 3150 3268 3202 in
3295 3149 3401 3210 die,

1835 3260 1888 3304 et
1915 3251 1965 3304 in
1995 3251 2244 3305 omnibus
2277 3248 2601 3312 visibilibus,
2637 3261 2738 3299 non
2770 3244 3001 3300 obscure
3029 3245 3145 3314 ejus
3170 3243 3260 3311 qui
3304 3256 3402 3295 no-

1831 3344 1912 3399 bis
1951 3341 2218 3397 benet‘ecit
2261 3340 2625 3396 recordemur.
2656 3336 2842 3405 Neque
2876 3338 3016 3389 enim
3043 3336 3282 3405 peccatis
3309 3351 3404 3390 oc-

1832 3434 2099 3488 casionem
2152 3431 2312 3486 ullam
2370 3445 2558 3484 sumus
2607 3428 2824 3488 daturi,
2864 3440 3033 3493 neque
3082 3426 3301 3480 inimico
3353 3427 3404 3478 in

1832 3527 2030 3580 nostris
2053 3525 2306 3578 cordibus
2343 3523 2519 3576 locum
2547 3520 2806 3583 relicturi,
2837 3520 2880 3573 si
2938 3520 3093 3573 modo
3140 3533 3239 3587 per
3272 3519 3405 3572 assi-

1836 3620 1992 3672 duam
2023 3616 2336 3670 memoriam
2373 3614 2536 3668 Deum
2588 3614 2640 3666 in
2701 3613 2852 3667 nobis
2890 3613 3278 3666 inhabitantem
3311 3610 3405 3663 ha-

1839 3713 2100 3764 beamus:
2150 3710 2233 3761 cui
2278 3709 2453 3762 omnis
2510 3708 2683 3776 gloria
2728 3718 2782 3762 et
2837 3706 3111 3771 adoratio,
3165 3719 3304 3760 nunc
3353 3715 3406 3759 et

1841 3816 2072 3869 semper,
2097 3811 2150 3855 et
2189 3804 2240 3854 in
2277 3799 2466 3855 smcula
2496 3800 2829 3855 seculorum.
2860 3801 3052 3854 Amen.

2432 3970 2712 4024 HOMILIA
2746 3969 2831 4020 IV.

2233 4066 2305 4120 De
2337 4083 2591 4135 aquarum
2618 4068 3033 4137 congregatione.

1909 4160 2014 4229 33
2043 4160 2092 4212 1.
2114 4159 2245 4212 Sunt
2264 4159 2504 4228 quaedam
2527 4157 2793 4224 civitates,
2814 4159 3242 4228 quazomnigenis
3269 4175 3405 4228 [ιι-ων

1844 4253 2178 4320 stigiatorum
2225 4251 2546 4318 spectaculis
2597 4267 2622 4304 a
2672 4266 3087 4327 summo.mane
3120 4251 3184 4304 ad
3235 4251 3404 4321 ipsam

1846 4360 2012 4413 usque
2040 4359 2314 4413 vesperam
2354 4343 2538 4396 oculos
2579 4353 2825 4412 pascunt.
2869 4343 2933 4396 Et
2965 4353 3109 4397 certe
3159 4343 3407 4411 quamvis

1847 4435 2145 4488 cantilenas
2180 4434 2438 4503 quasdam
2475 4434 2760 4490 dissolutas
2787 4445 3176 4501 corrUptasque
3204 4442 3259 4486 et
3286 4450 3405 4487 om-

183 4524 466 4579 ἀκολασίαν
477 4528 595 4588 ταῖς
609 4525 805 4594 ψυχαῖς
833 4523 1198 4586 ὲντικτόντων,
1216 4524 1305 4574 ἐπὶ
1323 4522 1567 4575 πλεῖστον
1584 4522 1728 4576 ἀκού⁴

1855 4525 2010 4581 nibus
2025 4526 2193 4580 modis
2208 4523 2422 4577 multam
2443 4523 2492 4576 in
2514 4525 2708 4584 animis
2728 4523 3086 4593 impuritatein
3106 4521 3395 4590 gignentes.

245 4710 284 4740 ⁵³
315 4710 476 4765 Rom.
511 4724 546 4774 ι,
587 4709 676 4764 20.

246 4853 349 4920 (5|)
373 4854 529 4921 Regii
561 4855 767 4922 primus
795 4864 847 4908 et
872 4864 1058 4909 sextus
1085 4871 1206 4910 cum
1236 4855 1391 4911 Colb.
1423 4855 1660 4910 secundo
1690 4865 1741 4909 et

183 4935 290 5007 cum
320 4924 734 5007 utroque-Coisl.‘
763 4926 1022 5007 ἐμφανές.
1051 4927 1205 5007 Edili
1221 4943 1342 4980 cum
1364 4930 1573 4981 duobus
1607 4942 1736 4980 mss.

182 4993 415 5077 εὺςξανές.
467 4994 650 5048 Codex
697 4993 942 5049 Combef.
992 5012 1114 5049 cum
1168 4997 1301 5064 Reg.
1361 5006 1554 5051 octavo
1604 5012 1740 5066 συμ-

182 5077 320 5127 φυες.

245 5132 348 5200 (ὅέ)
381 5132 476 5186 Sic
501 5134 667 5203 ,Regii
717 5133 946 5202 primus,
981 5135 1210 5197 tertius,
1244 5136 1483 5200 quintus,
1530 5151 1736 5196 sextus.

180 5211 408 5283 octavus,
439 5203 611 5283 ,βοηξὶ
647 5205 928 5283 secundus
962 5205 1307 5283 etACombcf.
1341 5223 1459 5258 cum
1511 5221 1740 5268 utroque

181 5269 331 5345 Cpisl.
373 5274 551 5345 Eilitio
575 5272 747 5345 Paris.
779 5275 806 5325 ὁ
829 5273 981 5345 Θεός.
1003 5275 1441 5345 Ἀναγέγραπται
1480 5278 1536 5330 δὲ
1583 5278 1739 5331 τοῦτο

181 5338 449 5418 τὸνπρόσ.
483 5342 658 5396 Editio
709 5358 836 5418 vero
882 5343 1047 5399 Basil.
1104 5338 1519 5418 ἀναγέγραπται
1561 5349 1616 5401 δὲ
1647 5347 1739 5399 τὸν

186 5410 344 5479 πρόσζ
363 5413 603 5480 Utraque
633 5414 789 5466 male.

186 5480 350 5597 éySi)
388 5484 481 5537 Sic
508 5483 722 5537 codices
751 5499 864 5537 sex.
899 5484 1036 5538 Editi
1084 5495 1136 5539 et
1187 5485 1352 5540 Coisl.
1387 5488 1596 5556 primus
1621 5505 1746 5540 συν-

213 5565 334 5617 χειν.

390 5620 474 5696 ita
506 5632 738 5696 quatuor
763 5639 890 5696 utss.
923 5623 1060 5677 Edili
1087 5625 1500 5696 διατιθεμένοις.

250 5689 355 5758 (55)
386 5692 478 5746 Sic
527 5693 677 5762 Regii
726 5695 953 5761 primus,
999 5698 1207 5756 tertius,
1257 5689 1440 5751 sextus
1487 5709 1539 5750 (ει
1585 5697 1738 5751 Colb.

191 5764 459 5840 secundus.
478 5763 634 5840 bene.
659 5763 824 5819 Coisl.
855 5772 1078 5832 uterque
1103 5775 1157 5819 et
1184 5769 1334 5834 editi,
1360 5780 1412 5821 et
1431 5769 1563 5837 Reg.
1594 5769 1745 5836 quin-

195 5838 267 5880 tus
294 5830 705 5902 ἀναλαμϐάνειν.

1919 4855 2028 4924 (56)
2065 4855 2137 4907 Ita
2162 4869 2289 4906 mss.
2333 4845 2823 4924 octo._Eustathius
2863 4844 3040 4924 vertit,
3075 4853 3405 4896 monumenta

1847 4915 2155 4994 certissima.
2195 4924 2331 4976 Editi
2369 4919 2761 4994 ὑποδείγματα,
2793 4915 3049 4994 εξειιιρίει.

1918 4997 2028 5066 (57)
2060 4988 2210 5048 Cdlb.
2265 4993 2532 5066 secundus
2555 4982 2795 5066 ’ἔχοντες
2838 4988 3073 5066 έαυτοίςὶ
3105 4982 3237 5066 Mox
3277 4983 3405 5066 editi

1848 5052 1966 5121 cuin
2012 5052 2150 5146 Reg.
2197 5063 2353 5146 tert‘ip
2384 5063 2464 5123 εἰς
2491 5052 3084 5146 τουςσύμπανταςὶκμὶ
3117 5052 3407 5141 ἀτελευτή-

1846 5155 1971 5198 τους
2023 5123 2244 5195 αἰῶνας.
2295 5129 2466 5184 Voces
2524 5123 2841 5200 σύμπαντας
2887 5125 2981 5178 καὶ
3018 5123 3405 5193 ἀτελευτήτους

1848 5208 2038 5261 desunt
2070 5203 2121 5256 in
2157 5200 2391 5273 quinque
2423 5201 2714 5273 codicibus.
2885 5265 2909 5273 _
2990 5263 3068 5273 Α.
3100 5227 3103 5229 ›

1917 5276 2030 5356 (58)
2068 5262 2196 5355 Ιξθιξ.
2215 5262 2446 5356 pet-avus
2470 5272 2596 5356 περὶ
2619 5265 2950 5352 συναγωγῶν
2982 5263 3206 5318 ὑδάτων.
3239 5262 3402 5318 Coisl.

1846 5339 2052 5417 primus
2074 5339 2386 5412 simpliciter
2409 5339 2591 5411 ὁμιλία
2624 5339 2881 5460 τετάρτηὶ

1923 5416 2032 5460 (5m
2064 5414 2151 5460 Sic.
2189 5421 2310 5460 octo
2334 5416 2459 5460 mss.
2487 5409 2807 5460 Εόίιὶτινές.

1923 5416 2032 5487 (59)
2064 5414 2151 5487 Sic
2179 5403 2310 5466 'octo
2334 5403 2459 5487 mss".
2487 5410 2625 5463 Editi
2643 5403 2807 5470 τινές.
2834 5403 3289 5487 Yerisiniilemihi
3307 5403 3406 5487 ¹ῆι,

1855 5474 2216 5556 ῑγροεινιριιοε
2257 5498 2350 5535 sua
2381 5483 2627 5556 ipsorum
2669 5480 2992 5556 auctoritate
3026 5485 3215 5556 contra
3251 5474 3406 5556 {idem

1856 5544 2250 5610 tussiedidisse
2281 5544 2423 5614 τινές
2455 5566 2550 5618 pro
2578 5549 2761 5612 τινῶν,
2800 5564 2863 5601 ne
2907 5547 3156 5618 mendum
3189 5544 3408 5598 subesse

1856 5628 2145 5682 videretur.
2166 5635 2216 5676 et
2254 5634 2310 5675 ut
2352 5613 2621 5681 νόιίτινές
2646 5635 2764 5671 cum
2804 5632 2930 5670 voce
2966 5613 3253 5676 ἀκούοντες
3282 5630 3409 5682 cou-

1852 5697 1986 5749 strui
2021 5681 2223 5758 posset.‘
2260 5693 2364 5746 Sed
2395 5693 2511 5744 haec
2549 5705 2732 5742 eorum
2765 5687 3072 5758 emendatio
3107 5681 3407 5758 necessaria

1852 5782 1955 5818 non
1997 5755 2129 5823 erat,
2162 5779 2283 5816 cum
2305 5778 2402 5814 vox
2433 5759 2721 5821 ἀκούοντες
2751 5767 2913 5825 queat
2937 5755 3124 5810 referri
3158 5755 3224 5808 ad
3251 5768 3411 5825 gene-

1852 5835 2250 5893 rale-quoddam
2281 5847 2500 5891 nomen,
2535 5842 2655 5892 puta
2686 5829 2916 5880 πολῖται.
