4098 6326
207 381 270 434 81
1326 378 1614 434 "OMIUA
1654 379 1721 435 iV
1760 382 1826 436 IN
1867 383 2359 441 IIEXAEMERON.
3379 385 3449 439 82

208 495 456 566 φυσικῶς
487 492 773 565 χρώματος
798 493 1203 566 συμπαρόντος,
1236 495 1434 560 παντὸς
1466 496 1526 550 δὲ
1562 498 1785 571 χρώμα-

1900 502 2036 555 risus
2074 515 2235 557 sensu
2283 501 2741 574 apprehenditur?
2771 500 2837 555 Ει
2890 500 3027 554 forte
3085 515 3202 569 qua
3247 498 3451 568 prolata

206 604 302 650 τος
327 586 583 657 αἰσθητοῦ
617 589 681 658 τῇ
711 587 899 658 ὁράσει
924 586 1361 659 καθεστηκότοςς
1393 589 1503 642 Καὶ
1528 591 1668 663 τάχα
1701 608 1783 644 σοι

208 679 314 732 οὐκ
344 676 518 731 ἐδόκει
555 677 841 750 αὐτάρκως
874 678 1019 750 ἔχειν
1067 678 1138 735 τά
1185 682 1477 752 εἰρημένα.
1521 684 1606 738 ὅτι
1649 686 1785 752 πρὸς

208 767 362 837 ἡμᾶς
394 768 459 822 τὸ
490 768 773 839 ἀόρατον,
805 769 867 823 ού
916 771 1051 843 πρὸς
1094 772 1192 844 τὴν
1234 771 1395 840 φύσιν
1450 772 1636 845 εἴρητο
1674 776 1785 848 (68)

208 855 305 909 διὰ
344 856 442 929 τὴν
483 857 579 912 τοῦ
626 856 813 923 ὓδατος
866 861 1283 933 ὲπιπρόσθησιν,
1316 862 1345 916 δ
1384 863 1506 915 τότε
1549 862 1646 932 τὴν
1683 866 1786 936 γῆν

210 950 398 1003 πᾶσαν
418 948 870 1022 περιεκάλυπτεν.
910 951 1041 1006 Ἰδοὺ
1066 953 1162 1008 νῦν
1193 953 1354 1009 ἄκουε
1385 954 1555 1024 αὑτῆς
1594 955 1786 1028 ἑαυτὴν

209 1041 318 1112 τῆς
343 1042 567 1115 Γραφιῖγς
588 1046 945 1117 φανερούσης.
976 1046 1341 1117 Συναχθήτω
1364 1046 1435 1100 τὰ
1462 1044 1669 1104 ﬁdam.
1688 1048 1787 1101 καὶ

212 1134 454 1204 ὀφθήτω
476 1134 516 1202 ἡ
544 1134 714 1206 ξηρά.
744 1135 1069 1191 Συνέλκεται
1093 1137 1161 1191 τὰ
1184 1138 1680 1212 παραπετάσματα,
1702 1138 1791 1194 ἵνα

214 1226 472 1297 ἐμφανὴς
510 1226 733 1301 γένηται
774 1231 805 1299 ἡ
840 1228 977 1293 τέως
1022 1230 1096 1303 μὴ
1136 1230 1410 1305 ὁρωμένη.
1452 1232 1611 1295 Ἴσως
1652 1231 1697 1283 δ’
1727 1232 1791 1287 ἄν

212 1336 301 1383 τις
333 1319 552 1374 κάκεῖνο
592 1321 724 1393 πρὸς
768 1320 977 1386 τούτοις
1006 1322 1373 1395 ἐπιζητήσειε.
1410 1324 1633 1395 Πρῶτον
1669 1323 1790 1394 μὲν,

213 1412 309 1466 διὰ
332 1410 385 1464 τί
410 1411 439 1465 δ
470 1413 613 1467 κατά
648 1411 809 1482 φύσιν
841 1415 1073 1487 ὑπάρχει
1096 1416 1173 1486 τῷ
1194 1414 1346 1469 ὑδατι
1370 1416 1633 1488 φέρεσθαι
1656 1417 1792 1488 πρὸς

212 1502 280 1555 τὸ
313 1502 598 1567 κάταντες,
630 1503 789 1559 τοῦτο
820 1507 916 1560 ἐπὶ
940 1508 1002 1561 τὸ
1036 1506 1367 1579 πρόσταγμα
1400 1506 1492 1560 τοῦ
1524 1511 1793 1578 Δημιουρ-

214 1592 319 1661 γοῦ
340 1597 369 1646 ὁ
402 1594 559 1664 λόγος
581 1595 805 1666 ἀνάγει;
836 1599 982 1662 Ἕως
1024 1597 1123 1667 μὲν
1149 1596 1257 1670 γὰρ
1296 1598 1362 1652 ἂν
1410 1598 1505 1650 ἐπὶ
1541 1597 1635 1651 τοῦ
1682 1600 1792 1651 lao-

214 1686 385 1739 πέδου
414 1688 663 1760 κείμενον
690 1692 828 1764 τύχῃ
856 1690 968 1758 (69)
1004 1691 1067 1744 τὸ
1107 1689 1271 1763 ὕδωρ,
1320 1691 1578 1762 στάσιμόν
1625 1692 1791 1756 ἐστιν,

213 1779 322 1834 οὐκ
362 1780 502 1852 ἔχων
526 1784 659 1836 ὅπου
686 1782 966 1853 μεταρρυῇ
988 1798 1001 1811 ·
1040 1781 1259 1836 ἐπειδὰν
1282 1782 1339 1836 δέ
1366 1800 1508 1849 τινος
1555 1799 1795 1855 πρανους

214 1867 496 1940 λάϐηται.
552 1852 714 1932 εὐθὺς
763 1852 1107 1941 ὁρμήσαντος
1156 1869 1250 1924 τοῦ
1300 1852 1670 1945 προάγοντος,
1734 1871 1795 1924 τὸ
1829 1852 1868 1907 Β

218 1964 445 2033 συνεχὲς
484 1962 631 2033 αὑτῷ
668 1963 767 2034 τὴν
806 1963 961 2035 βάσιν
1004 1965 1099 2021 τοῦ
1144 1967 1453 2040 κινηθέντος
1494 1964 1797 2035 ἐπιλαμϐά-

217 2072 339 2117 νει,
380 2056 475 2107 καὶ
532 2055 629 2126 τὴν
677 2055 886 2111 ἐκείνου
938 2058 999 2111 τὸ
1052 2060 1420 2130 ὲφεπόμενον·
1482 2057 1577 2113 καὶ
1624 2056 1795 2121 οὑτως

219 2144 563 2215 ὑπεκφεύγει
587 2146 686 2218 μὲν
706 2148 881 2203 ἀεὶτὸ
926 2151 1187 2221 προάγον,
1224 2150 1427 2202 ἐπωθεῖ
1457 2151 1513 2205 δὲ
1546 2150 1607 2203 τὸ
1637 2150 1799 2221 ἐπερ-

219 2237 485 2308 χόμενον·
515 2241 609 2296 καὶ
639 2240 877 2312 τοσούτῳ
903 2241 1189 2311 όξοτέροιὴ
1225 2240 1365 2312 φορὰ
1404 2244 1630 2310 γίνεται,
1669 2224 1800 2313 ὅσῳ-

220 2347 334 2401 περ
374 2331 443 2385 ἂν
474 2332 568 2385 καὶ
600 2333 659 2385 τὸ
692 2333 856 2404 βάρος
954 2330 1135 2385 πλεῖον
1175 2330 1268 2385 τοῦ
1325 2334 1795 2406 καταφερομένου,

221 2420 408 2473 καὶτὸ
436 2422 632 2492 χωρίον
663 2422 989 2495 κοιλότερον,
1018 2424 1154 2493 πρὸς
1175 2422 1202 2473 ὃ
1236 2426 1268 2493 ἡ
1290 2423 1591 2496 ἐπίρρυσις.
1618 2426 1681 2476 Εἰ
1706 2420 1798 2478 οὖν

222 2510 368 2565 οὕτω
402 2512 611 2583 πέφυκε
655 2513 717 2567 τὸ
759 2513 923 2586 ὕδωρ,
971 2514 1231 2587 παρέλκοι
1264 2515 1330 2569 ἂν
1370 2515 1430 2569 τὸ
1473 2516 1800 2587 πρόσταγμα

219 2604 284 2658 τὸ
307 2602 527 2659 κελεῦον
551 2606 889 2678 συναχθῆναι
912 2610 992 2672 εἰς
1023 2606 1341 2679 συναγωγὴν
1384 2608 1531 2677 μίαν.
1567 2606 1801 2679 Ἔμελλε

224 2696 338 2768 γὰρ
369 2697 583 2763 πάντως
611 2698 700 2753 διά
730 2699 793 2753 τὸ
824 2702 1168 2773 κατάρροπον
1202 2699 1302 2769 τῆς
1322 2698 1555 2769 φύσεως,
1586 2700 1679 2753 ἐπὶ
1701 2699 1800 2770 τὴν

225 2790 447 2843 πάντων
476 2792 786 2863 κοιλοτέραν
830 2791 1013 2862 χώραν
1070 2791 1391 2862 αὐτομάτως
1441 2789 1797 2856 συνδὶδοσθαι,

225 2879 323 2932 καὶ
363 2878 439 2950 μὴ
496 2880 757 2952 πρότερον
815 2881 1108 2951 στήσεσθαι
1160 2883 1289 2953 πρὶν
1336 2882 1694 2953 ὁμαλισθῆναι
1730 2882 1800 2935 τά

224 2970 395 3023 νῶτα.
429 2971 595 3025 οὐδὲν
637 2971 746 3044 γὰρ
789 2972 932 3026 οὑτω
982 2973 1179 3045 χωρίον
1236 2973 1500 3036 ἰσόπεδον,
1531 2974 1606 3037 ὡς
1638 2974 1671 3044 ἡ
1704 2973 1798 3025 τοῦ

226 3062 420 3128 ὓδατος
440 3064 746 3134 ὲπιςοάνεια.
780 3067 1007 3119 Ἔπειτα
1039 3066 1175 3131 πῶς,
1210 3065 1395 3136 φησιν,
1442 3067 1523 3128 εἰς
1553 3081 1795 3133 συναγω-

224 3155 332 3226 γὴν
381 3154 510 3227 μίαν
555 3157 851 3229 ἐκελεύσθη
881 3159 949 3211 τὰ
983 3156 1153 3213 ὑδατα
1203 3158 1548 3230 συνδραμεῖν,
1600 3158 1800 3226 δπουγε

226 3247 511 3317 φαίνονται
534 3250 728 3305 πολλαὶ
755 3248 912 3305 οὖσαι
939 3251 1221 3316 θάλασσαι,
1241 3253 1336 3305 καὶ
1371 3252 1618 3305 πλεῖστον
1642 3252 1801 3320 ἀλλή-

224 3341 335 3395 λων
365 3345 433 3412 τῇ
459 3341 604 3395 θέσει
633 3343 1015 3414 διωρισμέναι,
1048 3344 1192 3414 Πρὸς
1223 3345 1318 3413 μὲν
1349 3341 1440 3397 οὖν
1496 3346 1556 3398 τὸ
1606 3346 1800 3416 πρότε-

229 3449 325 3504 ρον
357 3432 469 3486 τῶν
518 3432 957 3504 ἐπιζητηθέντων
992 3434 1169 3487 ἐκεῖνό
1200 3451 1409 3505 φαμεν·
1444 3436 1527 3488 ὃτι
1572 3436 1805 3505 μάλιστα

228 3525 333 3594 μὲν
367 3524 431 3577 σὺ
470 3524 604 3594 μετὰ
646 3525 707 3577 τὸ
739 3526 1066 3597 πρόσταγμα
1094 3525 1153 3579 τὸ
1198 3526 1511 3580 δεσποτικὸν
1563 3526 1804 3595 ἐπέγνως

224 3616 327 3670 τοῦ
364 3614 554 3681 ὕδατος
588 3616 687 3681 τὰς
718 3618 979 3688 κινήσεις,
1009 3619 1091 3671 δτι
1123 3636 1183 3671 τε
1213 3614 1539 3690 περιρρεπές
1564 3616 1806 3689 (70)ὲστι

226 3711 331 3764 καὶ
357 3710 708 3783 ἁστήρικτον,
740 3709 836 3764 καὶ
868 3710 1002 3782 πρὸς
1033 3710 1102 3764 τὰ
1126 3712 1305 3783 πρανῆ
1338 3712 1428 3765 καὶ
1458 3712 1611 3766 κοῖλα
1646 3713 1805 3781 φέρε-

225 3818 323 3854 ται
346 3801 489 3854 κατὰ.
520 3801 679 3871 φύσιν
700 3819 714 3833 ·
750 3802 856 3871 πρὸ
883 3803 1073 3857 τούτου
1107 3804 1183 3869 δὲ,
1230 3802 1349 3867 πῶς
1384 3800 1499 3875 εἶχε
1526 3805 1807 3875 δυνάμεως

227 3892 368 3963 πρὶν
409 3891 557 3963 αὑτῷ
587 3894 678 3946 τὸν
713 3896 777 3947 ὲκ
825 3892 920 3948 τοῦ
952 3896 1371 3967 προστάγματος
1413 3896 1599 3949 τούτου
1648 3897 1807 3964 ὲγγε-

227 3982 423 4038 νὲσθαι
470 3983 685 4055 δρόμον,
714 3984 837 4037 οὔτε
866 3982 1003 4049 εἶδες
1030 3988 1211 4051 αὐτὸς,
1251 3986 1373 4040 οὔτε
1406 3988 1606 4051 ἰδόντος
1642 3987 1809 4057 ἥκου-

232 4092 355 4140 σας.
392 4076 602 4147 Νόησον
634 4076 764 4148 γὰρ,
800 4078 882 4130 ὅτι
911 4077 1047 4131 Θεοῦ
1077 4080 1229 4149 φωνὴ
1257 4078 1473 4149 φύσεώς
1503 4081 1620 4132 ὲστι
1653 4096 1812 4150 ποιηη

227 4168 387 4239 τικὴ,
423 4167 516 4221 καὶ
554 4167 617 4221 τὸ
645 4169 937 4239 γενόμενον
980 4170 1103 4222 τότε
1150 4173 1217 4242 τῇ
1276 4171 1451 4223 κτίσει
1484 4171 1811 4243 πρόσταγμα

228 4255 337 4326 τὴν
393 4256 529 4327 πρὸς
578 4256 642 4310 τὸ
694 4257 893 4330 ἐφεξῆς
941 4258 1262 4313 ἀκολουθίαν
1314 4263 1424 4323 τοῖς
1472 4257 1812 4331 κτιζομένοις

232 4347 567 4420 παρέσχετο.
611 4352 822 4421 Ἡμέρα
878 4351 970 4404 καὶ⁵
1034 4348 1131 4416 νὺξ
1175 4349 1320 4417 ἅπαξ
1369 4350 1809 4423 ὲδημιουργήθη,

231 4439 336 4493 καὶ
368 4437 430 4503 ἑξ
472 4438 677 4493 ἐκείνου
728 4441 820 4494 καὶ
866 4440 961 4494 νῦν
1005 4441 1242 4513 ἀλλήλας
1291 4441 1684 4513 διαδεχόμεναι,
1719 4442 1812 4496 καὶ

1883 601 2005 644 sunt
2028 593 2162 647 satis
2179 606 2300 648 esse
2334 595 2426 649 tibi
2463 610 2566 651 non
2600 593 2944 658 videbantur,
2991 606 3114 645 cum
3145 592 3454 647 diceremus

1883 681 2136 739 videlicet
2166 685 2669 753 vocetn,t'mvisibile,
2698 701 2805 739 noti
2832 694 3077 757 respectu
3111 694 3337 749 naturae,
3359 682 3453 738 sed

1887 787 2131 845 respectu
2156 777 2347 841 nostri,
2382 779 2452 832 ob
2473 795 2626 850 aqua-
2670 791 2871 836 terram
2905 793 3120 834 onmem
3166 786 3294 831 tunc
3320 790 3452 848 ope-

1887 868 2076 924 rientis
2107 866 2500 937 interpositum,
2519 873 2812 927 adhibitam
2842 867 3006 924 fuisse
3025 884 3087 922 ac
3120 877 3451 938 usurpatam.

1889 963 2026 1018 Ecce
2052 977 2196 1018 nunc
2239 963 2367 1017 audi
2412 964 2583 1033 ipsum
2617 963 2978 1035 Scripturam,
3003 964 3235 1032 seipsam
3273 961 3458 1032 expla-

1889 1068 2126 1119 nantem.
2151 1056 2542 1130 Congregentur
2572 1072 2743 1127 aqua,
2767 1068 2813 1111 et
2835 1066 3091 1128 appareat
3126 1054 3459 1136 arida.Cop-

1890 1152 2175 1208 trahuntur
2227 1151 2366 1218 vela,
2422 1160 2482 1205 ut
2521 1149 2764 1219 aspectui
2795 1163 2917 1203 sese
2950 1149 3173 1221 obiiciat
3223 1161 3307 1211 ea,
3339 1160 3458 1215 qua:

1889 1256 2048 1303 antea
2078 1260 2180 1301 non
2199 1248 2647 1319 conspiciebatur.
2674 1243 2947 1299 Fortassis
2984 1255 3155 1299 autem
3191 1242 3457 1314 quispiam

1890 1343 2017 1397 illttd
2040 1340 2203 1396 etiam
2237 1355 2433 1410 praner
2454 1341 2568 1396 [nec
2592 1334 2931 1406 inquisierit.
2953 1335 3188 1389 Primum
3218 1336 3456 1405 quidem,

1892 1450 1988 1489 cur
2022 1428 2163 1499 quod
2212 1442 2282 1482 ex
2315 1438 2508 1481 natura
2559 1424 2817 1493 competit
2846 1437 3023 1493 aqnze,
3072 1431 3131 1475 ιιι
3154 1422 3359 1476 scilicet
3390 1426 3457 1476 ad

1894 1525 2097 1580 declive
2126 1518 2350 1582 feratur,
2389 1517 2618 1586 idipsum
2667 1512 2871 1570 referat
2921 1512 3201 1582 Scriptura
3240 1510 3303 1563 ad
3335 1508 3460 1579 Opi-

1896 1617 2010 1670 ilcis
2056 1610 2361 1681 imperium.
2412 1608 2657 1677 Quandiu
2689 1606 2834 1661 enim
2879 1605 2933 1659 in
2984 1619 3140 1673 :equo
3194 1603 3463 1673 planoque

1896 1708 2009 1764 solo
2038 1706 2139 1761 sita
2168 1714 2252 1759 est
2286 1718 2442 1774 aqua,
2473 1700 2684 1757 stabilis
2716 1709 2817 1765 est,
2839 1697 3038 1770 quippe
3062 1698 3188 1764 quia
3223 1711 3328 1750 non
3361 1695 3461 1748 lia-

1896 1797 1988 1852 bet
2027 1810 2134 1865 quo
2163 1792 2398 1847 diffluat:
2448 1793 2541 1846 sed
2566 1801 2913 1863 posteaquam
2945 1787 3204 1844 declivem
3228 1786 3460 1851 aliquem

1895 1891 2071 1945 locum
2113 1895 2270 1941 nacta
2301 1894 2405 1953 est,
2431 1885 2612 1939 statim
2640 1893 2700 1938 ut
2728 1883 3036 1953 praecedens
3067 1888 3151 1935 est
3175 1878 3461 1941 concitata,

1894 1997 1956 2036 ea
1978 1994 2099 2051 qua:
2126 1978 2225 2049 ipsi
2254 1978 2511 2040 cohaeret,
2535 1977 2717 2032 sedem
2760 1975 2877 2046 ejus
2907 1990 3027 2044 quae
3064 1982 3205 2028 mota
3233 1979 3337 2035 cst,
3370 1985 3464 2025 oc-

1894 2083 2090 2141 cupat:
2134 2071 2279 2126 illius
2304 2070 2489 2125 itidem
2512 2068 2687 2124 locum
2738 2082 2801 2122 ea
2844 2082 2964 2136 qua:
2998 2065 3380 2135 consequitur:
3408 2072 3467 2118 et

1896 2166 1975 2221 sic
2004 2180 2219 2235 semper
2258 2164 2465 2234 aufugit
2512 2162 2730 2233 quidem
2758 2174 2879 2231 qua:
2930 2157 3208 2229 praecedit,
3242 2158 3467 2224 adurgtt

1895 2273 2024 2312 vero
2066 2272 2185 2325 quae
2212 2256 2543 2324 insequitur;
2573 2265 2623 2310 et
2652 2256 2887 2324 impetus
2931 2260 3078 2306 tanto
3114 2248 3170 2304 fit
3206 2248 3464 2314 velocior,

1895 2358 2095 2421 quanto
2119 2349 2347 2418 amplior
2391 2345 2553 2401 fuerit
2600 2348 2836 2415 gravitas
2861 2346 2981 2414 eius
3054 2358 3176 2413 quae
3201 2338 3465 2404 defertur,

1896 2441 2152 2508 lucusque
2178 2438 2245 2491 ad
2268 2450 2428 2506 quem
2460 2436 2519 2489 ilt
2542 2432 2727 2500 ﬂuxio,
2749 2434 2909 2489 fuerit
2935 2433 3263 2502 depressior.
3284 2429 3469 2501 Itaque

1897 2533 1941 2586 si
1974 2533 2084 2587 lucc
2111 2538 2195 2585 est
2222 2542 2375 2598 aqua!
2401 2535 2613 2592 natura,
2641 2535 2973 2596 praeceptum
3011 2525 3155 2594 quod
3183 2526 3351 2595 ipsam
3374 2524 3466 2594 ju-

1898 2623 1986 2674 bet
2024 2622 2075 2674 in
2100 2635 2260 2674 unam
2296 2620 2414 2689 cogi
2454 2617 2851 2684 collectionem,
2888 2616 3047 2671 inane
3074 2624 3157 2671 est
3192 2615 3377 2684 utique
3403 2628 3469 2667 ac

1898 2724 2374 2778 supervacaneum.
2433 2707 2569 2763 Nam
2620 2707 2870 2778 profecto
2927 2707 3166 2761 futurum
3216 2713 3339 2761 erat
3389 2715 3469 2771 ut,

1899 2805 2116 2868 propter
2152 2797 2448 2851 naturalem
2503 2812 2652 2851 suam
2681 2798 2748 2850 ad
2800 2796 2906 2850 ima
2954 2797 3371 2865 proclivitatem,
3404 2796 3470 2848 ad

1898 2891 2072 2945 locum
2106 2890 2341 2945 maxime
2368 2888 2605 2943 omnium
2642 2888 2904 2943 declivem
2958 2901 3153 2956 sponte
3204 2904 3298 2943 sua
3339 2903 3472 2943 con-

1899 2983 2150 3042 cederet.
2203 2991 2257 3036 et
2292 2996 2395 3035 non
2452 2980 2603 3049 prius
2654 2979 2867 3033 stabilis
2924 2985 3283 3046 permaneret,
3309 2992 3471 3047 quam

1899 3069 2013 3136 eius
2042 3080 2418 3139 exa'quarclur
2440 3068 2775 3137 superﬁcies.
2815 3067 2968 3123 Nulla
2998 3069 3141 3123 enim
3165 3077 3348 3125 exstat
3395 3083 3477 3122 re-

1830 3207 1871 3265 c
1901 3162 1989 3228 giu
2040 3174 2290 3228 peraque
2334 3160 2523 3230 plana,
2567 3174 2632 3215 ac
2676 3161 2787 3229 ipsa
2828 3170 2913 3215 est
2945 3173 3099 3243 aquae
3137 3158 3470 3229 superﬁcies.

1903 3254 2125 3320 Deinde,
2176 3254 2379 3324 inquiet
2406 3254 2545 3323 quis,
2580 3251 2845 3321 quomodo
2879 3252 3047 3321 jussu:
3072 3240 3207 3305 sunt
3234 3263 3389 3318 aquae
3423 3249 3474 3303 in

1903 3363 2063 3402 unam
2103 3361 2432 3402 concurrere
2458 3344 2852 3407 collectionem,
2884 3358 3007 3398 cum
3063 3341 3229 3396 multa
3261 3344 3479 3411 conspi-

1905 3442 2117 3495 ciantur
2156 3439 2360 3501 maria,
2410 3437 2748 3506 plurimoque
2807 3437 2949 3491 inter
2989 3449 3049 3491 se
3098 3435 3383 3490 intervallo
3414 3450 3478 3490 ac

1906 3537 2007 3590 situ
2039 3531 2349 3603 disparata?
2376 3531 2459 3587 Ad
2499 3532 2552 3587 id
2608 3532 2770 3603 igitur
2812 3530 2954 3603 quod
2987 3531 3162 3600 primo
3193 3529 3476 3599 quesitum

1905 3635 2013 3690 est,
2029 3625 2278 3689 dicimus,
2297 3623 2438 3689 quod
2463 3634 2516 3678 lu
2540 3626 2742 3694 optime
2757 3624 2975 3693 quidem
2997 3633 3116 3690 post
3139 3620 3475 3676 Dominicum

1906 3718 2191 3786 imperium
2236 3726 2437 3770 motum
2482 3730 2635 3785 aqua:
2677 3713 3013 3784 cognoveris,
3065 3727 3259 3783 aquam
3293 3710 3481 3767 videli-

1907 3818 1996 3865 cet
2054 3823 2271 3878 quoquo
2303 3821 2520 3861 versum
2566 3806 2755 3873 ﬂuere,
2810 3805 3224 3874 instabilemque
3257 3818 3399 3869 esse,
3425 3812 3483 3859 et

1908 3909 2098 3968 suapte
2135 3908 2324 3953 natura
2352 3899 2417 3952 ad
2444 3898 2648 3953 devexa
2665 3908 2719 3951 et
2751 3912 2986 3952 concava
3014 3897 3135 3952 loca
3165 3896 3354 3951 dilabi.
3373 3893 3480 3949 Sed

1909 3991 2035 4059 quid
2067 3990 2213 4061 prius
2250 3990 2543 4045 obtinuerit
2590 3991 2809 4056 virium,
2852 4000 2979 4044 ante
3024 3990 3282 4044 nimirum
3316 4002 3481 4059 quam

1911 4095 2101 4135 cursus
2138 4080 2225 4135 hic
2254 4084 2301 4135 ei
2331 4081 2434 4135 isto
2478 4090 2749 4150 praecepto
2800 4081 3191 4151 ingignerctur,
3222 4093 3318 4133 nec
3340 4079 3481 4134 nosti

1912 4172 2047 4238 ipse,
2097 4185 2197 4224 nec
2227 4185 2554 4239 quemquam
2606 4171 2697 4239 qui
2751 4170 2986 4233 ttOVcril,
3028 4170 3245 4222 audisti.
3293 4168 3481 4240 Cogita

1911 4261 2052 4315 enim
2084 4259 2176 4314 Dei
2234 4272 2420 4313 vocem
2472 4266 2678 4311 natura:
2714 4271 2837 4311 esse
2882 4256 3237 4319 eﬂ'ectricem,
3283 4271 3345 4309 ac
3389 4270 3484 4323 per

1911 4357 2235 4420 pvaaceptum
2293 4346 2444 4412 illud,
2476 4347 2621 4416 quod
2665 4357 2930 4401 creaturae
2981 4348 3163 4403 datum
3198 4356 3327 4399 tunc
3376 4354 3483 4408 est,

1913 4444 2127 4499 modum
2158 4458 2220 4497 ac
2237 4440 2480 4496 ordinem
2501 4440 2703 4496 creatis
2727 4441 2888 4495 rebus
2910 4440 2963 4494 in
2992 4438 3233 4493 futurum
3260 4436 3481 4507 imponi.

231 4531 363 4586 κατ’
394 4524 699 4603 ἰσομοιρίαν
744 4532 1120 4604 διαιρούμεναι
1148 4533 1240 4586 τὸν
1269 4533 1457 4605 χρόνον
1484 4533 1586 4586 ούκ
1606 4532 1801 4604 ἀπολή-

1917 4536 2108 4589 Creata
2153 4542 2279 4587 sunt
2307 4532 2452 4586 enim
2482 4529 2651 4585 semel
2672 4532 2787 4585 dies
2809 4540 2863 4584 et
2901 4544 3044 4593 nox;
3078 4539 3130 4583 et
3156 4544 3222 4583 ex
3252 4528 3342 4583 illo
3368 4544 3487 4581 mo-

231 4640 451 4694 γουσιν.

312 4807 367 4862 5.
410 4806 767 4877 Συναχθήτω
780 4807 853 4862 τὰ
879 4806 1086 4862 ὕδατα.
1125 4806 1445 4879 Ἐκελεύσθη
1473 4808 1683 4880 τρέχειν
1711 4806 1816 4861 τῶν

235 4899 499 4969 ὑδάτωνή
537 4898 695 4968 φύσις
734 4898 866 4971 (71),
900 4900 995 4954 καὶ
1031 4899 1285 4953 οὐδέποτε
1310 4899 1509 4971 κάμνει
1539 4897 1616 4970 τῷ
1650 4914 1816 4964 προσ-

233 4994 490 5063 τάγματι
552 4992 743 5064 ἐκείνῳ
779 4992 1256 5065 κατασπευδομένη
1317 4990 1597 5064 διηνεκῶς.
1648 4989 1817 5043 Τοῦτο

235 5085 300 5140 δὲ
344 5082 510 5153 λέγω,
542 5084 677 5155 προς
706 5085 804 5155 τὴν
851 5085 1016 5157 ρυτὴν
1054 5082 1274 5156 ἀφορῶν
1317 5082 1429 5138 τῶν
1463 5082 1669 5137 ὑδάτων
1702 5082 1817 5152 μοῖ-

239 5196 368 5251 ραν.
390 5175 473 5230 Τὰ
500 5177 598 5246 μὲν
627 5178 735 5247 γὰρ
765 5178 1044 5249 αὐτόματα
1084 5181 1187 5250 ρεἰ,
1218 5171 1328 5232 οἷον
1357 5177 1424 5233 τά
1468 5178 1704 5247 κρηναῖα
1726 5173 1820 5228 καὶ

234 5265 312 5319 τὰ
340 5267 616 5336 ποτάμια·
644 5265 715 5323 τὰ
742 5265 799 5319 δὲ
846 5266 1207 5339 συλλογιμαῐά
1232 5268 1349 5321 ἐστι
1396 5267 1490 5320 καὶ
1517 5265 1818 5335 ἁπόρευτα.

251 5355 401 5411 Ἀλλ’
432 5357 556 5423 ἐμοὶ
589 5356 684 5411 νῦν
714 5359 843 5428 περὶ
875 5358 985 5413 τῶν
1009 5358 1326 5430 ὁρμητικῶν
1360 5358 1565 5413 ὑδάτων
1590 5360 1619 5411 ό
1642 5356 1818 5424 λόγος.

321 5604 433 5680 (αξξ)
456 5605 593 5680 ξιςιε.
632 5618 817 5680 senas
837 5608 1071 5680 ειρηταρς

319 5675 433 5748 (69)
462 5675 819 5751 Sichuinqne
849 5675 980 5751 niss.
1034 5678 1173 5733 Editi
1219 5679 1389 5751 τύχοι.
1422 5679 1540 5733 Mox
1585 5690 1823 5745 quatuor

246 5745 530 5822 mss-ucth
558 5745 1045 5822 Bodl.__psrappuﬁ.
1073 5751 1229 5822 bene.
1268 5745 1403 5822 βῐιιιί
1443 5753 1714 5822 μεταρῤῇ.

320 5815 593 5890 (10)Reg.
650 5815 859 5888 priiuus
884 5815 1022 5875 'c'utn'
1054 5820 1298 5877 Uotnbef.
1338 5815 1529 5891 ὃτιτὶερ
1562 5815 1822 5892 ιιὲέρῖρρε⁴

1916 4629 2094 4675 mento
2121 4619 2281 4673 etiam
2330 4632 2472 4671 nunc
2514 4616 2613 4670 sibi
2666 4615 2899 4669 invicem
2949 4616 3272 4679 succedere,
3325 4630 3389 4668 ac
3433 4615 3487 4669 itt

1915 4723 2093 4783 partes
2128 4710 2363 4781 :cquales
2391 4719 2598 4779 tempus
2630 4706 2872 4762 dividere
2904 4724 3007 4763 tton
3035 4707 3311 4761 desinunt.

1984 4805 2037 4861 5.
2066 4802 2454 4873 Congregeutur
2476 4818 2648 4872 aquae.
2688 4798 2846 4857 Iussa
2869 4808 2951 4854 est
2981 4812 3201 4854 currere
3226 4813 3489 4867 aquarum

1916 4910 2130 4964 natura,
2166 4914 2264 4953 nec
2292 4914 2526 4969 unquam
2562 4906 2834 4967 praecepto
2872 4895 2965 4950 illo
2991 4910 3108 4950 eam
3139 4909 3353 4964 semper
3399 4910 3490 4949 ur-

1921 5003 2078 5063 gente
2115 4991 2393 5060 fatigatur.
2430 4987 2542 5042 Hoc
2565 4995 2747 5042 autem
2788 4986 2926 5050 dico,
2957 4986 3025 5042 ad
3054 4985 3273 5039 ﬂuidam
3316 4999 3493 5055 aqua-

1924 5099 2041 5138 rum
2097 5093 2302 5139 sortem
2359 5081 2679 5150 respiciens.
2723 5079 2857 5134 Alite
2896 5078 3115 5149 quidem
3156 5092 3252 5133 sua
3300 5086 3495 5147 sponte

1925 5175 2114 5239 linunt,
2140 5173 2440 5244 cuiusmodi
2467 5182 2592 5227 sunt
2620 5171 2854 5227 fontanae
2910 5181 2965 5227 et
3011 5168 3333 5225 ﬂuviatiles:
3373 5168 3495 5224 alite
3535 5232 3537 5235 1

1924 5272 2051 5321 vero
2083 5275 2212 5321 sunt
2254 5265 2556 5320 collectitize
2589 5271 2645 5319 et
2674 5263 2917 5318 stabiles.
2972 5262 3131 5333 Atqui
3163 5277 3305 5316 nunc
3360 5262 3493 5315 mibi

1925 5373 2104 5413 sermo
2132 5366 2216 5413 est
2240 5361 2305 5413 de
2338 5356 2491 5427 aquis
2522 5357 2723 5424 impetu
2753 5356 2984 5425 quodam
3009 5356 3314 5409 commotis.
3339 5351 3495 5406 Coa-

1925 5608 2046 5673 πές.
2071 5606 2203 5679 Reg.
2231 5609 2421 5664 tertius
2444 5609 2525 5662 ὅτι
2563 5605 2863 5679 διεῤῥεπές.
2889 5604 3088 5679 Ibidem
3124 5603 3274 5658 deest
3302 5602 3415 5655 ἐστι
3440 5602 3491 5656 iu

1925 5680 2087 5734 editis
2116 5695 2131 5732 :
2159 5676 2251 5732 sed
2275 5681 2544 5739 reperitur
2584 5676 2791 5732 in'iitss.
2827 5676 3099 5730 utnuibus.

1982 5748 2110 5834 .(7!)
2143 5749 2282 5807 Editi
2312 5749 2518 5805 ὑδάτων
2548 5748 2729 5819 φύσις.
2766 5748 2834 5802 At
2866 5761 2995 5801 mss,
3043 5744 3191 5801 tnulti
3222 5743 3427 5799 ὑδάτων
3460 5743 3498 5816 ἡ

1926 5836 2106 5889 φύσις.
