4060 6316
650 362 718 416 85
2003 371 2060 427 S.
2103 369 2222 422 ΒΑΕ

2332 366 2350 420 l
2388 366 2602 422 MACNI
3825 362 3886 416 Si

645 489 924 559 grcgentur
954 498 1106 550 aqua
1147 499 1201 535 ιη
1251 486 1702 556 congregationem
1729 503 1910 539 unam.
1947 487 2083 541 Num
2127 503 2222 540 ttu-

2329 485 2688 552 Συνιιχθήτω
2708 484 2777 537 τὰ
2805 483 2991 537 ὕδατα
3018 485 3103 546 εἰς
3125 480 3661 550 συναγωγὴν-’μίἀν.
3681 481 3746 533 Εἰ
3766 483 3887 532 ποτε

645 587 804 638 quam
833 573 923 626 tibi
952 584 1170 642 propter
1197 574 1301 644 35
1341 576 1540 630 fontem
1567 593 1761 647 aquam
1787 579 2062 646 copiosam
2103 593 2226 646 ege-

646 674 849 718 rentem
873 666 1035 720 stanti
1066 666 1257 721 insedit
1279 667 1554 737 cogitatio,
1575 671 1694 739 quis
1717 686 1781 723 ex
1803 680 1960 726 terra:
1983 673 2106 726 sinu
2129 671 2228 723 im-

648 757 806 825 pellat
835 758 978 810 illam
1019 761 1257 827 aquam?
1301 763 1424 829 quis
1475 765 1646 834 ipsam
1677 763 1904 820 ulterius
1931 764 2224 829 adurgeat?

646 849 822 917 qualia
871 849 975 904 sint
1005 854 1368 921 promptuaria
1413 857 1552 908 unde
1579 857 1864 923 procedit?
1897 860 2018 926 quis
2044 859 2116 909 sit
2151 857 2226 908 lo-

646 956 742 993 cus
786 943 851 995 ad
879 957 1037 1011 quem
1078 943 1335 998 festinat?
1358 947 1626 1015 quomodo
1670 950 1886 1002 tandem
1909 962 2081 1017 neque
2114 949 2226 1001 lnrc

646 1034 923 1099 deiiciant,
952 1051 1122 1104 neque
1141 1036 1227 1089 illa
1251 1039 1604 1106 expleantur?
1632 1037 1824 1095 lsthmc
1847 1058 1910 1094 ex
1931 1043 2104 1108 prima
2136 1041 2222 1094 illa

645 1139 778 1180 voce
803 1128 1125 1196 dependent.
1147 1128 1273 1184 Inde
1291 1131 1508 1184 incitata
1527 1145 1667 1198 aqua
1694 1135 1853 1186 estad
1875 1134 2221 1186 currendum.

657 1217 739 1270 Ad
785 1233 1004 1272 onmem
1045 1235 1307 1288 aquarum
1367 1221 1667 1286 historiam,
1724 1224 1908 1292 prima:
1963 1224 2102 1277 illius
2132 1238 2225 1276 νο-

659 1309 758 1374 cis,
785 1309 1174 1382 Congregentur
1200 1327 1368 1380 aqum,
1391 1328 1596 1366 memor
1622 1325 1758 1368 esto.
1782 1313 2074 1381 Oportebat
2108 1329 2219 1379 eas,

658 1411 716 1455 nt
745 1404 1016 1471 proprium
1053 1403 1222 1455 locum
1257 1415 1604 1472 occuparent,
1652 1407 1983 1472 decurrere;
2033 1407 2222 1462 deinde

648 1492 794 1560 ipsas
825 1494 875 1545 in
905 1493 1120 1546 statutis
1155 1493 1284 1548 locis
1341 1503 1576 1561 coactas,
1637 1498 1691 1551 in
1741 1497 1937 1566 seipsis
1981 1513 2220 1565 manere,

649 1601 749 1639 nec
785 1585 1010 1641 ulterius
1036 1589 1302 1656 progredi.
1340 1587 1679 1660 Quapropter
1736 1594 2030 1644 secundum
2083 1592 2220 1647 hanc

647 1677 985 1732 Ecclesiastze
1018 1679 1363 1744 sententiam,
1401 1679 1590 1734 Omnes
1622 1691 1870 1735 torrentes
1919 1684 2110 1735 vadunt
2165 1684 2220 1737 in

646 1786 809 1835 mare,
834 1782 881 1824 et
935 1787 1078 1824 mare
1111 1788 1214 1825 non
1269 1782 1342 1826 est
1381 1773 1645 1839 impletum
1673 1774 1739 1826 “.
1779 1775 1907 1827 Nam
1947 1787 2001 1828 et
2050 1774 2220 1830 fluunt

647 1878 805 1926 aquae
834 1863 885 1916 vi
920 1863 1085 1917 divini
1122 1864 1393 1932 przccepti,
1425 1874 1479 1918 et
1510 1865 1678 1919 tuaris
1713 1867 1850 1920 intra
1883 1881 2008 1921 suos
2033 1871 2217 1922 termi-

649 1968 748 2008 nos
778 1955 1204 2022 ciroumscriptio
1229 1971 1256 2008 a
1289 1955 1458 2024 prima
1500 1957 1631 2027 legis
1663 1959 1944 2012 sanctione
1970 1962 2170 2029 pendet
2203 1980 2217 2016 :

648 2044 1036 2116 Congregentur
1067 2064 1216 2118 aqua?
1265 2049 1318 2102 in
1347 2051 1792 2119 congregationem
1848 2066 2028 2106 unam.
2060 2052 2128 2108 Ut
2156 2069 2222 2108 ne

647 2136 890 2192 diﬂluens
916 2153 1072 2209 aqua,
1106 2140 1156 2193 in
1195 2143 1438 2208 regiones
1469 2143 1637 2210 ipsam
1665 2143 2000 2214 excipientes
2026 2144 2217 2210 effusa,

648 2230 1044 2298 transgrediens
1075 2245 1309 2296 semper,
1328 2243 1487 2300 atque
1511 2233 1644 2288 alias
1674 2244 1795 2304 post
1821 2235 1954 2290 alias
1978 2239 2218 2303 explens,

647 2335 858 2375 omnem
889 2330 1084 2374 terram
1133 2326 1496 2379 continentem
1533 2327 1836 2388 iuundaret.
1876 2331 2026 2396 jussa
2054 2342 2134 2385 est
2168 2334 2217 2383 iu

648 2427 809 2465 unam
872 2418 1345 2486 congregationem
1391 2420 1584 2489 colligi.
1635 2421 1715 2476 Ob
1751 2422 1801 2474 id
1852 2438 2222 2491 saepenumero

647 2505 1030 2562 vetitis-.furens
1064 2525 1230 2573 mare,
1254 2521 1304 2565 et
1332 2526 1438 2579 prro
1478 2512 1723 2565 (luctibus
1747 2513 1796 2565 iu
1827 2515 2112 2568 maximam
2142 2517 2220 2568 al-

648 2591 932 2653 titudinem
982 2616 1297 2671 exsurgens,
1335 2605 1418 2656 ubi
1462 2603 1637 2655 littora
1689 2605 1860 2657 solum
1897 2607 2090 2675 attigit,
2133 2608 2224 2660 im-

649 2699 772 2756 petu
825 2689 876 2742 in
932 2706 1174 2757 spumam
1213 2692 1504 2754 dissoluto,
1539 2694 1842 2750 revertitur.
1869 2695 1950 2749 An
1997 2715 2076 2750 me
2123 2716 2224 2751 non

648 2777 913 2840 timebitis,
939 2780 1066 2832 dicit
1101 2780 1373 2846 Dominus,
1407 2786 1495 2851 qui
1524 2788 1672 2849 posui
1705 2803 1917 2840 arenam
1951 2791 2222 2845 terminum

647 2870 785 2921 mari
817 2868 860 2899 ⁸³
891 2869 915 2922 ?
943 2868 1086 2924 Mare
1129 2872 1280 2940 cujus
1324 2873 1570 2928 violentia
1608 2875 1735 2930 ferri
1779 2893 1882 2932 non
1925 2891 2130 2947 potest,
2169 2899 2224 2936 re

649 2959 888 3012 omnium
927 2960 1308 3016 invalidissima
1333 3004 1347 3027 ,
1377 2979 1537 3020 arena
1583 2967 1784 3023 scilicet
1825 2970 2125 3025 refrenatur
2164 2989 2226 3025 ac

650 3061 945 3103 coercetur.
1001 3053 1208 3122 Alioqui
1250 3056 1375 3122 quid
1412 3058 1738 3124 prohiberet
1787 3074 1934 3114 mare
1987 3060 2223 3116 Rubrum

2330 595 2410 629 σοι
2457 577 2550 630 ἐπὶ
2601 577 2810 648 κρήνης
2852 575 3046 629 ἑστῶτι
3090 575 3320 644 ἄφθονον
3365 573 3507 642 ὕδωρ
3548 575 3886 641 ἀναδιδούσης

2326 669 2502 724 ἔννοια
2528 671 2764 738 ἐγένετο,
2792 671 2873 733 τίς
2899 668 2926 718 6
2968 667 3124 719 ὠθῶν
3171 671 3234 721 ἐκ
3259 667 3364 720 τῶν
3395 665 3631 733 λαγόνων
3664 668 3764 736 τῆς
3794 665 3888 733 γῆς

2327 761 2484 814 τοῦτο
2520 763 2632 832 (72)
2671 761 2731 813 τὸ
2763 761 2938 832 semp;
2974 758 3056 820 τίς
3098 761 3125 810 6
3167 761 3401 828 ἐπείγων
3431 757 3522 811 ἐπὶ
3569 756 3636 808 τὰ
3669 762 3886 829 etpost»;

2325 857 2455 907 ποῖα
2500 857 2699 924 ταμεῖσ.
2743 851 2864 904 ὅθεν
2915 850 3268 922 προέρχεται;
3313 853 3393 915 τίς
3436 853 3462 903 ὁ
3513 851 3676 910 τόπος
3730 850 3888 916 ἐφ’ὃ-ι

2328 949 2605 1015 ἐπείγεται
2627 965 2639 1010 ;
2673 945 2787 1008 πῶς
2812 946 2906 998 καὶ
2935 943 3106 998 ταῦτα
3133 943 3232 994 οὐκ
3250 943 3489 996 ἐκλείπει
3509 945 3642 1015 (75).
3671 942 3890 995 κάκεῖνα

2325 1041 2424 1091 οὐκ
2448 1038 2862 1107 ἁποπίμπλαται
2881 1055 2895 1101 ;
2915 1037 3096 1091 Ταῦτα
3115 1037 3212 1106 τῆς
3235 1034 3452 1104 πρώτης
3483 1038 3698 1105 ἐκείνης
3717 1035 3889 1103 φωεὴς

2324 1132 2574 1202 ἤρτηται.
2608 1129 2957 1183 Ἐκεῖθεντοῦ
2985 1131 3194 1200 τρέχειν
3227 1127 3302 1197 τῷ
3337 1127 3487 1179 ὕδατι
3518 1132 3577 1182 τὸ
3601 1128 3887 1196 ἐνδόσιμον.

2323 1224 2476 1276 Κατὰ
2510 1223 2687 1274 πᾶσαν
2735 1222 2972 1292 ἱστορίαν
3000 1223 3226 1287 ὑδάτων,
3263 1221 3505 1292 μέμνησο
3541 1224 3640 1290 τῆς
3676 1219 3892 1293 πρώτης

2328 1317 2530 1385 φωνῆς·
2562 1319 2606 1367 Σ
2614 1314 2922 1384 υναχθήτω
2958 1313 3028 1364 τὰ
3059 1314 3265 1369 ὕδατα.
3299 1313 3442 1367 Ἔδει
3464 1312 3696 1382 δραμεῖν
3737 1313 3889 1373 αὐτὰ,

2325 1409 2411 1460 ἵνα
2435 1406 2529 1476 τὴν
2557 1407 2762 1459 οἰκείαν
2792 1405 3067 1476 καταλάϐῃ
3103 1404 3211 1473 (74)
3240 1405 3438 1476 χώραν·
3479 1401 3594 1456 εἶτα
3629 1408 3894 1476 γενόμενα

2323 1506 2378 1555 ἐν
2405 1503 2516 1563 τοῖς
2539 1501 2943 1572 ἀφωρισμένοις
2975 1497 3178 1560 τόποις,
3219 1498 3396 1566 μένειν
3423 1499 3505 1565 ἐφ’
3537 1497 3770 1560 ἑαυτῶν,
3809 1500 3895 1550 καὶ

2325 1596 2397 1666 μὴ
2428 1595 2623 1664 χωρεῖν
2668 1591 2994 1662 περαιτέρω.
3034 1590 3128 1642 Διὰ
3162 1589 3336 1653 τοῦτο,
3364 1591 3503 1644 κατὰ
3535 1589 3627 1641 τὸν
3663 1589 3759 1640 τοῦ
3791 1591 3894 1659 (75)

2334 1682 2755 1752 Ἑκκληὰιαστοῦ
2794 1681 2970 1747 λόγον,
3004 1679 3229 1742 Πάντες
3245 1680 3298 1730 οἱ
3330 1679 3627 1747 χείμαρῤοι
3662 1677 3761 1728 ἐπὶ
3791 1679 3898 1743 τὴν

2322 1778 2636 1828 θάλασσαν
2667 1772 3037 1839 πορεύονται,
3089 1769 3184 1822 καὶ
3215 1769 3251 1836 ι)
3282 1768 3558 1824 θάλασσα
3587 1771 3700 1823 οὐκ
3733 1768 3900 1821 ἔστιν

2319 1865 2800 1938 ἐμπιμπλαμένη.
2842 1863 3057 1934 Ἐπειδὴ
3092 1863 3182 1916 καὶ
3217 1862 3278 1913 τὸ
3329 1865 3440 1932 ῥεῖν
3468 1867 3576 1926 τοῖς
3606 1864 3763 1916 ὕδασι
3817 1861 3897 1913 διὰ

2320 1960 2380 2013 τὸ
2407 1959 2544 2012 θεῖον
2581 1959 2927 2028 πρόσταγμα,
2980 1957 3071 2008 καὶ
3111 1955 3169 2006 τὸ
3203 1954 3332 2006 εἴσω
3369 1955 3476 2008 τῶν
3505 1958 3647 2026 ὅρων
3677 1969 3896 2024 περιγε-

2321 2052 2560 2124 γράφθαι
2599 2050 2710 2120 (76)
2737 2049 2836 2119 τὴν
2868 2049 3159 2109 θάλασσαν,
3193 2047 3327 2105 ,ἀπὸ
3359 2049 3457 2119 τῆς
3507 2049 3733 2119 πρώτης
3790 2049 3897 2098 ἐστὶ

2318 2140 2661 2211 νομοθεσίας*
2711 2139 3072 2209 Συναχθήτω
3101 2136 3170 2189 τὰ
3199 2137 3386 2191 ὕδατα
3415 2141 3501 2203 εὶς
3536 2138 3897 2207 συναγωγὴν

2311 2233 2479 2301 μίαν.
2501 2233 2618 2282 Ἵνα
2649 2229 2722 2300 μὴ
2739 2230 2799 2284 τὸ
2828 2227 3080 2302 ἐπιρρέον
3112 2227 3276 2300 ὕδωρ,
3303 2228 3408 2280 τῶν
3436 2229 3745 2298 δεχομένων
3776 2231 3899 2282 αὐτὸ

2319 2324 2531 2395 χωρίων
2579 2324 2997 2394 ὑπερχεόμενον,
3029 2322 3374 2390 μετεκδαῖνον
3408 2321 3491 2371 ἀεὶ
3542 2321 3640 2370 καὶ
3675 2319 3814 2372 ἄλλα
3846 2323 3896 2385 ἐξ

2320 2416 2493 2469 ἄλλων
2535 2415 2796 2488 πληροῦν,
2861 2415 3038 2466 πᾶσαν
3086 2414 3225 2467 κατὰ
3276 2412 3332 2463 τὸ
3383 2411 3600 2480 συνεχὲς
3631 2411 3896 2484 ἐπικλύση

2320 2509 2417 2580 τὴν
2447 2509 2694 2579 ἧπειρον,
2754 2504 3046 2574 ἐκελεύσθη
3090 2503 3414 2572 συναχθῆναι
3449 2505 3527 2566 εἰς
3578 2505 3894 2574 συναγωγὴν

2325 2600 2474 2668 μίαν.
2528 2599 2625 2651 Διὰ
2675 2597 2831 2649 τοῦτο
2881 2595 3179 2665 μαινομένη
3237 2593 3494 2656 πολλάκις
3526 2595 3586 2658 ἐξ
3615 2596 3893 2666 ἀνέμωνὴ

2323 2692 2587 2752 θάλασσα,
2624 2691 2715 2742 καὶ
2772 2690 2850 2751 εἰς
2891 2688 3023 2757 ὕψος
3062 2688 3313 2757 μέγιστον
3369 2687 3760 2758 διανισταμένη
3793 2693 3895 2751 τοῖς

2323 2782 2581 2851 κύμασιν,
2635 2778 2850 2831 ἐπειδὰν
2898 2777 3057 2847 μόνον
3087 2776 3191 2830 τῶν
3245 2776 3506 2845 αἰγιαλῶν
3548 2778 3781 2848 ἅψηται,
3824 2779 3895 2839 εἰς

2326 2873 2500 2942 ἀφρὸν
2547 2870 2845 2924 διαλύσασα
2896 2871 2994 2941 τὴν
3047 2871 3222 2942 ὁρμὴν
3281 2870 3598 2939 ἐπανῆλθεν.
3675 2873 3749 2925 ’Ἡ
3801 2872 3896 2940 ἐμὲ

2323 2966 2395 3018 οὐ
2447 2962 2560 3035 (77)
2588 2961 3028 3032 φοϐηθήσεσθε,
3060 2962 3219 3031 λέγει
3265 2964 3498 3030 Κύριος,
3531 2963 3640 3016 τὸν
3667 2962 3894 3016 τιθέντα

2324 3054 2517 3124 ἅμμον
2533 3053 2697 3121 ὅριον
2718 3051 2790 3121 τῇ
2817 3052 3096 3120 θαλάσσῃ
3126 3069 3143 3114 ;
3176 3053 3264 3121 Τῷ
3279 3055 3658 3124 ἀσθενεστάτῳ
3683 3055 3893 3107 πάντων

651 3154 860 3194 omnem
894 3141 1181 3212 Egyptum
1205 3160 1260 3198 se
1292 3146 1403 3212 ipso
1436 3147 1806 3202 demissiorem
1835 3151 2088 3206 invadere
2109 3156 2188 3213 ,ci
2208 3185 2222 3194 -

2325 3151 2390 3216 τῇ
2411 3148 2678 3217 ψάμμῳή
2722 3149 2838 3207 ταῖς
2871 3147 3012 3214 βίαις
3047 3146 3318 3215 ἀφόρητος
3369 3146 3702 3214 χαλινοῦνται.
3749 3148 3894 3199 Ἐπεὶ

653 3247 756 3300 que
780 3233 1137 3304 pelago,quod
1168 3234 1401 3307 JEgypto
1427 3237 1633 3306 adjacet
1661 3239 1928 3311 conjungi,
1955 3242 2053 3296 nisi
2083 3243 2226 3298 esset

653 3325 957 3379 Conditoris
976 3338 1239 3396 praecepto
1260 3329 1567 3398 alligatum?
1587 3327 1720 3384 Nam
1751 3332 1840 3401 qui
1877 3334 2042 3388 maria
2066 3333 2229 3405 Em-

651 3416 889 3485 ptiacum
922 3431 974 3472 et
1001 3419 1263 3483 Indicum,
1297 3422 1346 3474 in
1381 3436 1484 3489 quo
1508 3432 1590 3476 est
1613 3439 1759 3478 mare
1795 3424 2058 3489 Rubrum,
2091 3427 2229 3482 inter

650 3522 710 3560 se
743 3509 1074 3578 conjungere
1129 3512 1430 3571 voluerunt.
1463 3513 1496 3564 ii
1529 3512 1820 3583 Egyptum
1881 3521 2015 3570 mari
2046 3518 2229 3575 Rubro

653 3601 1020 3656 demissiorem
1048 3616 1168 3656 esse
1201 3605 1356 3658 nobis
1388 3605 1564 3672 rcipsa
1590 3618 1990 3672 persuaserunt.
2023 3610 2226 3675 Quam-

653 3697 838 3748 obrem
862 3696 1118 3750 destitere
1152 3695 1219 3749 ab
1252 3699 1467 3767 incepto
1511 3696 1798 3768 Egyptius
1819 3699 1907 3754 ille
1939 3698 2224 3767 Sesostris,

652 3786 744 3853 qui
779 3787 830 3839 id
859 3803 1142 3857 aggressus
1170 3799 1253 3844 est
1282 3792 1506 3858 primus,
1536 3802 1762 3860 tumque
1791 3792 1984 3847 Darius
2017 3793 2223 3857 Medus,

651 3877 741 3944 qui
771 3879 870 3931 hoc
902 3878 1073 3947 ipsum
1121 3883 1378 3948 perlicere
1414 3883 1466 3935 in
1500 3885 1736 3936 animum
1767 3884 2071 3940 induxerat.
2100 3884 2224 3940 Haec

651 3982 684 4021 a
717 3982 802 4022 me
829 3968 969 4022 dicta
998 3981 1141 4034 sunt,
1171 3981 1229 4025 ut
1276 3973 1382 4026 vim
1415 3983 1576 4042 atque
1608 3971 1901 4028 efﬁcaciam
1955 3976 2223 4046 intelliga-

653 4073 774 4112 mus
831 4059 991 4124 illius,
1040 4061 1429 4133 Congregentur
1461 4082 1610 4135 aqua:
1663 4066 1718 4119 in
1773 4069 2225 4137 congregationem

653 4165 834 4203 unam.
865 4151 974 4206 Hoc
998 4163 1098 4220 est,
1126 4156 1242 4207 Alia
1278 4165 1397 4223 post
1429 4158 1566 4211 hanc
1614 4160 1962 4228 congregatio
2006 4160 2226 4214 minime

654 4241 747 4293 ﬁat
767 4280 781 4304 ,
817 4243 908 4296 sed
940 4246 989 4298 id
1017 4249 1158 4314 quod
1189 4247 1472 4302 collectum
1503 4249 1602 4313 est,
1626 4249 1676 4302 in
1707 4251 1878 4318 prima
1910 4250 2224 4305 collectione

654 4343 980 4400 permaneat.

730 4607 778 4658 ι.
827 4607 1025 4662 Deinde
1076 4609 1166 4678 qui
1220 4625 1384 4678 aquas
1433 4609 1566 4664 dixit
1615 4611 1929 4680 congregari
1965 4611 2016 4666 in
2053 4627 2213 4666 unam

728 4742 771 4773 "
804 4741 981 4796 Eccle.
1015 4759 1053 4806 ι,
1093 4743 1142 4797 7.
1224 4743 1268 4774 ⁸³
1305 4742 1414 4798 Jer.
1445 4760 1497 4806 ν,
1530 4743 1621 4799 2‘3.

755 4875 840 4945 72)
863 4875 936 4928 lta
961 4890 1091 4930 mss.
1127 4877 1398 4945 permulti.
1434 4878 1594 4933 Deest
1614 4879 1771 4933 τοῦτο
1800 4881 1851 4934 in
1879 4880 2061 4934 editis.

755 4875 840 4926 72)
863 4875 936 4928 lta
961 4890 1091 4930 mss.
1127 4877 1398 4945 permulti.
1434 4878 1594 4933 Deest
1614 4879 1771 4933 τοῦτο
1800 4881 1851 4934 in
1879 4880 2061 4934 editis.

731 4874 839 5020 (75)
869 4947 945 4999 lta
975 4947 1192 5015 plurimi
1226 4963 1356 5002 mss.
1393 4950 1536 5003 Editi
1561 4967 1683 5005 cum
1716 4950 1850 5020 Reg.
1894 4952 2054 5004 tertio
2094 4953 2219 5005 ἐπι.

655 5017 856 5070 λείπει.

731 5087 842 5164 (74)
872 5085 1004 5164 Reg.
1036 5098 1228 5142 sextus
1246 5087 1573 5164 καταλάϐοι.
1599 5090 1892 5161 Aliquanto
1928 5099 2050 5160 post
2085 5097 2220 5164 Reg.

656 5157 863 5230 pri_m_l_is
893 5158 966 5230 μὴ
998 5162 1316 5230 συγχωρεῖν.

728 5226 840 5296 (75)
879 5229 969 5280 Sic
1002 5226 1131 5284 mss.
1165 5226 1356 5282 nostri.
1399 5230 1558 5284 Deest
1581 5231 1676 5283 τοῦ
1702 5233 1752 5284 in
1783 5233 2018 5295 editione
2042 5233 2220 5290 Paris.

657 5297 866 5364 Anglici
910 5298 1130 5373 quidam
1178 5301 1227 5352 in
1288 5300 1466 5373 Duca’i
1517 5302 1659 5355 notis
1706 5299 2219 5373 Ἐκκλησιαστικοῦ,

657 5376 846 5442 contra
871 5371 1249 5421 auctoritatem
1287 5369 1549 5422 librorum
1586 5382 1694 5424 tum
1722 5369 2073 5442 excusorum,
2109 5385 2220 5429 tum

661 5438 868 5490 calamo
893 5449 1262 5490 exaratorum.
1482 5465 1484 5467 -

729 5506 842 5581 (ἷρ)
867 5505 957 5581 S_ic
983 5509 1220 5575 quinque
1253 5523 1384 5581 mss.
1414 5507 1557 5581 Editi
1583 5511 2046 5581 περιγράφεσθαι.

732 5576 845 5652 (77)
887 5576 1269 5652 Βεεηιιυίηιιιε
1292 5579 1339 5629 εξ
1365 5579 1578 5652 ἐμὲ-οὺ.
1607 5576 1857 5652 ιΧΧ”μῆ
1883 5585 1981 5652 ἐμὲ
2002 5585 2083 5637 οὐ.
2108 5583 2226 5637 Sta-

663 5649 758 5699 tlm
777 5647 917 5724 Λίξος.
953 5647 1169 5714 quintus
1194 5649 1318 5718 ὅρια
1337 5651 1440 5724 τῇ.-
1459 5650 1576 5704 Mox
1595 5652 1757 5704 editio
1786 5647 1956 5724 Paris.
1986 5652 2226 5724 χαλινοῦ-

661 5734 750 5772 ται
774 5715 1019 5789 θάλασσα
1051 5733 1064 5770 :
1091 5733 1209 5786 quae
1230 5715 1332 5789 τοι
1359 5715 1600 5774 θάλασσα
1634 5723 1900 5789 reperitur
1925 5715 2140 5786 quidem
2175 5726 2223 5775 in

666 5787 904 5858 Anglicis
931 5788 1086 5844 libris
1130 5803 1144 5841 :
1182 5788 1274 5845 sed
1310 5791 1464 5846 deest
1500 5795 1552 5847 in
1609 5787 1836 5862 utroque
1887 5795 2019 5850 Duc.
2072 5806 2125 5850 et
2173 5796 2224 5849 in

2327 3239 2379 3292 τί
2409 3239 2612 3291 ἐκώλυε
2655 3238 2751 3307 τὴν
2799 3235 3060 3306 Ἐρυθρὰν
3097 3236 3366 3288 θάλασσαν
3400 3239 3578 3288 πᾶσαν
3603 3237 3704 3306 τὴν
3733 3237 3892 3304 Αῐγυ-

2328 3347 2458 3382 πτον
2481 3328 2790 3400 κοιλοτέραν
2819 3323 2982 3380 οὖσαν
3001 3329 3197 3397 ἑαυτῆς
3225 3326 3488 3390 ἐπελθεῖν,
3511 3327 3605 3379 καὶ
3627 3327 3894 3397 συναφθῆ-

2326 3438 2413 3474 ναι
2433 3419 2510 3490 τῷ
2543 3417 2929 3490 παρακειμένῳ
2956 3421 3021 3488 τῇ
3071 3417 3329 3488 Αἰγύπτῳ
3361 3418 3608 3486 πελάγει,
3633 3422 3682 3472 εί
3720 3421 3794 3492 μὴ
3823 3421 3894 3490 τῷ

2330 3513 2710 3586 προστάγματι
2759 3508 2826 3583 ἦν
2886 3510 3233 3582 πεπεδημένη
3281 3511 3373 3563 τοῦ
3423 3511 3741 3577 κτίσαντος;
3781 3515 3893 3566 Ὀτι

2326 3607 2432 3676 γὰρ
2485 3605 2838 3674 ταπεινοτέρα
2870 3606 2967 3675 τῆς
3012 3605 3274 3676 Ἐρυθρᾶς
3319 3604 3593 3674 θαλάσσης
3626 3609 3658 3674 ἡ
3730 3608 3893 3671 Αἴγυ-

2327 3714 2477 3757 πτος,
2515 3697 2660 3766 ἔργῳ
2678 3697 2897 3748 ἔπεισαν
2928 3699 3072 3766 ἡμᾶς
3107 3700 3152 3750 οἱ
3178 3696 3498 3766 θελήσαντες
3531 3697 3781 3766 ἀλλήλοις
3831 3698 3893 3748 τὰ

2325 3787 2535 3855 πελάγη
2565 3785 2818 3854 συνάψαι,
2845 3786 2906 3838 τό
2935 3803 2994 3838 τε
3025 3787 3318 3854 Αἰγύπτιον
3341 3789 3432 3839 καὶ
3457 3789 3517 3838 τὸ
3566 3789 3809 3853 Ἰνδικὸν,
3838 3790 3892 3840 ἐν

2322 3872 2434 3947 ᾧὴ
2495 3877 2731 3948 Ἐρυθρά
2777 3878 2890 3928 ἐστι
2940 3877 3051 3946 (78)
3103 3876 3360 3930 θάλασσα.
3407 3877 3605 3948 Διόπερ
3667 3879 3892 3949 ἐπέσχον

2322 3971 2420 4040 τὴν
2443 3970 2783 4040 ἐπιχείρησιν
2817 3969 2844 4020 ὅ
2868 3987 2925 4021 τε
2985 3968 3198 4040 πρῶτος
3252 3971 3361 4041 (79)
3393 3971 3697 4041 ἀρξάμενος
3727 3973 3894 4025 Σέσω-

2326 4079 2477 4132 στρις
2503 4063 2530 4113 ὁ
2562 4062 2878 4129 Αἰγύπτιος,
2919 4061 3013 4112 καὶ
3064 4063 3091 4114 ὁ
3123 4062 3255 4132 μετὰ
3285 4061 3455 4114 ταῦτα
3484 4062 3592 4131 (80)
3621 4063 3892 4134 ﬂouisrﬁs";

2324 4151 2791 4223 ἐπεξεργὰσασθαι
2852 4153 3073 4223 Δαρεῖος
3101 4155 3128 4205 6
3155 4152 3355 4222 Μῆδος.
3409 4151 3594 4206 Ταῦτα
3631 4172 3722 4223 μοι
3745 4156 3890 4225 εἴρη-

2323 4264 2430 4307 ται,
2462 4245 2548 4296 ἵνα
2591 4246 2872 4314 νοήσωμεν
2914 4243 3011 4294 ’τοῦ
3052 4243 3468 4312 προστάγματος
3500 4245 3599 4315 τὴν
3644 4245 3886 4315 δύναμιν·

2321 4336 2679 4402 Συναχθήτω
2711 4335 2979 4388 τὰῦδατα
3027 4336 3113 4398 εὶς
3141 4335 3499 4403 συναγωγὴν
3529 4339 3698 4403 μίαν.
3735 4338 3892 4390 Τουτ-

2321 4426 2491 4488 ἐστιν,
2516 4426 2682 4495 ’Ἄλλη
2717 4426 2822 4478 ἀπὸ
2850 4419 3050 4492 ταύτης
3082 4424 3158 4492 μὴ
3199 4426 3612 4495 ἀπογενηθήτω,
3672 4427 3787 4478 ἀλλ’
3837 4429 3890 4478 ἐν

2241 4532 2290 4590 ι)
2317 4521 2381 4588 τῇ
2413 4522 2604 4588 πρώτῃ
2637 4516 2864 4588 συλλογῇ
2901 4517 3248 4586 ἀπομεινάτω
3274 4515 3334 4568 τὸ
3366 4517 3754 4586 συναγόμενον.

2389 4611 2442 4663 4.
2481 4610 2712 4662 Ἔπειτα
2750 4608 2964 4662 ὁείπὼν
2997 4607 3324 4678 συναχθῆναι
3366 4609 3433 4660 τὰ
3461 4608 3629 4661 ὕδατα
3662 4613 3744 4673 εἰς
3776 4627 3889 4662 συνι-

2326 4901 2416 4938 sex
2452 4884 2567 4938 aliis
2595 4899 2722 4937 mss.
2767 4898 2869 4935 non
2904 4897 3059 4936 secus
3087 4899 3150 4936 ac
3195 4883 3246 4936 in
3287 4882 3521 4935 editione
3570 4880 3739 4937 Basil.
3789 4886 3887 4939 Eu-

2327 4958 2561 5009 stathius
2596 4965 2770 5006 tamen
2804 4956 3211 5020 interpretatur,
3245 4953 3407 5006 Jnssu
3457 4952 3552 5020 Dei
3584 4955 3885 5007 violentiam

2330 5027 2491 5078 maris
2533 5024 2722 5090 frenat.
2777 5019 3123 5075 Aristotelem
3189 5034 3402 5076 secutus
3465 5019 3700 5077 Basilius
3753 5025 3889 5077 afﬁr-

2331 5097 2493 5148 mavit
2541 5093 2829 5162 Egyptum
2884 5093 3014 5144 muri
3069 5090 3253 5145 Rubro
3314 5092 3714 5162 depressiorem
3778 5111 3887 5148 esse

2329 5174 2489 5231 atque
2529 5161 2868 5216 humiliorem
2901 5164 3036 5234 :rsed
3071 5163 3276 5234 Strabo
3332 5161 3550 5234 natione
3600 5164 3883 5234 {Egyptins

2322 5235 2517 5289 falsum
2555 5235 2604 5286 id
2649 5249 2770 5287 esse
2829 5233 2991 5284 tradit
3027 5232 3119 5284 lih.
3174 5248 3304 5286 xvn.
3361 5231 3532 5300 Legas
3577 5231 3745 5286 velim
3791 5234 3886 5286 Du-

2321 5320 2488 5359 czeum
2516 5319 2579 5356 ea
2604 5304 2667 5356 de
2698 5321 2752 5356 re
2778 5303 2982 5355 erudite
3006 5303 3378 5356 disserentem.

2394 5373 2503 5442 ('78)
2531 5375 2604 5426 Ita
2631 5375 2795 5426 editio
2820 5371 2984 5424 Basil.
3013 5388 3133 5424 cum
3181 5389 3273 5427 sex
3307 5389 3437 5426 mss.
3482 5372 3640 5425 Deest
3672 5374 3792 5424 ἐστι
3838 5375 3882 5424 in

2321 5445 2558 5497 editione
2590 5444 2760 5496 Paris.

2398 5514 2865 5599 (79)~Itq_codi.ce.s
2909 5527 3023 5566 sex.
3058 5513 3190 5582 Reg.
3227 5523 3448 5566 octavus
3493 5512 3582 5563 ὅτε
3635 5512 3873 5581 πρώτως.

2326 5582 2486 5638 Deest
2512 5582 2680 5636 ὃτεἾιι
2717 5582 2894 5636 editis.

2396 5654 2504 5724 (80)
2527 5653 2635 5706 Kal
2657 5656 2692 5724 9'
2711 5654 2859 5720 μετὰ
2886 5651 3086 5724 ταῦτα.
3123 5652 3252 5724 Reg.
3284 5662 3487 5724 sextus
3507 5645 3626 5724 εἶτα
3661 5652 3711 5704 6.
3749 5651 3881 5706 Infra

2328 5719 2596 5780 idem'ms.
2629 5719 2772 5793 εἶχον
2807 5725 2988 5777 πᾶσαν
3012 5722 3115 5776 τῶν
3140 5722 3346 5775 ὑδάτων
3379 5720 3663 5792 συλλογήν.
3756 5727 3767 5739 ⁸
