4060 6316
118 391 183 442 85

1243 381 1528 436 HOMILIA
1572 381 1640 435 IV
1681 380 1746 434 ΙΝ
1788 383 2284 440 ΗΕΧΑΕΜΕΒΟΝ.

3291 381 3359 433 86

119 505 336 572 αγωγὴν
363 502 509 571 μίαν.
556 501 722 566 ἔδειξέ
771 519 851 555 σοι
880 502 961 553 ὅτι
995 497 1164 553 πολλὰ
1197 494 1264 568 ἦν
1287 498 1426 550 κατὰ
1462 498 1684 560 πολλοὺς

1791 501 2283 570 congregationem.
2340 501 2601 569 plurimas
2661 498 2825 552 fuisse
2869 510 3036 565 aquas
3076 511 3169 565 per
3200 498 3359 552 multa

117 595 312 656 τόπους
342 593 643 664 διῃρημένα
700 593 768 645 τὰ
821 592 1006 645 ὑδατα.
1057 591 1125 642 Αἵ
1148 607 1205 642 τε
1244 589 1351 659 γὰρ
1405 589 1510 640 τῶν
1544 588 1684 659 ὀρῶν

119 685 440 754 κοιλότητες,
486 682 726 764 φάραγξι
773 683 1014 753 βαθείαις
1049 682 1482 752 ὑπερρηγμέναι,
1543 676 1684 749 εἶχον

116 776 217 827 τῶν
247 776 456 829 ὑδάτων
490 778 589 847 τὴν
619 778 896 847 συλλογήν.
926 777 1036 829 Καὶ
1069 776 1291 846 προσέτι
1324 773 1480 826 πεδία
1513 773 1684 826 πολλά

116 886 170 920 τε
221 868 312 919 καὶ
376 867 544 921 ὕπτια
599 869 745 922 οὑδὲν
790 866 1056 938 (81).τῶν
1113 867 1380 937 μεγίστων
1432 863 1684 932 πελαγῶν

118 957 251 1011 κατὰ
300 958 361 1010 τὸ
405 960 629 1029 μέγεθος
689 958 1005 1020 ἀποδέοντα,
1062 959 1156 1010 καὶ
1203 954 1440 1019 αὐλῶνες
1478 955 1682 1025 μυρίοι,

119 1053 206 1104 καὶ
232 1053 286 1105 αί
315 1052 563 1114 κοιλάδες
597 1053 714 1104 κατ’
757 1050 891 1104 ἄλλα
925 1050 1018 1103 καὶ
1045 1049 1177 1103 ἄλλα
1206 1049 1459 1119 σχήματα
1485 1049 1686 1101 κοιλαι-

118 1145 352 1214 νόμεναι,
391 1145 565 1196 πάντα
600 1142 806 1196 ὑδάτων
852 1144 971 1195 τότε
1023 1142 1449 1211 πεπληρωμένα,
1485 1143 1685 1193 ἀπεκε-

118 1234 254 1306 νώθη
279 1236 358 1306 τῷ
393 1236 520 1305 θείῳ
577 1235 974 1307 προστάγματι,
1031 1233 1165 1304 πρὸς
1197 1233 1324 1302 μίαν
1366 1233 1685 1300 συναγωγὴν

116 1325 202 1379 τοῦ
234 1325 576 1394 πανταχόθεν
632 1324 820 1386 ὓδατος
869 1320 1302 1382 συνελασθέντος.
1354 1321 1463 1372 Καὶ
1500 1319 1686 1389 μηδεὶς

117 1418 330 1485 λεγέτω,
365 1417 467 1477 ὅτι,
501 1417 674 1487 Εἴπερ
695 1411 761 1485 ἦν
803 1413 943 1482 ὕδωρ
973 1413 1156 1464 ἐπάνω
1181 1411 1280 1480 τῆς
1326 1411 1446 1480 γῆς,
1472 1411 1686 1470 πάντως

118 1510 277 1560 πᾶσαι
322 1506 381 1557 αἱ
418 1505 745 1580 κοιλότητες,
780 1505 834 1556 αἱ
865 1502 958 1554 νῦν
991 1502 1088 1571 τὴν
1124 1501 1395 1554 θάλασσαν
1423 1498 1683 1564 ὑποδεξά-

121 1617 287 1670 μεναι,
329 1598 756 1669 πεπληρωμέναι
791 1596 1054 1667 ὑπῆρχον.
1108 1593 1215 1647 Ποῦ
1246 1594 1422 1645 τοίνυν
1465 1591 1685 1662 ἔμελλον

117 1688 349 1758 γίνεσθαι
375 1688 484 1741 τῶν
510 1690 716 1741 ὑδάτων
749 1689 804 1740 αί
841 1686 1096 1753 συλλογα“ι
1123 1685 1258 1754 (89.),
1281 1683 1687 1753 προκατειλημ-

121 1778 282 1849 μένων
314 1779 424 1832 τῶν
457 1779 679 1843 κοίλων;
716 1779 858 1850 Πρὸς
888 1777 949 1847 δὴ
994 1774 1149 1829 τοῦτο
1177 1773 1428 1845 ἐροῦμεν,
1459 1775 1538 1826 ὅτι
1563 1774 1684 1826 τότε

119 1873 203 1924 καὶ
226 1872 292 1925 τά
321 1874 521 1941 ἀγγεῖα
552 1869 1085 1940 συγκατεσκευάσθη,
1106 1867 1307 1920 ὄτιέδει
1335 1866 1462 1936 μίαν
1489 1865 1688 1919 σύστα-

119 1977 195 2012 σιν
222 1961 590 2033 ἀποκριθῆναι
628 1962 688 2013 τὸ
714 1959 957 2030 ὕδωρ.οὑ
983 1957 1094 2028 γὰρ
1123 1953 1191 2028 ἦν
1219 1959 1252 2026 ὴ
1287 1955 1391 2020 ἔξω
1415 1955 1685 2026 Γαδείρων

119 2051 370 2104 θάλασσα·
397 2053 518 2105 οὑδὲ
552 2052 612 2105 τὸ
641 2053 778 2124 μέγα
817 2051 991 2102 ἐκεῖνο
1037 2050 1131 2102 καὶ
1190 2048 1492 2118 ἀτόλμητον
1537 2047 1684 2100 πλω-

117 2141 268 2213 τῆρσι
291 2141 548 2208 πέλαγος,
597 2140 656 2193 τὸ
682 2140 776 2210 τὴν
827 2137 1190 2210 Βρεττανικὴν
1236 2137 1400 2206 νῆσον
1433 2137 1526 2189 καὶ
1557 2136 1686 2198 τοὺς

117 2235 391 2306 ἑσπερίους
434 2233 656 2302 Ἴϐηρας
697 2231 1214 2302 περιπτυσσόμενον·
1243 2227 1378 2282 ἀλλὰ
1410 2228 1530 2280 τότε
1587 2227 1686 2296 τῆς

117 2326 445 2399 εὐρυχωρίας
491 2323 570 2394 τῷ
616 2325 998 2396 προστάγματι
1034 2321 1128 2374 τοῦ
1182 2320 1317 2373 Θεοῦ
1351 2320 1685 2388 δημιουργηο

119 2420 309 2487 θείσης,
356 2417 442 2469 ἐπ’
474 2417 641 2487 αὑτὴν
691 2415 946 2486 συνεδόθη
997 2414 1101 2467 τῶν
1145 2413 1349 2466 ὑδάτων
1377 2411 1444 2463 τὰ
1480 2409 1680 2481 πλήθη.

117 2510 249 2580 Πρὸς
277 2506 334 2562 δὲ
354 2507 436 2572 τὸ,
471 2510 552 2562 ὅτι
582 2507 914 2568 ὑπεναντίως
941 2506 1053 2574 ἔχει
1081 2507 1146 2574 τῇ
1181 2504 1343 2574 πείρα
1375 2505 1403 2555 ό
1427 2503 1526 2572 τῆς
1554 2503 1682 2574 παρ’

118 2603 236 2671 ἡμῖν
277 2602 633 2672 κοσμοποιίας
686 2601 841 2668 λόγος
879 2597 954 2667 (οὑ
1004 2597 1112 2667 γὰρ
1151 2598 1230 2660 εἰς
1285 2596 1410 2667 μίαν
1439 2613 1681 2663 συναγω-

118 2695 210 2765 γὴν
263 2694 474 2748 ὑδάτων
511 2693 571 2745 τὸ
629 2691 771 2762 ὕδωρ
830 2691 974 2744 ἆπαν
1026 2689 1274 2758 φαίνεται
1332 2688 1679 2759 συνδραμὸν),

120 2785 274 2840 πολλὰ
305 2789 404 2853 μὲν
439 2785 586 2850 ἐστιν
610 2786 803 2847 εἰπεῖν,
840 2784 933 2837 καὶ
967 2785 1130 2837 πᾶσιν
1157 2782 1382 2836 αὐτόθεν
1408 2781 1676 2854 γνὼριμα’

122 2879 315 2948 μήποτε
341 2879 397 2932 δὲ
429 2879 524 2931 καὶ
557 2873 614 2930 τὸ
642 2875 1001 2947 διαμάχεσθαι
1031 2877 1143 2938 τοῖς
1161 2874 1426 2937 τοιούτοις
1451 2873 1676 2942 γελοῖον.

121 2971 186 3022 Οὑ
213 2971 378 3041 δήπου
413 2970 523 3040 γὰρ
551 2970 645 3022 καὶ
676 2969 744 3022 τὰ
777 2969 1098 3038 τελματιαῖα
1117 3007 1133 3032 ,
1160 2968 1254 3019 καὶ
1281 2969 1349 3019 τὰ
1376 2965 1434 3030 ἐξ
1461 2965 1680 3036 ὄμϐρων

122 3060 569 3133 συναθροιζόμενα
602 3063 895 3132 προφέρειν
940 3062 1068 3129 ἡμῖν
1123 3059 1418 3128 ὀφείλουσι,
1449 3059 1543 3111 καὶ
1593 3057 1680 3110 διὰ

119 3153 307 3207 τούτων
332 3153 426 3206 τὸν
455 3154 609 3221 λόγον
637 3153 790 3222 ἡμῶν
825 3151 1066 3219 ἐλέγχειν
1112 3149 1348 3215 deceat;
1395 3149 1554 3203 Ἀλλά
1583 3151 1680 3221 τὴν
1708 3188 1752 3250 c

124 3247 367 3316 μεγίστην
399 3246 492 3298 καὶ
545 3243 880 3313 τελεωτάτην
933 3243 1041 3313 (83)
1091 3242 1390 3314 συνδρομὴν
1415 3241 1522 3296 τῶν
1556 3240 1681 3295 ὑδά-

121 3338 216 3390 τῶν
242 3338 487 3407 ὠνόμασε
535 3336 853 3408 συναγωγὴν
887 3337 1037 3408 μίαν.
1095 3336 1205 3390 Καὶ
1243 3336 1352 3408 γὰρ
1379 3335 1448 3390 τὰ
1476 3336 1682 3406 φρέατα

123 3427 418 3495 συναγωγαὶ
447 3426 654 3479 ὑδάτων
686 3428 792 3479 eici.
820 3427 1206 3498 χειροποίητοι,
1257 3427 1350 3478 ἐπὶ
1385 3425 1444 3477 τὸ
1465 3425 1678 3477 κοιλαν-

122 3518 200 3570 θὲν
228 3519 320 3588 τῆς
345 3519 455 3588 γῆς
479 3520 576 3590 τῆς
606 3519 1015 3589 ἐνεσπαρμὲνης
1043 3518 1244 3593 νοτίδος
1295 3516 1676 3586 ἐπιρρεούσης.

119 3609 186 3663 Οὑ
218 3612 388 3664 τοίνυν
412 3612 483 3664 τά
517 3613 744 3682 τυχόντα
777 3611 899 3663 τῶν·
927 3609 1129 3663 ὑδάτων
1163 3610 1502 3680 άθροίσματα
1525 3612 1556 3681 ὴ
1583 3610 1680 3679 τῆς

125 3707 427 3775 συναγωγῆς
453 3705 561 3774 (84)
605 3705 854 3775 ἐμφαίνει
883 3704 1240 3776 προσηγορία.
1271 3704 1408 3759 ἀλλὰ
1446 3705 1544 3774 τὴν
1596 3703 1682 3768 ἐξ-

123 3797 332 3864 έχουσαν
358 3797 452 3849 καὶ
489 3797 772 3867 μεγίστην,
802 3797 857 3848 ὲν
951 3797 1057 3848 πᾶν
1089 3795 1150 3848 τὸ
1193 3798 1452 3865 στοιχεῖον
1489 3795 1680 3865 ἀθρόον

123 3886 482 3940 διαδείκνυται.
505 3888 715 3957 Ὥσπερ
739 3889 847 3958 γὰρ
873 3888 934 3939 τὸ
975 3888 1083 3959 πῦρ
1117 3889 1208 3942 καὶ
1237 3891 1315 3952 εἰς
1373 3888 1543 3959 μικρά
1585 3905 1682 3940 κα-

123 3979 679 4049 τακεκερματισμὲνον
727 3980 872 4031 ἐστὶν
932 3979 1023 4030 ἐπὶ
1075 3981 1172 4048 τῆς
1197 3976 1298 4033 ὦδε
1342 3983 1548 4052 χρείας,
1589 3981 1682 4032 καὶ

126 4066 409 4138 ἁθρόονὲπὶ
428 4067 524 4119 τοῦ
559 4066 774 4137 αἰθέρος
827 4068 1070 4138 κέχυται’
1109 4069 1202 4121 καὶ
1239 4070 1267 4120 ὁ
1293 4068 1399 4139 ἀὴρ
1430 4069 1680 4138 διῄρηται

129 4161 214 4228 μὲν
257 4160 518 4214 καὶκατὰ
547 4163 736 4232 μικρὰ,
791 4163 880 4214 καὶ
925 4161 1134 4231 ἀθρόως
1182 4161 1239 4214 δὲ
1284 4161 1371 4212 τὸν
1407 4160 1681 4231 περίγειον

127 4253 489 4324 ὲκπεριείληφε
512 4255 694 4306 τόπον·
724 4253 863 4306 οὑτω
895 4255 987 4305 καὶ
1039 4254 1133 4304 ἐπὶ
1157 4251 1250 4305 τοῦ
1278 4252 1487 4317 ὓδατος,
1515 4254 1562 4304 εί
1589 4253 1682 4304 καὶ

130 4347 301 4412 μικραί
324 4348 468 4408 τινές
504 4349 606 4398 εἰσι
640 4346 964 4416 διῃρημέναι
989 4347 1301 4410 συστάσεις,
1322 4346 1456 4399 ἀλλὰ
1490 4347 1586 4416 μία
1619 4344 1681 4413 γέ

128 4431 229 4483 ἐστι
269 4437 553 4508 συναγωγὴ
608 4436 717 4507 (85)
748 4439 780 4506 ή
813 4437 873 4488 τὸ
907 4437 1026 4489 ὅλον
1057 4441 1316 4508 στοιχεῖον
1347 4438 1454 4491 τῶν
1481 4437 1680 4492 λοιπῶν

1717 1840 1758 1893 Β

1787 590 1902 645 loca
1933 593 2137 646 divisas
2167 592 2258 645 tibi
2303 591 2581 644 indicavit.
2618 589 2750 642 Nam
2796 591 3055 642 montium
3099 605 3360 657 concava,

1787 683 2068 750 profundis
2121 682 2456 737 convallibus
2500 690 2774 750 perrupta,
2830 682 3140 734 collectitias
3191 696 3362 750 aquas

1785 775 2154 829 continebant.
2201 776 2338 841 Quin
2395 785 2449 828 et
2503 775 2676 843 campi
2728 773 2901 838 multi,
2952 774 3095 842 iique
3140 774 3356 842 supini,

1787 863 1918 916 nihil
1948 865 2198 918 maximis
2233 865 2437 932 pelagis
2471 865 2838 932 magnitudine
2863 864 3114 930 impares,
3145 871 3198 916 et
3241 863 3359 916 val-

1789 954 1866 1009 les
1891 957 2207 1017 innumerae,
2237 955 2614 1022 convallesqne
2647 953 2764 1006 aliis
2799 964 2852 1006 et
2882 955 3003 1008 aliis
3052 954 3222 1007 modis
3265 967 3360 1006 ex-

1787 1058 2142 1117 cavataa,qu:n
2165 1049 2342 1102 omnia
2367 1059 2492 1100 tunc
2519 1048 2676 1116 aquis
2709 1046 3072 1114 replebantur,
3093 1057 3360 1115 prmcepto

1788 1142 1968 1193 divino
2001 1149 2256 1194 evacuata
2313 1147 2456 1201 sunt,
2491 1153 2627 1206 aqua
2658 1137 2928 1191 undelibet
2961 1138 3012 1190 in
3039 1155 3198 1191 unam
3228 1151 3360 1191 con-

1785 1234 2147 1301 gregationem
2195 1232 2567 1285 conveniente.
2614 1231 2681 1285 Et
2735 1246 2892 1285 nemo
2943 1231 3084 1285 dicat
3136 1232 3359 1284 omnino

1786 1337 2006 1376 necesse
2037 1338 2175 1385 esse,
2211 1325 2253 1377 si
2286 1338 2421 1391 aqua
2451 1335 2606 1377 terra:
2637 1333 2988 1391 superstaret,
3020 1339 3146 1378 cava
3176 1326 3358 1378 omnia

1786 1430 1905 1483 quae
1936 1425 2058 1468 tunc
2090 1416 2307 1485 pelagus
2337 1430 2643 1482 suscepere,
2672 1415 2835 1468 fuisse
2865 1415 3081 1470 referta.
3110 1415 3226 1482 Quo
3257 1416 3357 1486 igi-

1791 1515 1896 1570 tur,
1948 1508 2199 1560 concavis
2229 1507 2336 1573 jam
2389 1506 2685 1574 occupatis,
2733 1506 3038 1561 collecturte
3093 1523 3148 1561 se
3201 1517 3358 1562 erant

1787 1598 1982 1664 aqum?
2011 1597 2089 1650 Ad
2111 1597 2213 1652 hoc
2249 1613 2378 1652 sane
2415 1598 2874 1666 reSpondebimus,
2904 1611 3198 1667 pra-parata
3233 1609 3359 1653 tunc

1788 1690 1952 1744 fuisse
1986 1689 2345 1758 receptacula,
2397 1705 2518 1742 cum
2579 1689 2688 1760 36
2737 1705 2929 1758 aquam
2979 1701 3251 1760 oporteret
3303 1693 3356 1745 in

1788 1798 1949 1836 unam
1988 1782 2193 1836 secerni
2214 1782 2695 1836 coacervationem.
2742 1782 2926 1853 Neque
2969 1783 3114 1838 enim
3150 1795 3265 1837 erat
3295 1784 3359 1836 il-

1786 1875 1875 1928 lud
1905 1877 2046 1942 quod
2094 1885 2176 1928 est
2205 1884 2356 1928 extra
2385 1873 2560 1928 Gades
2590 1890 2758 1939 mare,
2793 1891 2971 1945 neque
3002 1891 3253 1944 magnum
3287 1877 3358 1929 il-

1786 1965 1874 2020 lud
1908 1975 1961 2018 et
2009 1966 2333 2019 horrendum
2387 1967 2759 2036 navigantibus
2789 1967 3037 2036 pelagus,
3071 1969 3213 2037 quod
3236 1966 3357 2021 Bri-

1787 2054 2058 2107 tannicam
2091 2053 2317 2109 insulam
2353 2063 2405 2106 et
2439 2055 2795 2110 occidentales
2845 2054 3105 2124 Hispanos
3134 2057 3302 2110 ambit
3339 2074 3354 2111 :

1786 2145 1878 2199 sed
1909 2155 2254 2214 posteaquam
2306 2145 2398 2198 Dei
2454 2147 2707 2201 mandato
2746 2147 3037 2201 instructus
3077 2157 3158 2214 est
3206 2148 3360 2203 locus

1785 2236 2170 2305 amplissimus,
2200 2247 2325 2291 tunc
2375 2237 2426 2290 in
2480 2239 2649 2306 ipsum
2681 2253 2739 2292 se
2796 2255 3045 2308 recepere
3095 2257 3354 2310 aquarum

1785 2329 1970 2396 copiae.
1995 2329 2074 2380 Ad
2107 2330 2207 2382 hoc
2235 2339 2434 2393 autem,
2477 2331 2614 2398 quod
2655 2341 2840 2385 nostra
2879 2332 2945 2386 de
2995 2334 3179 2386 mundi
3209 2333 3360 2401 opili-

1783 2420 1869 2474 cio
1903 2420 2169 2474 sententia
2213 2422 2560 2488 experientiae
2603 2423 2917 2478 adversetur
2951 2424 3184 2493 (constat
3212 2424 3354 2478 enim

1784 2525 1890 2563 non
1937 2511 1989 2563 in
2043 2525 2202 2564 unam
2235 2513 2702 2581 congregationem
2738 2529 2930 2582 aquam
2979 2530 3190 2570 omnem
3224 2500 3356 2570 con-

1787 2599 2058 2670 currisse),
2093 2601 2255 2654 multa
2287 2603 2464 2655 dicere
2506 2601 2648 2668 licet,
2687 2618 2856 2674 eaque
2883 2605 3131 2660 omnibus
3172 2621 3266 2675 per
3295 2623 3356 2661 se

1783 2701 1929 2744 nota.
1984 2688 2087 2745 Sed
2130 2690 2357 2743 fortasse
2407 2691 2566 2744 etiam
2626 2709 2748 2747 cum
2807 2695 3002 2749 talibus
3049 2707 3254 2751 certare
3283 2697 3355 2749 ri-

1782 2780 2014 2835 diculum
2072 2789 2174 2834 est.
2223 2779 2469 2848 Nunquid
2521 2781 2716 2834 debent
2762 2783 3028 2850 palustres
3077 2799 3265 2852 aquas,
3298 2793 3355 2838 et

1782 2889 1875 2928 eas
1901 2889 2018 2941 qua:
2047 2889 2109 2928 ex
2139 2874 2403 2930 imbribus
2453 2884 2812 2946 aggregantur
2831 2915 2847 2941 ,
2873 2877 3028 2931 nobis
3060 2891 3354 2946 opponere,

1782 2978 1942 3034 atque
1971 2967 2249 3030 arbitrari,
2284 2981 2342 3020 se
2373 2977 2614 3021 nostram
2653 2971 2973 3022 sententiam
3003 2983 3104 3038 ope
3142 2969 3352 3021 illarum

1782 3057 2030 3112 refellere
2075 3057 2097 3109 ?
2148 3057 2434 3112 Enimvero
2499 3061 2788 3113 maximum
2862 3059 3357 3128 amplissimumun

1782 3163 2042 3218 aquarum
2097 3164 2415 3203 concursum
2445 3151 2908 3219 congregationem
2948 3165 3106 3202 unam
3144 3147 3352 3204 nuncu-

1784 3241 1948 3311 pavit.
1979 3240 2110 3295 Nam
2147 3242 2314 3310 putei,
2353 3242 2697 3297 collectiones
2730 3258 2988 3310 aquarum
3016 3249 3141 3297 sunt
3166 3257 3354 3294 manu-

1781 3332 1956 3398 facta,
1987 3349 2107 3389 cum
2133 3335 2184 3386 in
2225 3343 2462 3386 caratam
2509 3343 2664 3387 terra:
2705 3345 2906 3404 partem
2953 3336 3143 3388 humor
3179 3334 3226 3388 ei
3267 3335 3352 3387 in-

1781 3439 1994 3493 spersus
2049 3422 2237 3476 influit.
2277 3422 2392 3478 Non
2441 3438 2568 3494 ergo
2625 3425 2893 3494 quaslibet
2948 3439 3207 3493 aquarum
3257 3441 3350 3480 co-

1779 3514 2149 3570 acervationes
2184 3514 2615 3586 congregationis
2666 3515 2950 3584 appellatio
3007 3515 3230 3579 indicat,
3255 3516 3352 3570 sed

1780 3609 2101 3678 prtecipuam
2138 3617 2190 3662 et
2219 3608 2544 3672 maximam,
2585 3608 2635 3660 in
2674 3623 2775 3676 qua
2820 3617 2983 3662 totum
3029 3608 3351 3662 elementum

1781 3709 2153 3754 coacervatum
2187 3699 2510 3752 ostenditur.
2545 3696 3006 3762 Quemadmodum
3039 3698 3180 3752 enim
3213 3699 3352 3768 ignis

1780 3801 1832 3844 et
1861 3792 1911 3842 in
1949 3789 2182 3842 minutas
2230 3797 2408 3857 partes
2457 3803 2552 3858 pro
2595 3797 2778 3842 nostro
2826 3804 2924 3842 usu
2961 3789 3220 3843 dissectus
3246 3796 3350 3852 est,

1781 3891 1834 3936 et
1855 3879 2143 3933 acervatim
2172 3880 2224 3932 in
2246 3879 2447 3931 aethere
2472 3878 2694 3933 diﬂ'usus
2714 3895 2728 3944 ;
2748 3882 2876 3932 item
2898 3880 3346 3948 quemadmodum

1780 3989 1872 4028 aer
1905 3972 2104 4026 divisus
2129 3972 2341 4040 quidem
2370 3978 2453 4024 est
2496 3971 2550 4024 in
2599 3972 2822 4040 exiguas
2851 3981 3052 4040 partes,
3089 3981 3139 4026 et
3169 3979 3350 4024 tamen

1780 4065 2078 4135 adjacentia
2104 4064 2278 4118 telluri
2305 4064 2418 4118 loca
2453 4063 2744 4118 acervatim
2767 4066 3046 4132 occupavit
3077 4083 3088 4118 :
3122 4064 3193 4117 ita
3224 4065 3350 4118 etii:

1782 4179 1919 4232 aqua
1964 4163 2174 4222 tametsi
2218 4177 2394 4231 parva:
2441 4161 2687 4230 quaedam
2747 4160 3087 4215 collectiones
3137 4157 3352 4212 fuerunt

1781 4259 2062 4328 separatae,
2094 4267 2269 4310 tamen
2306 4271 2411 4309 una
2445 4265 2524 4310 est
2566 4255 2931 4324 congregatio,
2963 4269 3082 4322 quae
3125 4261 3291 4305 totum
3319 4265 3349 4303 a

1782 4353 1990 4408 czeteris
2040 4360 2284 4420 segregat
2327 4351 2672 4405 elementum.
2710 4336 2843 4402 Nam
2897 4356 3083 4414 stagna
3137 4353 3246 4397 tum
3287 4359 3350 4397 ea

1782 4460 1899 4514 quae
1929 4447 1994 4498 ad
2032 4453 2210 4511 partes
2237 4443 2679 4510 septentrionales
2708 4443 2810 4494 sita
2837 4449 2979 4503 sunt,
3004 4448 3115 4492 tum
3142 4453 3204 4493 ea
3233 4454 3353 4507 qua:

127 4526 474 4598 ἀποκρίνουσα
520 4531 650 4602 (86).
683 4533 747 4583 Αἱ
779 4531 878 4601 μὲν
906 4531 1014 4602 γὰρ
1042 4530 1253 4600 λίμναι,
1287 4533 1426 4586 αἵτε
1453 4532 1592 4584 κατὰ
1609 4531 1680 4584 τὰ.

1784 4533 1957 4602 iacent
1989 4534 2130 4588 circa
2161 4531 2470 4587 Graecorum
2517 4538 2746 4588 tractum
2766 4573 2781 4597 ,
2808 4543 2919 4587 tum
2965 4549 3085 4603 qua:
3114 4531 3354 4586 Macedo-

132 4617 255 4690 μέρη
278 4619 375 4690 τῆς
407 4620 633 4690 ἄρκτου,
665 4624 756 4675 καὶ
794 4624 913 4676 ὅσαι
941 4622 1069 4693 περὶ
1096 4621 1186 4673 τὸν
1226 4623 1530 4692 Ἑλληνικόν
1578 4625 1683 4675 είσι

129 4711 292 4776 τόπον,
321 4716 418 4784 τήν
446 4729 505 4765 τε
554 4714 912 4778 Μακεδονίαν,
947 4716 1039 4767 καὶ
1087 4715 1183 4786 τὴν
1211 4713 1447 4767 Βιθυνῶν
1477 4715 1679 4786 χῶραν,

131 4804 212 4855 καὶ
230 4805 318 4874 τὴν
343 4806 715 4860 Παλαιστίνων
743 4807 1090 4877 κατέχουσαι,
1125 4811 1433 4875 συναγωγαί
1459 4811 1562 4862 εἱσι
1588 4810 1681 4879 δη-

134 4893 305 4947 λονότι’
341 4898 477 4952 ἀλλὰ
512 4899 607 4952 νῦν
647 4900 772 4970 περ).
818 4899 915 4969 τῆς
945 4900 1205 4970 μεγίστης
1233 4902 1455 4955 ἁπασῶν
1493 4903 1584 4955 καὶ
1606 4901 1683 4972 τῷ

139 4987 334 5055 μεγέθει
384 4990 484 5058 τῆς
527 4990 631 5060 γῆς
691 4993 1094 5063 παρισουμένης
1130 4996 1158 5045 ό
1210 4994 1382 5062 λόγος.
1415 4997 1510 5054 "Ac
1539 4979 1678 5063 πλῆ-

134 5077 213 5144 θος
231 5080 332 5152 (87)
353 5083 449 5152 μὲν
465 5082 609 5153 ἔχειν
633 5083 820 5148 ὑδατός
841 5084 1011 5146 οὐδεὶς
1028 5085 1260 5154 ἀντερεῖ·
1280 5088 1338 5138 οὑ
1357 5086 1461 5158 μὴν
1480 5086 1681 5140 θαλάσ-

197 5256 390 5324 (8|)lta
425 5273 520 5314 sex
543 5276 671 5316 mss.
704 5261 842 5316 Editi
873 5263 1014 5315 οὐδέ.

201 5327 304 5396 (82)
336 5329 483 5399 Regii
505 5333 747 5400 quintus,
767 5344 951 5386 sextus
973 5344 1027 5387 et
1050 5343 1273 5388 oetavns
1313 5335 1517 5387 ὑδάτων
1566 5351 1688 5389 συν-

138 5401 349 5482 αγῳγαί.
380 5399 667 5456 Editicum
716 5401 836 5458 aliis
880 5403 1200 5471 quibusdam
1239 5420 1369 5459 mss.
1417 5407 1470 5456 αξ
1504 5406 1687 5458 συλλο-

139 5479 304 5604 γα(85)
331 5540 526 5596 Omnes
580 5542 692 5595 fere
743 5559 873 5598 mss.
916 5559 1036 5597 cum
1088 5542 1322 5598 editione
1374 5545 1537 5600 Basil.
1588 5549 1717 5600 καί

139 5604 471 5728 ξὶλεωτάτην.
506 5613 680 5667 Editio
708 5611 880 5670 Paris.
931 5628 1054 5668 cum
1113 5615 1242 5682 Reg.
1283 5618 1444 5671 tertio
1483 5615 1680 5670 τελειο-

199 5693 305 5728 την.

495 5753 702 5819 primus
730 5753 874 5822 ότῆς
904 5756 1031 5824 μιᾶς
1079 5770 1268 5824 away.
1305 5755 1498 5812 Statim
1543 5757 1681 5813 idem

143 5819 287 5872 codex
309 5820 593 5891 ἐξέχουσαν
618 5826 708 5876 καὶ
731 5819 960 5895 ἀρίστην
999 5826 1058 5878 ἐν

1787 4628 1928 4680 niam
1950 4641 2011 4680 ac
2041 4627 2390 4697 Bithynorum
2423 4627 2934 4696 Palaestinorumque
2964 4627 3231 4695 regionem
3249 4625 3349 4681 ob—

1787 4722 1983 4784 tinent,
2027 4731 2152 4775 sunt
2198 4723 2412 4792 quidem
2450 4722 2886 4792 congregationes
2925 4736 2938 4772 :
2987 4720 3080 4773 sed
3115 4735 3258 4773 nunc
3285 4721 3352 4773 de

1787 4827 1848 4865 ea
1878 4828 1994 4879 qua:
2039 4813 2277 4866 omnium
2323 4815 2552 4865 maxima
2602 4822 2705 4873 est,
2739 4809 3351 4881 qumquemagnitudinc

1789 4906 1967 4960 telluri
2005 4907 2220 4976 :rqua'lis
2250 4915 2353 4970 est,
2405 4905 2630 4958 habetur
2673 4919 2868 4958 sermo.
2922 4902 3141 4972 Copiam
3172 4912 3347 4955 autem

1787 4999 1840 5052 in
1870 5000 1972 5052 illis
2004 4999 2264 5053 contineri
2297 5013 2556 5065 aquarum
2596 4998 2809 5066 negabit
2837 5010 3016 5060 nemo,
3039 5009 3137 5048 nec
3173 5005 3347 5046 tamen

1785 5090 2067 5161 quisquam
2100 5105 2192 5146 eas
2217 5106 2447 5159 congrua
2477 5089 2827 5162 appellatione
2854 5090 3020 5142 maria
3055 5086 3346 5149 vocaverit,

1863 5267 1976 5339 (85)
2003 5267 2153 5339 Regii
2190 5268 2408 5339 quintus
2429 5278 2482 5322 et
2507 5269 2692 5324 sextus
2717 5268 2862 5322 ἐστὶν
2889 5269 3100 5339 ἀγωγή.

1863 5338 1974 5407 (86)
2007 5338 2080 5390 Ita
2134 5338 2262 5394 mss.
2292 5341 2528 5408 quinque
2568 5356 2688 5394 cum
2743 5339 2982 5393 Combel'.
3031 5338 3172 5393 Editi
3225 5355 3348 5396 cum

1788 5407 1936 5530 Colla);
1977 5411 2214 5530 sicunde
2247 5407 2605 5480 άποκρίνασα.
2659 5409 2778 5465 Mox
2801 5409 2954 5480 'Reg.
2986 5422 3170 5466 sextus
3198 5411 3261 5464 αἴ
3287 5429 3347 5465 τε

1788 5493 1888 5530 κατ
1959 5498 1996 5530 υ.
2033 5495 2120 5530 οος
2147 5497 2261 5530 τηε.

1788 5493 1926 5530 κατα
1959 5493 2024 5531 με
2033 5495 2120 5531 0οε
2147 5497 2207 5531 TT.
2216 5498 2261 5531 ε.

1860 5495 1926 5530 τα
1957 5495 2120 5549 μερος
2147 5497 2261 5542 ττς.

1857 5550 1969 5620 (87)
2002 5551 2181 5620 Egilio
2199 5523 2356 5603 liasil.
2385 5561 2436 5606 et
2461 5549 2633 5615 Bodl.,
2660 5560 2713 5604 et
2747 5550 2835 5602 alii
2877 5552 3087 5619 plurimi
3117 5573 3248 5612 mss.
3282 5554 3349 5620 ἃς

1787 5617 2005 5688 πλῆθος.
2043 5618 2219 5696 Editio
2247 5619 2414 5696 Paris.
2441 5624 2654 5686 ὲκείνας
2688 5617 2994 5696 διε-πλῆθος.
3058 5617 3349 5696 Aliquanto

1787 5701 2104 5816 postbnisjs._
2139 5692 2376 5762 plerique
2430 5709 2616 5751 omnes
2681 5691 2954 5757 θαλάσσας
3021 5713 3104 5765 γε.
3162 5691 3349 5752 Ἀιιεει

1787 5775 1844 5816 γε
1880 5777 1905 5813 a
1981 5775 2010 5816 e
2053 5773 2139 5816 ius

1785 5775 1844 5826 γε
1880 5773 1946 5816 ab
1981 5773 2139 5816 editis
