4100 6312
713 352 773 404 91
2058 359 2115 415 S.
2159 360 2242 415 BA
2252 359 2404 415 SILll
2447 359 2660 414 MAGNI
3891 362 3950 407 υτ

709 468 915 522 culidtts
951 477 1035 523 est
1061 478 1113 523 et
1148 469 1347 539 siccus,
1367 471 1645 542 colligatur
1686 491 1807 531 cum
1859 490 1984 532 aere
2009 493 2103 544 per
2127 479 2273 531 calo-

2383 479 2574 547 πυρὸς,
2611 476 2688 548 τῷ
2721 478 2871 530 ὕδατι
2910 475 3006 543 μὲν
3037 473 3122 526 διὰ
3144 472 3243 540 τῆς
3279 471 3592 544 ὑγρότητος,
3629 468 3708 537 τῷ
3743 469 3874 537 πυρὶ
3904 462 3953 520 δὲ

712 576 846 620 rem,
876 576 937 614 ac
962 577 1147 615 rursus
1181 577 1278 631 per
1308 563 1603 618 siccitatem
1653 571 1720 622 ad
1767 578 1924 622 terras
1971 570 2280 624 societatem

714 653 868 705 redit.
903 652 1073 720 Atque
1112 654 1182 707 ita
1229 655 1479 710 omnibus
1535 660 1999 715 consentientibus
2049 676 2112 714 ac
2163 676 2282 716 mu-

709 753 859 798 tuum
907 749 1195 813 quemdam
1225 748 1470 803 ordinem
1506 751 1644 804 inter
1693 767 1752 806 se
1801 751 2149 816 habentibus,
2175 753 2281 805 cir-

709 838 862 891 culus
899 838 976 904 fit,
1013 855 1075 892 ac
1093 840 1382 894 concinnus
1417 844 1634 896 chorus.
1659 841 1808 896 Unde
1837 844 2120 912 etproprie
2149 843 2282 911 ipsis

711 931 961 1000 adaptata
1014 931 1108 985 init
1158 933 1446 1000 appellatio
1501 935 1913 989 elementorum.
1976 935 2097 988 [hac
2134 950 2161 987 a
2199 950 2282 988 me

711 1025 850 1076 dicta
899 1034 1044 1088 sunt,
1082 1035 1139 1076 ut
1167 1043 1381 1081 causam
1415 1027 1659 1081 allerretn
1701 1043 1797 1081 cur
1831 1027 2102 1080 vocaverit
2141 1026 2282 1082 Deus

712 1117 941 1183 aridam,
971 1126 1212 1186 terram;
1256 1137 1353 1174 nec
1377 1131 1552 1174 tamen
1601 1131 1820 1188 terram,
1858 1122 2060 1173 aridam
2097 1122 2281 1189 appel-

711 1209 922 1266 laverit.
955 1210 1214 1266 Nimirum
1251 1213 1375 1280 quia
1403 1215 1613 1267 aridum
1671 1230 1774 1268 non
1807 1228 1872 1267 ex
1903 1214 1987 1268 his
2025 1223 2107 1267 est
2164 1229 2283 1281 quae

715 1310 870 1355 terrae
910 1303 960 1354 in
992 1312 1261 1368 posterum
1295 1315 1657 1367 accesserunt,
1690 1304 1782 1358 sed
1809 1320 1873 1356 ex
1930 1304 2014 1357 his
2062 1318 2182 1371 qua:
2217 1306 2284 1358 ab

713 1393 866 1446 initio
917 1393 1204 1445 essentiam
1245 1394 1412 1462 ipsius
1467 1397 1818 1449 constituunt.
1871 1393 2041 1448 Porro
2071 1411 2188 1463 quae
2230 1398 2281 1448 in

710 1499 872 1537 causa
903 1495 1026 1538 sunt
1057 1501 1154 1539 cur
1189 1485 1388 1554 aliquid
1416 1487 1664 1553 exsistat,
1688 1487 1753 1540 iis
1771 1502 1891 1556 quae
1916 1497 2102 1556 postea
2130 1491 2284 1542 ac’ce-

712 1577 868 1640 dunt,
925 1588 1117 1630 natura
1177 1586 1304 1632 sunt
1337 1582 1513 1649 priora
1557 1595 1619 1631 ac
1657 1579 2046 1647 praestantiora.
2086 1580 2283 1646 Quam—

710 1671 896 1722 obrezn
961 1681 1101 1725 notae
1154 1671 1344 1741 aliquae
1405 1687 1470 1725 ex
1530 1671 1886 1726 anterioribus
1916 1679 1970 1725 et
2028 1672 2284 1727 vetustio-

711 1753 859 1808 ribus
914 1755 978 1808 ad
1040 1765 1238 1808 terram
1287 1754 1669 1824 designandam
1726 1764 1850 1809 sunt
1895 1755 2016 1826 jure
2063 1754 2278 1821 excogi—

713 1853 856 1900 tatas.

781 2031 833 2085 6.
869 2031 930 2084 Ει
955 2032 1085 2085 vidit
1121 2031 1278 2096 Deus,
1305 2035 1442 2102 quod
1468 2032 1764 2100 ,pulchrum
1824 2044 1971 2088 esset.
2003 2032 2118 2088 Non
2176 2034 2278 2088 hoc

713 2125 915 2179 indicat
945 2124 1240 2193 Scriptura,
1283 2125 1781 2193 nempejucundum
1807 2125 2091 2195 quemdam
2118 2125 2279 2178 maris

713 2231 988 2287 aspectum
1042 2219 1205 2274 fuisse
1229 2219 1338 2273 Deo
1377 2219 1694 2273 exhibitum.
1750 2219 1865 2272 Non
1918 2218 2058 2272 enim
2109 2218 2278 2271 oculis

709 2310 1157 2378 pulchritudinem
1181 2319 1442 2364 creatura:
1471 2312 1704 2364 intuetur
1731 2311 2004 2372 Conditor,
2037 2309 2129 2363 sed
2159 2323 2278 2376 qua":

712 2403 867 2465 ﬁunt,
897 2400 1158 2470 sapientia
1189 2398 1442 2453 ineffabili
1490 2400 1900 2468 contemplatur.
1945 2399 2275 2468 Estquitlem

711 2498 923 2556 gratum
949 2483 1312 2554 spectaculum
1336 2498 1519 2546 atquor
1537 2483 1898 2549 inalbescens,
1927 2499 2046 2539 cum
2071 2483 2277 2540 stabilis

714 2576 1073 2645 tranquillitas
1101 2575 1275 2645 ipsum
1325 2585 1554 2645 occupat
1587 2593 1600 2628 :
1635 2591 1820 2630 rursus
1849 2586 1930 2630 est
1959 2577 2121 2632 etiam
2152 2591 2278 2646 gra-

712 2678 848 2730 tum,
876 2682 998 2720 cum
1025 2667 1190 2734 ipsius
1211 2666 1521 2735 superﬁcies
1539 2666 1745 2720 lenibus
1769 2667 1915 2720 auris
1935 2673 2276 2734 exasperata,

710 2756 1052 2812 cernentibus
1109 2770 1433 2823 purpureum
1466 2766 1558 2809 ant
1591 2756 1876 2808 caeruleum
1912 2755 2146 2808 colorem
2191 2750 2274 2803 of-

709 2849 844 2902 fert:
883 2845 1094 2915 quando
1117 2859 1288 2913 neque
1322 2844 1589 2898 violenter
1616 2845 1865 2898 verberat
1912 2843 2141 2895 vicinam
2171 2850 2278 2892 ter-

708 2953 846 3002 ram,
877 2937 967 2990 sed
1000 2935 1142 2988 velut
1169 2932 1405 3002 paciﬁcis
1443 2932 1764 3002 quibusdam
1792 2931 2130 3000 amplexibus
2155 2944 2272 2983 eam

710 3028 1100 3098 complectitur.
1136 3025 1253 3081 Non
1299 3035 1476 3080 tamen
1530 3025 1826 3094 putandum
1881 3031 1986 3087 est,
2014 3022 2078 3076 ad
2131 3022 2274 3076 hunc

711 3122 928 3176 modum
954 3120 1157 3175 dixisse
1185 3117 1716 3185 Scripturam,.mare
1754 3116 1862 3170 Deo
1906 3115 2080 3169 visum
2110 3113 2276 3168 fuisse

710 3213 995 3281 pulchrum
1023 3225 1086 3264 ac
1108 3183 1400 3278 jucundum
1435 3225 1447 3260 :
1494 3211 1588 3263 sed
1622 3208 1712 3263 hic
1744 3223 1811 3262 ex
1837 3208 2033 3278 Opiﬁcii
2064 3208 2274 3262 ratione
2303 3183 2346 3240 (ἶ

711 3304 1033 3373 diiudicatur
1058 3301 1420 3369 pulchritudo.
1447 3302 1686 3355 Primum
1721 3301 1960 3370 quidem,
2004 3302 2128 3372 quia
2160 3317 2277 3356 ma-

709 3389 784 3443 ris
813 3403 950 3457 aqua
992 3387 1157 3440 totius
1203 3387 1404 3440 terreni
1455 3388 1696 3441 humoris
1727 3388 1846 3443 fons
1897 3399 1952 3444 et
1991 3391 2142 3459 origo
2172 3401 2271 3443 est.

708 3480 836 3536 llaec
881 3480 1093 3549 quidem
1135 3494 1230 3548 per
1278 3479 1516 3535 occultos
1560 3490 1769 3533 meatus
1797 3481 2169 3546 distribuitur;
2199 3483 2274 3534 uti

708 3573 842 3628 laxae
870 3582 1028 3641 atque
1063 3571 1272 3625 hiantes
1299 3579 1475 3634 terrae,
1504 3585 1640 3638 quas
1668 3569 1887 3624 ﬂuidum
1919 3585 2065 3624 mare
2095 3573 2270 3633 subit,

708 3666 945 3720 indicant
972 3683 986 3718 :
1013 3666 1155 3734 quod
1179 3665 1264 3717 ubi
1294 3663 1345 3717 in
1365 3663 1615 3732 obliquis,
1649 3678 1753 3717 non
1782 3675 1960 3718 autem
1992 3674 2136 3719 recta
2158 3674 2274 3720 ten-

708 3757 975 3822 dentibus,
1005 3755 1336 3813 diverticulis
1360 3755 1474 3827 39
1531 3755 1796 3811 inclusum
1834 3768 1937 3822 est,
1967 3757 2274 3827 impulsum-

707 3865 814 3919 que
844 3848 944 3903 fuit
977 3864 1008 3903 a
1037 3859 1195 3904 vento
1241 3849 1368 3903 illud
1395 3857 1659 3914 movente,
1713 3858 1823 3903 tum
1849 3849 2130 3919 superﬁcie
2165 3851 2275 3907 dis-

707 3953 862 4010 rupta
882 3943 1026 3996 foras
1053 3941 1315 4010 erumpit;
1341 3951 1502 4010 atque
1525 3942 1843 3996 emendante
1865 3943 2272 3998 amaritudinem

705 4033 1090 4104 percolatione,
1144 4034 1289 4101 potui
1325 4041 1507 4100 aptum
1555 4035 1752 4088 evadit.
1795 4034 1913 4089 Jam
1967 4051 2092 4090 vero
2141 4037 2270 4090 cali-

703 4125 854 4177 diore
875 4122 1132 4192 qualitate
1163 4124 1324 4178 etiam
1355 4138 1421 4177 ex
1454 4125 1680 4177 metallis
1703 4126 1756 4177 in
1789 4128 2014 4181 transitu
2034 4139 2270 4198 accepta,

702 4227 768 4268 ex
797 4214 982 4268 eadem
1014 4215 1275 4269 moventis
1300 4230 1461 4269 causa
1488 4215 1748 4270 fervidum
1782 4217 1839 4270 ﬁt
1881 4228 1938 4271 ut
1983 4219 2270 4287 plurimum

704 4315 758 4358 et
785 4305 979 4360 ardens
1003 4325 1016 4360 :
1067 4307 1119 4360 id
1165 4307 1304 4376 quod
1335 4307 1386 4359 in
1415 4307 1590 4362 multis
1619 4309 1829 4374 insulis,
1857 4309 2141 4380 multisque
2158 4326 2272 4364 ma-

708 4395 906 4450 ritimis
963 4395 1094 4451 locis
1139 4397 1219 4450 ias
1270 4407 1353 4451 est
1391 4397 1607 4453 intueri.
1640 4399 1969 4467 Quinetiam,
1999 4411 2058 4455 ut
2102 4418 2267 4473 parva

2380 570 2468 622 διὰ
2494 568 2585 621 τοῦ
2622 569 2825 640 θερμοῦ
2855 565 3324 635 συμπλεκόμενος.
3379 565 3450 616 Τὸ
3497 561 3552 614 δὲ
3593 560 3728 630 πῦρ,
3758 558 3953 627 θερμὴν

2382 663 2477 714 καὶ
2512 661 2672 732 ξηρὸν
2705 663 2947 732 ὑπάρχον
2993 658 3090 727 τὴν
3142 655 3324 726 φύσιν,
3357 657 3434 728 τῷ
3479 657 3573 727 μὲν
3628 651 3816 722 θερμῷ
3849 651 3951 718 (99}

2382 753 2518 822 πρὸς
2541 748 2640 805 ’τὸν
2693 755 2831 825 ἀέρα
2866 749 3163 811 συνδεῖται,
3188 745 3262 816 τῷ
3311 745 3460 818 ξηρῷ
3500 747 3555 800 δὲ
3602 743 3770 797 πάλιν
3824 740 3952 809 trp-:3;

2382 845 2478 915 τὴν
2503 846 2785 898 κοινωνίαν
2817 845 2914 914 τῆς
2944 841 3046 910 γῆς
3076 840 3453 910 ἐπανέρχεται,
3501 841 3612 894 Καὶ
3640 835 3785 890 οὕτω
3816 834 3952 901 γίνε-

2381 955 2469 988 ται
2515 936 2713 999 κύκλος
2763 938 2857 989 καὶ
2910 932 3068 1003 χορὸς
3125 930 3463 1003 ἐναρμόνιος,
3525 927 3952 1001 συμφωνούντων

2383 1027 2600 1080 πάντων
2638 1029 2734 1080 καί
2775 1024 3202 1094 συστοιχούντων
3238 1021 3506 1092 ἀλλήλοις.
3562 1023 3724 1076 Ὅθεν
3758 1019 3954 1088 κυρίως

2382 1119 2564 1181 αὐτοῖς
2621 1119 2714 1172 καὶ
2767 1124 2800 1192 ἡ
2859 1117 3198 1191 προσηγορία
3255 1116 3362 1168 τῶν
3408 1116 3682 1181 στοιχείων
3721 1114 3953 1183 ἐφήρμο-

2383 1228 2507 1264 σται
2543 1210 2638 1280 (1).
2678 1213 2866 1267 Ταῦτά
2900 1228 2989 1283 μοι
3020 1210 3236 1279 εἴρηται
3274 1204 3607 1278 παριστῶντι
3649 1208 3750 1276 τὴν
3787 1203 3952 1258 αἰτίαν

2382 1304 2444 1356 δι’
2483 1303 2548 1373 ἢν
2574 1305 2601 1354 ὁ
2625 1302 2755 1368 Θεὸς
2785 1307 2882 1375 τὴν
2910 1300 3076 1375 ξηρὰν
3106 1301 3332 1352 ἐκάλεσε
3372 1301 3494 1370 γῆν,
3545 1295 3660 1348 ἀλλ’
3691 1301 3818 1367 οὐχ’,
3862 1296 3951 1364 τὴν

2383 1397 2487 1466 γῆν
2519 1399 2780 1465 προσεῖπε
2810 1395 3002 1466 ξηράν.
3053 1392 3197 1445 Διότι
3225 1392 3285 1444 τὸ
3316 1392 3476 1464 ξηρὸν
3509 1388 3629 1457 οὐχὶ
3659 1389 3771 1440 τῶν
3807 1390 3950 1442 ὓστε-

2385 1503 2479 1556 ρον
2507 1487 2584 1557 (2)
2616 1487 3054 1561 προσγινομένων
3082 1483 3198 1536 ἐστὶ
3214 1487 3280 1554 τῇ
3309 1487 3400 1555 γῇ,
3424 1481 3557 1536 ἀλλὰ
3581 1478 3689 1531 τῶν
3709 1478 3771 1541 ἐξ
3794 1480 3954 1549 ἀρχῆς

2387 1578 2853 1648 συμπληρούντων
2894 1577 3064 1646 αὐτῆς
3087 1574 3182 1644 τὴν
3208 1575 3416 1630 οὐσίαν.
3465 1573 3545 1626 Τὰ
3574 1571 3632 1623 δὲ
3663 1570 3836 1638 αὐτὴν
3869 1568 3952 1620 τοῦ

2383 1665 2523 1721 εἶναι
2552 1671 2730 1723 αἰτίαν
2758 1668 3089 1738 παρέχοντα,
3121 1668 3362 1739 πρότερα
3401 1672 3465 1738 τῇ
3492 1664 3652 1735 φύσει
3677 1661 3791 1713 τῶν
3829 1662 3953 1729 μετὰ

2383 1761 2555 1814 ταῦτα
2579 1759 3018 1832 προσγινομένων
3053 1758 3144 1812 καὶ
3176 1760 3558 1829 προτιμότερα.
3595 1755 3764 1806 ’Ὥστε
3815 1749 3950 1801 εἰκό-

2378 1871 2486 1917 τως
2513 1857 2576 1908 ὲκ
2607 1853 2715 1906 τῶν
2773 1851 3234 1924 προϋπαρχόντων
3291 1855 3385 1906 καὶ
3439 1848 3832 1924 πρεσϐυτέρων
3871 1844 3954 1894 ἑπ-

2380 1947 2575 2018 ενοήθη
2608 1950 2673 2018 τῇ
2695 1948 2764 2017 γῇ
2800 1945 2867 1998 τὰ
2897 1944 3275 2015 γνωρίσματα.

2455 2039 2508 2094 6.
2544 2041 2651 2093 Καὶ
2683 2035 2842 2093 εἶδεν
2869 2041 2901 2092 ό
2933 2040 3096 2102 Θεὸς,
3132 2036 3222 2090 ὅτι
3248 2039 3456 2091 καλόν.
3485 2037 3598 2089 Ούκ
3638 2033 3775 2086 αὐτὸ
3809 2032 3953 2085 τοῦτο

2379 2137 2620 2204 τερπνὴν
2654 2151 2779 2187 τινα
2804 2133 2925 2203 ὗψιν
2960 2132 3236 2204 θαλάσσης
3262 2136 3290 2186 ό
3327 2134 3483 2199 λόγος
3517 2130 3855 2182 ἐνδείκνυται
3887 2128 3956 2198 τῷ

2378 2223 2497 2294 Θεῷ
2555 2225 2852 2294 πεφηνέναι
2895 2225 2994 2295 (ὅ).
3047 2225 3120 2277 Ού
3169 2226 3278 2294 γὰρ
3315 2221 3610 2290 ὀφθαλμοῖς
3672 2218 3862 2288 βλέπει
3895 2219 3955 2271 τὰ

2382 2318 2552 2388 κάλλη
2575 2318 2675 2388 τῆς
2705 2315 2936 2379 κτίσεως
2988 2321 3016 2371 ὁ
3066 2319 3314 2388 ποιητὴς,
3346 2313 3480 2367 ἀλλὰ
3519 2316 3584 2384 τῇ
3621 2314 3852 2385 ἀρῤήτῳ
3875 2329 3954 2366 σο-

2382 2410 2479 2481 φίᾳ
2503 2408 2696 2480 θεωρεῖ
2721 2407 2790 2461 τὰ
2825 2407 3103 2477 γινόμενα.
3161 2407 3286 2460 Ἡδὺ
3337 2405 3434 2475 μὲν
3477 2404 3585 2475 γὰρ
3629 2404 3816 2476 θέαμα
3847 2404 3958 2456 λευο

2379 2500 2673 2571 καινομένη
2721 2498 2986 2563 θάλασσα,
3029 2497 3269 2567 γαλήνης
3319 2496 3484 2568 αὐτὴν
3522 2497 3799 2564 σταθερᾶς
3833 2511 3955 2547 κατ-

2379 2591 2608 2662 εχούσης
2632 2607 2645 2620 δ
2676 2590 2777 2660 ἡδὺ
2822 2589 2878 2642 δὲ
2905 2590 2998 2642 καὶ
3027 2589 3154 2643 ὅταν
3182 2589 3433 2660 πραείαις
3467 2587 3663 2657 αὔραις
3697 2601 3954 2654 τραχυνο-

2381 2683 2517 2752 μένη
2557 2681 2624 2734 τὰ
2658 2682 2823 2741 νῶτα,
2877 2680 3264 2752 πορφύρουσαν
3327 2681 3491 2751 χρόαν
3533 2677 3566 2746 ἢ
3615 2675 3833 2745 κυανῆν
3856 2678 3954 2738 τοῖς

2375 2773 2541 2844 ὁρῶσι
2586 2773 2900 2846 προσϐάλλῃ
2952 2773 3051 2844 (4)*
3085 2775 3174 2827 ὅτε
3232 2771 3352 2825 οὐδὲ
3395 2768 3585 2819 τύπτει
3639 2765 3834 2836 βιαίως
3867 2766 3953 2837 τὴν

2375 2864 2590 2934 γείτονα
2617 2866 2832 2938 χέρσον,
2867 2866 2981 2920 ἀλλ’
3014 2862 3125 2920 οἷον
3153 2861 3454 2934 εἰρηνικαῖς
3491 2877 3634 2913 τισιν
3663 2857 3837 2928 αὐτὴν
3867 2876 3952 2910 πε-

2378 2955 2664 3027 ριπλοκαῖς
2709 2957 3141 3021 κατασπάζεται.
3210 2955 3283 3006 Οὐ
3352 2951 3457 3024 μὴν
3491 2953 3640 3005 οὓτω
3688 2951 3789 3003 καὶ
3842 2950 3951 3020 Θεῷ

2377 3049 2584 3105 οἴεσθαι
2610 3052 2715 3124 χρὴ
2753 3053 2850 3120 τὴν
2875 3047 3097 3120 Γραφὴν
3127 3046 3407 3118 εἰρηκέναι
3443 3045 3611 3115 καλὴν
3644 3043 3741 3097 καὶ
3776 3044 3951 3116 ἡδεῖαν

2377 3137 2554 3213 ὦφθαι
2612 3143 2707 3214 τὴν
2759 3140 3050 3202 θάλασσαν,
3083 3139 3218 3192 ἀλλὰ
3261 3139 3323 3191 τὸ
3362 3138 3525 3190 καλὸν
3564 3138 3683 3188 ἐκεῖ
3708 3135 3790 3207 τῷ
3819 3137 3954 3206 λόγῳ

2377 3235 2477 3305 τῆς
2503 3235 2581 3303 (5)
2608 3231 2968 3304 δημιουργίας
2983 3229 3246 3302 κρίνεται.
3286 3229 3509 3300 Πρῶτον
3541 3228 3772 3298 μὲν,-ὄτι
3809 3229 3953 3300 πηγὴ

2376 3328 2474 3396 τῆς
2500 3327 2628 3395 περὶ
2672 3323 2776 3393 γῆν
2825 3324 3041 3393 ἁπάσης
3079 3323 3280 3386 νοτίδος
3309 3323 3426 3375 ἐστὶ
3466 3321 3524 3374 τὸ
3552 3321 3654 3390 τῆς
3679 3321 3950 3393 θαλάσσης

2376 3415 2521 3485 ὕδωρ
2542 3432 2554 3444 ·
2608 3414 2763 3466 τοῦτο
2811 3414 2907 3483 μὲν
2939 3414 2996 3464 ὲν
3019 3415 3129 3477 τοῖς
3164 3409 3390 3483 ἀφανέσι
3436 3413 3622 3483 πόροις
3648 3412 3952 3483 amatam-

2374 3525 2482 3571 νον,
2535 3507 2610 3569 ὡς
2639 3504 2889 3577 δηλοῦσιν
2937 3508 2994 3558 αἰ
3056 3505 3359 3577 σομφώδεις
3417 3506 3522 3558 τῶν
3560 3505 3816 3577 ἠπείρων
3866 3503 3949 3558 καί

2376 3597 2658 3669 ὕπαντροι,
2692 3599 2781 3666 ὑφ’
2814 3597 2879 3661 ἃς
2908 3600 2941 3671 ἠ
2973 3597 3174 3671 ροιὶιδης
3228 3597 3648 3660 διαυλωνίζουσα
3686 3597 3948 3655 θάλασσα,

2375 3689 2600 3743 ἐπειδὰν
2631 3688 2870 3753 σκολιαῖς
2902 3690 2996 3743 καί
3031 3690 3091 3742 οὐ
3129 3689 3203 3759 (6)
3243 3687 3378 3758 πρὸς
3409 3687 3469 3740 τὸ
3501 3687 3686 3758 ὄρθιον
3720 3686 3951 3759 φερομέ-

2375 3799 2495 3846 ναις
2525 3781 2871 3852 ὲναποληφθῇ
2906 3779 3176 3844 διεξόδοις,
3213 3779 3318 3832 ὑπὸ
3356 3778 3449 3833 τοῦ
3480 3774 3755 3843 κινοῦντος
3784 3778 3950 3848 αὐτὴν

2376 3881 2679 3944 πνεύματος
2719 3872 3023 3940 ὡθουμένη,
3068 3870 3291 3940 φέρεται
3330 3871 3434 3935 ἔξω
3473 3871 3571 3942 τὴν
3621 3872 3946 3937 ἐπιφάνειαν

2374 3965 2728 4037 διαρρήξασα,
2758 3963 2851 4014 καὶ
2902 3961 3110 4029 γίνεται
3144 3963 3375 4033 πότιμος
3410 3964 3474 4016 ἐκ
3517 3965 3615 4034 τῆς
3647 3961 3946 4032 διηθήσεως

2372 4054 2432 4106 τὸ
2464 4055 2655 4123 πικρὸν
2709 4051 2938 4104 ἰαθεῖσα.
2963 4051 3102 4122 Ἤδη
3139 4052 3195 4105 δὲ
3227 4054 3322 4108 καὶ
3379 4053 3717 4125 θερμοτέρας
3760 4052 3829 4105 ὲκ
3857 4068 3947 4122 με·

2374 4145 2580 4199 τάλλων
2610 4145 2893 4215 ποιότητος
2927 4146 3068 4199 κατὰ
3116 4147 3214 4217 τὴν
3263 4147 3491 4212 διέξοδον
3540 4144 3943 4218 προσλαϐοῦσα,

2371 4238 2436 4290 ὲκ
2465 4237 2561 4306 τῆς
2598 4235 2766 4305 αὐτῆς
2795 4235 2888 4288 τοῦ
2930 4236 3208 4301 κινοῦντος
3255 4240 3433 4302 αἰτίας
3473 4237 3671 4301 ζέουσα
3717 4237 3941 4306 γίνεται,

2371 4326 2447 4389 ὡς
2476 4325 2544 4378 τὰ
2571 4325 2760 4389 πολλὰ,
2793 4326 2885 4379 καὶ
2920 4328 3207 4400 πυρώδης·
3245 4331 3381 4400 ὅπερ
3408 4329 3670 4398 πολλαχοῦ
3705 4331 3805 4398 μὲν
3838 4328 3945 4382 τῶν

2369 4419 2572 4488 νήσων,
2626 4418 2894 4489 πολλαχοῦ
2926 4418 2983 4471 δὲ
3034 4420 3143 4473 τῶν
3190 4421 3470 4492 παραλίων
3502 4421 3686 4473 τόπων
3740 4421 3942 4485 ἔξεστιν

705 4489 917 4555 magnis
948 4504 1323 4559 comparemus
1348 4532 1364 4558 ,
1416 4492 1469 4545 in
1503 4493 1908 4548 mediterraneis
1960 4495 2268 4565 regionibus

2377 4509 2675 4581 ἱστορῆσαι.
2716 4512 2888 4566 Ὅπου
2930 4527 2996 4578 γε
3045 4513 3139 4564 καὶ
3190 4489 3330 4565 κατὰ
3368 4513 3466 4580 τὴν
3519 4504 3940 4583 μεσόγειαν’(7)

706 4582 885 4634 simile
939 4583 1189 4650 quiddam
1252 4590 1620 4654 perpetiuntur
1673 4586 1788 4640 loca
1839 4589 2079 4656 quaedam
2113 4593 2268 4660 aquis

713 4665 1018 4722 ﬂuvialibus
1070 4671 1321 4729 conﬁnia.
1381 4674 1515 4741 Quid
1546 4685 1628 4730 est
1655 4675 1816 4744 igitur
1848 4693 1948 4732 cur
1993 4680 2092 4734 hoc
2118 4695 2147 4733 a
2183 4697 2270 4736 me

702 4757 904 4812 dictum
946 4759 1050 4813 sit?
1089 4759 1241 4824 Quod
1301 4774 1409 4817 tota
1471 4765 1647 4830 tellus,
1695 4781 1832 4835 aqua
1887 4783 1984 4838 per
2033 4770 2270 4826 occultos

698 4856 912 4901 meatus
947 4863 1012 4901 ex
1051 4850 1214 4904 maris
1246 4852 1523 4923 principiis
1557 4857 1976 4923 subtermeante,
2005 4860 2268 4917 cuniculis

701 4937 899 4992 referta
941 4950 1024 4993 est
1045 4955 1107 5011 ac
1128 4941 1347 5009 repleta.

776 5028 824 5084 7.
875 5029 1164 5086 Pulchrum
1200 5035 1377 5102 itaque
1406 5043 1488 5090 est
1514 5052 1664 5098 mare
1695 5037 1823 5107 Deo,
1852 5041 1922 5097 ob
1976 5042 2258 5099 humorem

773 5235 884 5318 (g9)
904 5237 1032 5318 pug
1050 5256 1182 5318 mss.
1205 5241 1266 5294 τὸ
1292 5244 1391 5318 μὲν
1417 5243 1617 5317 θερμόν
1645 5269 1656 5301 ;
1695 5266 1922 5318 quorum
1947 5256 2082 5310 alter
2103 5259 2261 5314 habet

699 5323 773 5397 :2
799 5307 962 5397 ξηρὸν
991 5309 1262 5397 δξγπάλιν.
1285 5307 1388 5397 ἱλΗὶ
1415 5307 1675 5397 tres-mss.
1713 5307 1791 5390 τῷ
1827 5325 1923 5397 μέν

697 5378 974 5509 alio:qu
1031 5380 1107 5439 δέ.
1161 5382 1282 5437 Mox
1335 5382 1466 5454 Reg.
1527 5389 1731 5457 primus
1763 5378 1938 5462 ’χὸρὸς
1966 5378 2260 5470 ’πὲιῦέρῇἀζ

767 5517 844 5641 ’l)
876 5518 1232 5604 Reg..tertius
1271 5525 1546 5596 στοιχείων
1580 5532 2014 5641 προσήρμοσται,

791 5587 848 5641 2)
879 5587 1029 5641 Mulli
1065 5607 1193 5641 mss.
1219 5593 1462 5641 ὕστερον-
1491 5598 1626 5641 Ιῖἶιίίιί
1655 5602 1752 5641 ὥστ
1791 5620 1896 5641 mm-

879 5587 1029 5673 ξιρυῖιί
1065 5607 1193 5647 mss.
1219 5587 1470 5673 horapng
1488 5587 1916 5673 Ειίίιῖύστέρως.

880 5659 1012 5739 Beg.
1039 5674 1224 5739 sextus
1255 5664 1332 5733 τῷ
1512 5658 1832 5739 πεφυκέναί.

767 5691 846 5869 iii
876 5691 1234 5812 ἓιῖςῗῐεέξᾞῗιῗ)
1255 5691 1555 5810 ἷζὲοὲάῗῆτῖἷ

792 5798 844 5867 5)
893 5799 966 5854 lta
1022 5803 1189 5858 editio
1218 5802 1380 5861 Basil.
1411 5821 1462 5862 et
1511 5827 1555 5862 Ill

792 5798 844 5867 5)
893 5799 966 5854 lta
1022 5801 1189 5858 editio
1218 5798 1380 5861 Basil.
1411 5821 1462 5862 et
1506 5798 1610 5864 i'ns.
1666 5811 1906 5871 Combel‘.
1942 5832 2067 5873 cum
2132 5820 2248 5878 aliis

2372 4602 2527 4655 τόποι
2557 4603 2701 4666 τινὲς
2726 4603 2830 4656 τῶν
2872 4603 3150 4672 ποταμίων
3192 4605 3398 4657 ὑδάτων
3435 4605 3697 4671 γείτονες,
3731 4606 3808 4669 ὡς
3853 4624 3938 4676 μι-

2371 4695 2480 4767 κρὰ
2529 4695 2785 4764 μεγάλοις
2828 4695 3066 4757 εἰκάσαι,
3120 4695 3188 4748 τὰ
3241 4696 3596 4768 παραπλήσια
3650 4699 3934 4769 πάσχουσι.

2370 4786 2516 4856 Πρὸς
2539 4783 2632 4840 οὖν
2663 4786 2714 4839 τί
2739 4786 2895 4839 τοῦτο
2917 4786 3134 4859 εἴρηταί
3175 4805 3300 4858 μοι;
3340 4791 3461 4842 Ὀτι
3485 4792 3635 4844 πᾶσα
3670 4790 3936 4861 ὑπόνομός

2368 4877 2516 4930 ἐστιν
2548 4879 2580 4947 ἡ
2615 4878 2709 4947 γῆ,
2740 4879 2829 4932 διὰ
2880 4879 3061 4950 πόρων
3106 4879 3327 4949 ἀφανῶν
3371 4883 3435 4934 ὲκ
3486 4882 3592 4934 τῶν
3624 4882 3814 4952 ἀρχῶν
3840 4881 3933 4949 τῆς

2367 4967 2643 5038 θαλάσσης
2683 4970 3100 5034 ύπονοστοῦντος
3130 4971 3224 5025 τοῦ
3253 4973 3462 5037 ὓδατος.

2437 5055 2490 5110 7.
2523 5055 2678 5127 Καλὴ
2708 5059 2887 5111 τοίνυν
2914 5059 2945 5128 ἡ
2974 5057 3218 5114 θάλασσα
3246 5062 3325 5132 τῷ
3365 5062 3483 5133 Θεῷ
3514 5064 3607 5117 καὶ
3636 5063 3727 5117 διὰ
3755 5065 3852 5135 τὴν
3877 5065 3931 5117 ὲν

2364 5264 2600 5333 quinque
2654 5280 2782 5320 mss.
2820 5267 2952 5333 Reg.
3001 5279 3186 5322 sextus
3215 5268 3351 5322 ἀλλὰ
3389 5270 3450 5324 τὸ
3480 5269 3644 5323 καλὸν
3666 5269 3811 5324 ἐκεῖ.
3852 5287 3882 5322 τ

2363 5332 2513 5404 καλῷ
2537 5333 2654 5403 τῆς,
2692 5347 2798 5390 etc.
2853 5332 3030 5391 Editio
3077 5338 3247 5393 Paris.
3304 5340 3467 5393 καλὸν
3495 5340 3690 5409 ἐκείνῳ
3751 5340 3829 5411 τῷ
3855 5339 3884 5392 λ

2363 5419 2510 5543 γᾳίθ)
2547 5472 2908 5549 _Sic_Combel’.
2938 5476 3238 5549 cuereg.
3267 5488 3460 5534 octavo
3499 5488 3554 5532 et
3597 5495 3726 5535 cum
3777 5480 3921 5536 Colb.

2363 5544 2620 5608 secundo.
2650 5546 2808 5602 Deest
2839 5549 2898 5600 οὐ
2928 5550 2978 5600 in
3003 5548 3163 5602 editis
3191 5544 3252 5601 'et
3284 5550 3336 5601 in
3375 5549 3550 5602 multis
3575 5565 3710 5604 mss.

2435 5613 2514 5683 (7)
2535 5612 2634 5684 _Sic
2659 5614 2807 5684 Regii
2846 5620 3058 5682 tertius,
3087 5618 3306 5684 quintus
3327 5629 3379 5671 et
3409 5629 3592 5674 sextus
3612 5636 3738 5674 cum
3779 5630 3918 5674 utro-

2361 5698 2464 5757 que
2498 5682 2684 5757 'Coisl.
2734 5682 2875 5742 Editi
2940 5703 3061 5745 cum
3097 5682 3415 5757 quibusdam
3447 5690 3568 5757 aliis
3623 5706 3758 5747 mss.
3785 5689 3918 5745 κατὰ

2361 5754 2456 5824 τὴν
2485 5770 2550 5823 με
2559 5754 2784 5822 σόγειον.
