4100 6312
171 371 246 421 Si?»
1315 362 1594 417 liOMlLlA
1634 366 1675 418 V
1719 364 1782 416 IN
1826 361 2319 416 "EXAEMERON.
3339 365 3408 417 ‘M

164 482 247 552 τῷ
279 484 433 553 βάθει
480 485 576 552 τῆς
613 481 831 551 ἰκμάδος
862 481 1198 552 ὑποδρομὴν·
1250 479 1388 550 καλὴ
1442 482 1533 532 καὶ
1588 483 1734 542 διότι,

1849 498 1939 549 per
1970 483 2156 534 intima
2208 481 2320 532 loca
2368 483 2719 534 subeuntem:
2766 480 3041 547 pulchrum
3079 478 3224 538 item,
3271 479 3412 545 quod

164 579 437 646 ποταμῶν
474 571 605 626 οὖσα
637 575 712 643 (8)
738 576 960 645 δοχεῖον,
995 577 1073 635 εἰς
1093 572 1288 643 ἑαυτὴν
1321 574 1387 626 τὰ
1417 577 1746 644 πανταχόθεν

165 668 528 734 καταδέχεται
561 665 823 737 ῥεύματα,
855 668 946 718 καὶ
985 664 1131 734 μένει
1167 666 1272 719 τῶν
1300 669 1438 738 ὅρων
1473 665 1601 717 εἴσω
1643 669 1746 721 τῶν

165 754 378 819 ἑαυτῆς
454 751 588 824 καλὴ
615 757 705 806 καὶ
746 754 879 805 διότι
913 755 1023 815 τοῖς
1050 755 1254 826 ἀερίοις
1283 755 1466 806 ὕδασιν
1500 755 1636 825 ἀρχή
1666 758 1746 820 τίς

162 848 288 895 ἐστι
329 845 421 895 καὶ
455 847 622 915 πηγὴ,
656 844 969 912 θαλπομένη
1008 847 1103 915 μὲν
1135 850 1199 915 τῇ
1241 847 1414 896 ἀκτῖνι
1443 846 1536 897 τοῦ
1567 847 1741 917 ἡλίου,

163 935 544 1007 ἀποτιθεμένη
572 937 702 989 δὲτὸ
725 935 916 989 λεπτὸν
944 938 1032 990 τοῦ
1066 938 1253 998 ὓδατος
1281 936 1366 989 διά
1401 939 1506 990 τῶν
1534 941 1741 1011 ἀτμῶν,

160 1027 314 1097 ὅπερ
350 1028 606 1080 ὲλκυσθὲν
663 1028 741 1088 είς
798 1027 885 1080 τὸν
927 1029 1036 1080 ἄνω
1086 1027 1270 1091 τόπον,
1319 1025 1456 1096 εἶτα,
1505 1033 1742 1101 καταψυ-

162 1122 298 1189 χθὲν
334 1124 421 1176 διά
450 1123 510 1174 τὸ
555 1121 879 1194 ὑψηλότερον
920 1121 1168 1187 γενέσθαι
1197 1125 1294 1195 τῆς
1327 1127 1432 1178 ἀπὸ
1477 1127 1570 1178 τοῦ
1625 1129 1744 1182 ἐδά-

162 1231 308 1282 φους
341 1214 687 1277 ἀνακλάσεως
713 1216 818 1266 τῶν
846 1214 1098 1278 ἀκτίνων,
1127 1218 1217 1268 καὶ
1244 1218 1379 1286 ὁμοῦ
1424 1218 1522 1285 τῆς
1548 1219 1612 1270 ἐκ
1645 1220 1738 1273 τοῦ

161 1309 369 1372 νέςιςους
402 1307 558 1368 σκιᾶς
583 1307 678 1376 τὴν
712 1306 868 1375 ψύξιν
891 1307 1284 1377 ἐπιτεινούσης,
1321 1309 1474 1371 ὑετὸς
1510 1311 1736 1378 γίνεται.

161 1399 262 1451 καὶ
323 1401 524 1451 πιαίνει
571 1401 668 1470 τὴν
717 1400 842 1470 γῆν.
893 1402 1001 1455 Καὶ
1037 1401 1247 1464 τούτοις
1297 1402 1468 1464 οὐδεὶς
1524 1403 1743 1456 ἀπιστεῖ

161 1489 393 1551 πάντως
426 1493 548 1552 τοὺς
589 1492 1015 1564 ὑποκαιομένους
1072 1491 1301 1563 λέϐητας
1342 1495 1616 1563 ἐννοήσας,
1667 1496 1737 1557 οἳ,

159 1579 400 1650 πλήρεις
447 1583 594 1648 ὄντες
628 1585 815 1656 ὑγροῦ,
872 1584 1129 1648 πολλάκις
1177 1586 1323 1638 κενοὶ
1383 1587 1737 1658 κατελείφθη-

162 1689 268 1725 σαν
309 1674 407 1745 t9),
442 1679 518 1734 είς
537 1678 703 1746 ἀτμὸν
728 1675 924 1738 παντὸς
945 1676 1038 1728 τοῦ
1063 1678 1324 1748 ἑψομένου
1348 1678 1734 1751 διακριθέντος.

172 1765 340 1818 Ἀλλά
385 1769 477 1818 καὶ
536 1767 665 1818 αὐτὸ
717 1766 862 1819 ἔστιν
901 1768 1026 1820 ἰδεῖν
1064 1770 1123 1822 τὸ
1162 1771 1261 1839 τῆς
1291 1769 1560 1840 Θαλάσσης
1596 1769 1736 1842 ὕδωρ

161 1858 322 1923 παρὰ
359 1856 464 1907 τῶν
502 1857 927 1927 ναυτιλλομένων
957 1861 1216 1930 ἑψόμενον
1236 1879 1247 1890 ·
1283 1864 1355 1922 οἳ,
1386 1864 1510 1924 τοὺς
1533 1865 1735 1932 ἀτμοὺς

162 1947 428 2013 σπόγγοις
480 1949 861 2018 ὑποδεχόμενοι
918 1953 1050 2018 (l0),
1106 1953 1205 2021 τὴν
1252 1953 1437 2022 χρείαν
1503 1953 1735 2022 μετρίως

160 2041 217 2089 ἐν
245 2042 370 2102 ταῖς
404 2040 668 2107 ἀνάγκαις
693 2042 1158 2112 παραμυθοῦνται.
1179 2044 1332 2113 Καλὴ
1365 2043 1419 2096 δὲ
1450 2046 1540 2097 καὶ
1565 2044 1737 2108 ἄλλως

161 2132 324 2203 παρὰ
355 2131 490 2202 Θεῷ,
527 2134 606 2186 ὅτι
653 2136 1000 2205 περισφίγγει
1052 2136 1151 2200 τάς
1198 2138 1414 2207 νήσους,
1447 2133 1578 2206 ὁμοῦ
1639 2135 1736 2206 μὲν

160 2225 373 2294 κόσμον
409 2226 617 2290 αὑταῖς,
653 2227 784 2296 ὁμοῦ
824 2228 881 2280 δὲ
932 2229 1024 2281 καὶ
1058 2228 1353 2298 ἀσφάλειαν
1392 2227 1732 2300 παρεχομένη

158 2317 226 2368 δι’
255 2319 488 2386 ἑαυτῆς·
550 2319 736 2372 ἔπειτα
783 2321 877 2372 καὶ
933 2324 1014 2372 ὅτι
1051 2322 1147 2382 τὰς
1194 2322 1438 2372 πλεῖστον
1494 2320 1734 2388 ἀλλήλων

160 2407 461 2470 διεστώσας
495 2410 752 2478 ἠπείρους
794 2410 1050 2462 συνάπτει
1102 2411 1167 2461 δι’
1214 2409 1429 2478 ἑαυτῆς,
1462 2407 1734 2461 ἀκώλυτον

158 2499 275 2558 τοῖς
300 2496 730 2566 ναυτιλλομένοις
781 2497 877 2568 τὴν
924 2498 1201 2567 ἐπιμιξίαν
1229 2497 1571 2567 παρεχομένη
1595 2513 1633 2564 '_
1666 2497 1733 2549 δι’

160 2583 236 2642 ὧν
272 2591 369 2642 καὶ
415 2590 652 2660 ἱστορίας
712 2589 819 2643 τῶν
870 2591 1245 2661 ἀγνοουμένων
1293 2589 1597 2660 χαρίζεται,
1642 2591 1735 2643 καὶ

161 2681 395 2736 πλούτου
420 2684 674 2756 πρόξενος
708 2684 969 2754 ἐμπόροις
992 2685 1218 2752 γίνεται,
1251 2684 1344 2736 καὶ
1375 2683 1472 2745 τάς
1495 2682 1588 2734 τοῦ
1619 2682 1731 2751 βίου

162 2774 355 2843 χρείας
383 2776 772 2846 ἐπανορθοῦται
800 2777 1014 2844 ῥαδίως,
1050 2775 1331 2847 ἐξαγωγὴν
1374 2778 1470 2843 μὲν
1493 2792 1600 2826 των
1633 2792 1731 2826 πε-

165 2866 369 2935 ριττῶν
397 2869 505 2929 τοῖς
528 2865 748 2933 εύθηνου
758 2866 936 2935 μένοις
960 2867 1325 2937 παρεχομένη,
1358 2866 1732 2937 ἐπανόρθωσιν

163 2956 219 3008 δὲ
253 2957 350 3009 τοῦ
377 2957 652 3020 λείποντος
686 2957 1010 3029 χαριζομένη
1033 2961 1141 3022 τοῖς
1175 2959 1396 3013 ἐνδεέσι.
1430 2961 1538 3012 Καὶ
1571 2958 1732 3012 πόθεν

163 3049 288 3116 ἐμοὶ
323 3050 443 3102 ὅλον
473 3049 595 3102 ἰδεῖν
623 3050 758 3120 μετά
780 3050 1058 3121 ἀκριϐείας
1086 3051 1184 3120 τῆς
1215 3051 1486 3122 θαλάσσης
1514 3052 1574 3103 τὸ
1602 3051 1732 3103 κάλ-

163 3135 273 3199 λος,
309 3140 434 3191 ὅσον
479 3140 555 3210 τῷ
588 3139 848 3210 ὀφθαλμῷ
903 3139 994 3193 τοῦ
1039 3146 1363 3210 ποιήσαντος
1417 3141 1727 3210 κατεφάνης

165 3228 227 3279 Εἰ
262 3229 320 3280 δὲ
355 3229 595 3284 θάλασσα
626 3232 761 3302 καλὴ
789 3232 882 3283 καὶ
914 3230 1264 3301 ἐπαινετὴτῶ
1289 3229 1426 3301 Θεῷ,
1471 3230 1585 3295 πῶς
1615 3231 1732 3301 οὐχὶ

164 3319 401 3374 καλλίων
449 3320 736 3390 ικκλησίας
784 3321 1036 3392 τοιαύτης
1069 3321 1340 3389 σύλλογος,
1367 3324 1423 3374 ἐν
1532 3340 1734 3393 συμμι-

165 3411 265 3480 γὴς
288 3406 446 3480 ἦχος,
479 3405 589 3462 οἷόν
628 3428 768 3474 τινος
806 3413 1047 3481 κύματος
1088 3414 1223 3482 ἠϊόνι
1269 3416 1730 3485 προσφερομένου,

164 3503 376 3572 ἀνδρῶν
405 3503 496 3554 καὶ
522 3503 790 3570 γυναικῶν
814 3505 903 3555 καί
939 3504 1168 3574 νηπίων,
1195 3506 1333 3556 κατά
1364 3506 1461 3567 τάς
1488 3506 1623 3576 πρὸς
1643 3508 1733 3560 τὸν

165 3596 292 3648 Θεὸν
325 3597 436 3665 ill)
473 3595 627 3665 ἡμῶν
676 3596 908 3666 δεήσεις,
966 3598 1342 3665 ἐκπέμπεται;
1405 3597 1616 3668 Γαλήνη
1677 3600 1735 3652 δὲ

167 3686 356 3756 βαθεῖα
391 3688 684 3741 ἀσάλευτον
728 3689 894 3760 αὐτὴν
937 3687 1208 3752 διασώζει,
1249 3689 1355 3742 τῶν
1412 3690 1729 3758 πνευμάτων

165 3780 258 3848 τῆς
295 3781 562 3850 πονηρίας
611 3780 838 3852 ταράξαι
884 3782 1052 3852 αὐτὴν
1087 3784 1199 3843 τοῖς
1228 3782 1521 3851 αἱρετικοῖς
1559 3781 1734 3849 λόγοις

170 3870 239 3938 μὴ
266 3870 624 3938 δυνηθέντων.
659 3872 906 3924 Γένοισθε
942 3868 1034 3926 οὖν
1062 3872 1199 3937 ἄξιοι
1220 3872 1319 3941 τῆς
1344 3871 1609 3942 ἀποδοχῆς
1638 3871 1732 3925 τοῦ

166 3958 391 4029 Κυρίου,
421 3961 518 4030 τὴν
565 3961 812 4024 εὐταξίαν
842 3962 1041 4030 ταύτην
1070 3963 1162 4013 ἐπὶ
1203 3964 1262 4014 τὸ
1293 3964 1730 4034 εὐπρεπέστατον

165 4047 525 4112 διασώσαντες
584 4049 717 4119 (1⁵2),
765 4051 821 4101 ἐν
875 4050 1093 4122 Χριστῷ
1160 4052 1330 4117 Ἰησοῦ
1402 4051 1478 4122 τῷ
1545 4052 1732 4122 Κυρίῳ

1849 591 1967 626 cum
1995 575 2062 628 sil
2089 572 2365 625 ﬂuviorum
2394 571 2807 639 receptaculum,
2844 570 3037 623 fluenta
3065 568 3337 623 undelibet
3356 571 3411 622 in

1849 681 1905 718 se
1940 667 2145 736 recipit,
2176 675 2336 732 alque
2371 663 2508 716 intra
2566 680 2689 717 suos
2736 663 2994 715 terminos
3047 670 3245 716 manet.
3288 660 3414 712 Pul-

1848 760 2033 811 chrum
2087 757 2284 817 etiam,
2335 754 2586 824 quoniam
2633 756 2897 807 aeriarum
2962 767 3216 820 aquarum
3261 752 3412 820 origo

1846 849 2084 914 quaedam
2116 864 2178 901 ac
2219 846 2337 900 fons
2375 855 2478 908 est,
2508 855 2780 912 tepescens
2821 845 3032 912 quidem
3085 844 3211 896 solis
3241 846 3409 910 radio,

1847 939 2095 992 eminens
2121 954 2249 992 vero
2270 954 2362 1005 per
2387 951 2608 1004 vapores
2637 951 2830 1003 aquam
2858 935 3183 988 tenuiorem:
3224 950 3340 1002 qua:
3360 937 3411 989 in

1845 1043 2131 1096 supernum
2188 1030 2359 1083 locum
2426 1035 2672 1086 attracta,
2729 1026 2920 1078 deinde
2967 1025 3319 1092 rcfrigescens
3350 1039 3412 1079 eo

1844 1118 1983 1188 quod
2013 1118 2276 1170 radiorum
2309 1135 2336 1170 a
2393 1118 2507 1172 solo
2551 1116 2868 1170 reflexorutn
2905 1131 3220 1184 repercussu
3253 1115 3413 1169 altior

1842 1210 2028 1273 evasit,
2060 1209 2322 1265 simulque
2355 1209 2508 1262 nubis
2531 1210 2714 1262 mnbra
2743 1205 3205 1274 refrigerationem
3232 1207 3408 1260 inten-

1842 1301 2017 1362 dente,
2035 1299 2208 1367 pluvia
2226 1298 2304 1360 tit,
2320 1313 2381 1350 ac
2400 1308 2591 1350 terram
2616 1297 3137 1368 piuguel'aciLAtque
3157 1300 3236 1352 his
3255 1313 3413 1353 nemo

1841 1407 2057 1459 prorsus
2089 1389 2244 1444 iidem
2289 1388 2624 1442 detracturus
2647 1397 2747 1450 est,
2791 1390 2877 1456 qui
2911 1389 3161 1441 admotos
3207 1388 3310 1456 igni
3337 1386 3413 1439 le-

1839 1482 1987 1533 betes
2020 1479 2472 1534 consideraverit:
2504 1477 2593 1545 qui
2623 1477 2843 1530 humore
2875 1480 3115 1546 plcni,eo
3139 1486 3248 1532 toto
3272 1478 3410 1546 quod

1841 1572 2199 1639 coquebatur,
2226 1573 2276 1622 in
2295 1585 2525 1638 vapores
2549 1568 2810 1633 resoluto,
2846 1583 2984 1635 saepe
3017 1570 3168 1621 vacui.
3193 1585 3407 1622 reman-

1839 1675 1980 1714 Scre.
2014 1661 2315 1726 Quinetiam
2375 1663 2540 1728 ipsam
2605 1660 2769 1712 maris
2815 1674 3009 1729 aquam
3041 1676 3070 1712 a
3110 1660 3408 1726 naviganti-

1838 1758 1940 1812 bus
1982 1756 2244 1824 concoqui
2278 1756 2459 1809 videre
2492 1756 2630 1821 licet,
2667 1756 2756 1824 qui
2790 1771 3015 1824 vapores
3054 1757 3288 1825 spongiis
3315 1771 3409 1808 ex-

1769 1838 1808 1891 Β
1840 1849 2120 1917 cipientes,
2164 1847 2214 1899 in
2264 1845 2676 1899 necessitatibus
2704 1853 2970 1914 utcunque
3003 1847 3277 1914 penuriam
3310 1846 3410 1899 ele-

1837 1948 1984 1991 vant.
2023 1937 2312 1991 Pulchrum
2338 1946 2422 1991 est
2451 1946 2627 1991 autem
2660 1943 2712 1990 et
2739 1935 2844 1989 alio
2878 1939 3037 1992 modo
3069 1939 3209 2007 apud
3242 1938 3410 1991 Deum

1837 2034 1978 2096 quod
2016 2030 2407 2097 constringitet
2461 2039 2677 2086 coercet
2708 2030 2930 2094 insulas,
2967 2031 3046 2084 eis
3091 2040 3197 2082 tum
3245 2020 3431 2084 orna-'

1838 2131 1971 2183 tum,
2032 2131 2141 2172 tum
2194 2123 2530 2175 securitatem
2577 2126 2737 2179 simul
2785 2140 2878 2194 per
2927 2124 3164 2192 seipsum
3211 2123 3412 2190 imper-

1838 2213 2008 2268 tiens:
2041 2213 2230 2266 deindc
2251 2215 2432 2279 etiam,
2456 2216 2595 2282 quod
2630 2226 2797 2270 terras
2815 2216 3100 2285 plurimum
3124 2229 3152 2268 a
3183 2229 3242 2268 se
3271 2214 3410 2268 invi-

1835 2322 1951 2362 cem
1983 2307 2244 2360 distantes
2276 2321 2370 2373 per
2395 2321 2452 2359 se
2484 2305 2774 2377 coujuugit,
2801 2323 2863 2360 ac
2916 2307 3292 2377 navigantibus
3315 2323 3407 2361 ex-

1835 2401 2070 2466 peditum
2096 2398 2482 2454 commercium
2509 2409 2765 2466 prznslat:
2797 2414 2889 2467 per
2916 2415 3050 2470 quos
3075 2409 3128 2454 et
3151 2400 3410 2453 historias

1837 2506 2016 2544 rerum
2052 2492 2353 2558 ignotarum
2388 2490 2631 2560 largitur,
2664 2503 2718 2546 et
2765 2491 2978 2545 divitias
3012 2492 3404 2545 mercatoribus

1836 2579 2001 2650 parit,
2033 2591 2085 2633 et
2118 2581 2272 2634 facile
2304 2584 2423 2635 vitae
2463 2584 2707 2636 medetur
2732 2581 3170 2637 necessitatibus:
3204 2581 3402 2652 quippe

1834 2675 1900 2732 iis
1931 2674 2022 2743 qui
2064 2688 2244 2727 rerum
2278 2677 2427 2743 cepia
2480 2676 2719 2743 amount,
2759 2678 2808 2730 id
2847 2677 3068 2744 largitur
3114 2686 3172 2729 ut
3203 2691 3287 2730 res
3319 2691 3411 2730 su-

1832 2769 2071 2838 perﬂuas
2126 2769 2230 2823 alio
2284 2777 2570 2838 exportent
2616 2788 2629 2823 :
2687 2771 3052 2840 indigentibus
3076 2784 3225 2832 vero,
3253 2779 3312 2823 ut
3355 2770 3408 2823 id

1834 2863 1974 2930 quod
2002 2862 2100 2917 sibi
2123 2862 2268 2917 deest
2318 2871 2647 2929 comparent.
2683 2861 2788 2915 Sed
2843 2863 2985 2916 unde
3011 2861 3144 2916 mihi
3171 2862 3294 2917 licet
3323 2871 3408 2915 to-

1834 2963 1940 3008 tam
1965 2956 2130 3009 maris
2165 2954 2636 3022 pulchritudinem,
2667 2965 2864 3024 quanta
2899 2955 3203 3010 Conditoris
3245 2953 3404 3008 oculo

1831 3047 1945 3099 visa
1967 3055 2069 3108 est,
2103 3047 2287 3099 sedulo
2334 3055 2493 3112 atque
2524 3055 2774 3100 accurate
2807 3047 3153 3115 conspicere?
3201 3044 3403 3113 Quodsi

1759 3174 1801 3231 Ο
1835 3150 1982 3188 mare
2012 3136 2291 3203 pulchrum
2322 3150 2384 3188 ac
2407 3135 2670 3190 laudabile
2700 3144 2780 3190 est
2813 3138 2947 3204 apud
2983 3136 3168 3201 Deum,
3217 3152 3397 3190 nonne

1838 3226 2109 3296 pulchrior
2138 3235 2220 3282 est
2249 3229 2468 3298 hujusce
2518 3243 2804 3282 consessus
2845 3228 3142 3298 frequentia
3168 3247 3180 3280 :
3210 3229 3260 3280 in
3301 3242 3408 3295 quo

1839 3320 2123 3390 permistus
2176 3336 2337 3376 sonus
2375 3322 2608 3374 virorum
2667 3323 3058 3388 mulierumque
3120 3328 3174 3372 et
3229 3320 3406 3372 infau-

1848 3415 2002 3476 tium,
2035 3414 2179 3467 velut
2222 3413 2414 3468 ﬂuctus
2442 3415 2713 3480 cujusdam
2746 3416 2809 3466 ad
2852 3414 2999 3465 littus
3029 3411 3167 3473 illisi,
3198 3427 3293 3481 per
3315 3429 3409 3468 no-

1839 3517 1977 3559 stras
2007 3508 2071 3559 ad
2115 3506 2279 3560 Deum
2308 3509 2644 3573 precationes
2693 3505 2996 3557 emittitur?
3023 3504 3175 3559 llunc
3221 3516 3401 3560 autem

1840 3606 2130 3652 conservat
2156 3598 2530 3650 inconcussmu
2563 3595 2822 3664 profunda
2870 3597 3248 3665 tranquillitas,
3281 3613 3401 3652 cum

1837 3687 2182 3754 .ualignitatis
2211 3687 2432 3756 Spiritus
2465 3701 2584 3740 eum
2615 3686 2883 3742 haareticis
2916 3687 3254 3756 dogmatibus
3281 3703 3404 3756 per-

1839 3785 2050 3836 turbare
2082 3798 2183 3836 non
2216 3784 2502 3850 potuerint.
2546 3783 2713 3838 Fiatis
2763 3785 2927 3854 igitur
2990 3785 3198 3837 Domini
3247 3785 3406 3839 laude

1837 3876 1996 3944 digni,
2030 3876 2362 3945 disciplinam
2416 3877 2570 3930 istam
2601 3877 2986 3930 decentissime
3027 3877 3399 3940 observantes,

1839 3967 1888 4017 in
1922 3966 2136 4019 Christo
2159 3965 2282 4019 Jesu
2310 3967 2535 4021 Domino
2593 3975 2799 4028 nostro,
2845 3966 2930 4020 cui
2963 3965 3128 4035 gloria
3157 3976 3209 4021 et
3236 3966 3403 4036 impe-

1838 4054 1974 4106 rium
2006 4055 2055 4106 in
2094 4055 2286 4108 saecula
2321 4055 2659 4110 saeculorum.
2699 4057 2889 4109 Amen.

167 4146 339 4215 ἡμῶν,
375 4141 418 4214 ᾧ
445 4150 476 4216 ή
501 4147 623 4212 δόξα
653 4149 744 4201 καὶ
775 4148 833 4200 τὸ
871 4149 1066 4219 κράτος
1114 4151 1190 4211 εἰς
1221 4149 1344 4211 τοὺς
1387 4148 1587 4211 αἰῶνας
1616 4149 1722 4201 τῶν
1762 4148 1990 4203 αἰώνων.
2037 4150 2228 4222 Ἀμήν.

775 4340 1016 4391 UMIAIA
1053 4339 1128 4390 E'.

505 4432 614 4501 (l5)
652 4431 786 4500 Περὶ
817 4430 1222 4499 ,ϐλαστήσεως
1254 4429 1384 4499 γῆς.

237 4525 285 4578 1.
318 4524 429 4577 Kal
453 4519 618 4576 εἶπεν
646 4527 676 4576 ό
703 4523 862 4587 Oeric:
884 4522 1290 4588 Βλαστησιὶτω
1319 4523 1354 4588 ἡ
1376 4519 1447 4589 γῆ
1461 4517 1732 4586 βοτάνην

171 4617 402 4682 χόρτου,
458 4614 707 4682 σπεῖρον
759 4613 994 4681 σπέρμα
1042 4614 1190 4666 κατά
1243 4612 1434 4682 γένος,
1483 4612 1579 4664 καὶ
1616 4612 1728 4680 (Η)

173 4706 359 4769 ξύλον
385 4706 679 4774 κάρπιμον
717 4706 926 4759 ποιοῦν
963 4705 1192 4773 καρπὸν
1229 4705 1377 4758 κατὰ
1410 4704 1602 4773 γένος,
1655 4699 1726 4760 οὗ

170 4796 230 4849 τὸ
258 4799 497 4865 σπέρμα
543 4796 728 4850 αὑτοῦ
773 4798 841 4850 ἐν
873 4797 1048 4862 αὐτῷ.
1096 4797 1428 4861 Ἀκολούθως
1479 4798 1616 4868 μετά
1670 4797 1729 4850 τὸ

171 4889 576 4942 ἀναπαύσασθαι
601 4890 698 4960 τὴν
717 4889 818 4958 γῆν
845 4891 953 4960 (15)
979 4891 1499 4960 ἀποσκευασαμὲνην
1531 4891 1591 4943 τὸ
1634 4890 1728 4959 βά-

173 4996 256 5047 ρος
283 4979 381 5034 τοῦ
412 4980 616 5045 ὓδατος,
638 4981 698 5033 τὸ
727 4981 1048 5053 πρόσταγμα
1083 4983 1216 5050 αὐτῇ
1265 4983 1454 5048 γέγονε
1493 4981 1725 5051 βλαστῆ-

237 5092 281 5122 ⁸⁵
303 5090 421 5146 Gen
451 5091 600 5155 1,“.

236 5182 316 5322 (8;
355 5183 481 5251 Reg.
519 5193 703 5238 sextus
729 5187 992 5254 ποταμοῖς
1021 5180 1183 5237 οὖσα.

237 5253 286 5319 (9
318 5250 408 5322 _lta
438 5268 565 5307 mss.
599 5257 952 5309 sexenostris
982 5267 1171 5322 praeter
1187 5251 1425 5308 Combef.
1451 5251 1587 5306 Editi

237 5250 311 5322 (9)
337 5250 408 5303 lta
438 5250 565 5307 inss.
599 5250 952 5309 sexeuostris
982 5267 1171 5324 praeter
1187 5251 1425 5308 Combef.
1451 5251 1587 5306 Editi
1608 5269 1736 5304 κατ-

174 5318 499 5391 ελήφθησαν.

239 5392 352 5463 (l0)
377 5391 520 5463 βεδε.
552 5403 731 5447 sextus
762 5396 1014 5461 σπόγγοις
1042 5392 1450 5463 ἀποδεχόμενοι.

240 5461 354 5534 ili)
375 5460 523 5534 Multi
552 5479 679 5516 mss.
703 5465 838 5534 προς
870 5460 958 5516 τὸν
991 5466 1143 5518 Θεόν.
1171 5460 1336 5516 Abest
1367 5461 1626 5534 articulus
1661 5461 1730 5514 ab

177 5529 350 5615 editis.
395 5530 561 5586 Paulo
610 5529 757 5601 post'
792 5533 922 5604 Reg.
967 5537 1182 5603 quintus
1244 5535 1534 5603 αἱρετικοῖς
1592 5531 1736 5599 λογι-

181 5613 352 5738 σιλλιξᾷ
379 5667 532 5724 Colb.
571 5675 834 5728 secundus
871 5671 1244 5736 διασώζοντες.

245 5740 354 5812 (‘5)
385 5741 545 5812 Deest
585 5744 766 5798 titulus
821 5747 873 5798 in
915 5745 1180 5812 aliquibus
1227 5757 1354 5796 mss.
1418 5741 1583 5796 Coisl.
1626 5741 1732 5809 pri-

185 5821 293 5863 mus
329 5809 543 5882 Ὀμιλία
574 5819 634 5866 ε’.

2426 4339 2702 4396 HOMILIA
2749 4341 2807 4396 ν.

2257 4431 2332 4485 De
2385 4434 2756 4501 germinatione
2805 4445 2976 4486 terrm.

1906 4524 2014 4596 40
2044 4526 2092 4578 Ι.
2115 4523 2178 4577 Et
2207 4525 2338 4577 dixit
2374 4524 2543 4577 Deus:
2569 4521 2830 4576 Cermiuet
2866 4535 3006 4577 terra
3029 4525 3237 4578 herbam
3267 4524 3396 4595 feni,

1835 4618 2092 4668 seminans
2127 4632 2295 4667 semen
2318 4615 2476 4682 juxta
2503 4631 2682 4683 genus,
2710 4624 2757 4666 et
2808 4614 3002 4683 lignum
3041 4615 3396 4682 fructiferum,

1837 4707 2034 4775 faciens
2076 4706 2300 4774 fructum
2321 4713 2475 4774 juxta
2516 4722 2694 4774 genus,
2722 4707 2870 4770 cuius
2915 4718 3084 4759 semen
3109 4707 3162 4759 in
3192 4710 3299 4773 ipso
3331 4708 3396 4763 “.

1835 4795 1986 4849 Haud
2016 4797 2189 4864 inepte
2211 4808 2555 4865 posteaquam
2592 4804 2753 4859 terra,
2790 4796 3031 4864 deposito
3075 4810 3226 4865 aqua:
3269 4813 3400 4866 pon-

1834 4887 1978 4950 dere,
2035 4889 2396 4957 interquierit,
2441 4887 2592 4953 jussa
2627 4901 2707 4940 eSt
2735 4889 2905 4954 primo
2931 4888 3176 4953 herbam,
3206 4890 3400 4944 deinde

1835 4979 2032 5047 lignum
2071 4981 2412 5046 germinare;
2443 4979 2582 5046 quod
2621 4979 2788 5048 ipsum
2815 4994 2945 5034 sane
2965 4981 3252 5034 etiamnum
3285 4982 3399 5035 fieri

1917 5180 2029 5250 (Μ)
2070 5179 2143 5231 lta
2169 5180 2332 5232 editio
2357 5177 2517 5232 Basil.
2549 5189 2601 5231 et
2630 5179 2854 5247 Vulgata
2890 5195 3009 5232 cum
3054 5180 3399 5250 uostrisﬁocto

1844 5248 2003 5313 mss.,
2041 5250 2232 5315 quibus
2291 5250 2605 5317 adjungendi
2670 5248 3086 5302 suntiCombef.
3137 5261 3189 5301 et
3245 5249 3396 5303 Bodl.

1842 5319 1977 5372 Editi
2012 5334 2132 5371 cum
2163 5318 2300 5370 LXX
2331 5321 2469 5371 κατά
2492 5320 2644 5386 γένος
2676 5320 2767 5369 καὶ
2807 5319 2923 5371 καθ’
2955 5319 3263 5389 ὁμοιότητα.
3293 5320 3396 5373 Sed

1844 5390 1894 5440 in
1927 5391 2270 5455 sequentibus
2302 5390 2411 5452 illa,
2448 5392 2540 5440 καὶ
2563 5389 2685 5440 καθ’
2713 5390 3024 5460 ὁμοιότητα,
3058 5391 3400 5457 reperiuntur

1840 5469 1893 5512 et
1924 5460 1973 5511 in
1997 5460 2153 5511 editis
2174 5469 2225 5512 ct
2257 5461 2306 5511 in
2334 5475 2462 5512 mss.

1909 5529 2021 5598 (15)
2050 5529 2196 5598 Regii
2235 5531 2454 5596 quintus
2493 5539 2546 5579 et
2598 5537 2780 5580 sextus
2825 5541 2878 5582 et
2915 5529 3070 5582 Colb.
3127 5528 3398 5598 secundus

1836 5597 1956 5652 cum
1986 5597 2146 5651 Coisl.
2173 5599 2407 5651 secundo
2450 5599 2586 5665 μετὰ
2623 5597 2681 5648 τὸ
2713 5598 3125 5651 ἀναπαύσασθαι
3150 5599 3247 5666 τὴν
3275 5597 3397 5664 γῆν.

1840 5669 1975 5722 Editi
2005 5682 2124 5720 cum
2159 5667 2275 5721 aliis
2301 5679 2532 5734 quatuor
2560 5685 2686 5719 mss.
2738 5685 2840 5722 non
2878 5668 3031 5722 mala:
3077 5679 3215 5722 nota:
3266 5667 3399 5718 dva-

1837 5739 2088 5793 πνεῦσαι.
2125 5735 2326 5791 Sensus
2355 5739 2540 5792 eodem
2576 5740 2729 5792 redit.
