4098 6326
171 358 251 415 97

1314 356 1601 414 HOMILIA
1643 357 1686 411 ν
1724 357 1789 411 ΙΝ
1830 355 2332 415 ΠΕΧᾹΕΜΕΒΟΝ.
3366 366 3434 419 98

170 476 239 531 τὸ
280 479 573 546 ἀναγκαῖον
610 475 717 529 τῶν
754 474 857 528 {me
888 476 986 545 τῆς
1035 474 1247 546 φύσεως
1288 478 1739 550 οίκονομουμένωπ

1860 488 2025 548 atque
2046 479 2354 534 necessaria
2388 478 2632 548 qumdam
2662 491 2848 531 eorum
2884 491 3005 544 qum
3035 491 3065 530 a
3096 480 3286 528 natura
3321 472 3435 527 dis~

171 568 592 641 διασωθήσεται.
659 568 882 638 Πρῶτον
948 569 1045 639 μὲν
1102 568 1207 637 γάρ
1272 567 1583 639 βλάστησις,
1640 564 1757 622 εἶτα

170 661 331 733 χλόη,
368 659 487 714 εἶτα
530 661 723 731 χόρτου
758 659 1005 731 αὔξησις,
1048 657 1167 714 εἶτα
1209 662 1238 713 ό
1280 662 1620 732 ἁπαρτισμὸς
1650 662 1756 715 τῶν

169 753 490 824 αὐξομένων
525 752 637 823 (22)
668 753 756 807 διὰ
794 754 888 807 τοῦ
918 754 1251 824 σπέρματος.
1291 754 1415 818 Πῶς
1444 751 1558 817 οὖν,
1598 756 1754 824 φασὶ,

171 846 360 900 πάντα
390 839 528 897 εἶναι
577 846 644 898 τὰ
684 847 747 899 ἐκ
785 846 882 916 τῆς
920 847 1021 917 γῆς
1067 847 1311 916 φυόμενα
1344 848 1692 919 σπερματικά
1726 852 1755 902 ὁ

168 937 333 1005 λόγος
360 938 714 1002 ἐνδείκνυται,
743 940 876 992 ὅπου
902 956 964 1005 γε
984 937 1109 991 οὗτε
1137 940 1399 1010 κάλαμος.
1427 940 1551 993 οὔτε
1576 940 1754 1011 άγρω·

173 1044 314 1093 στις,
342 1026 465 1080 οὕτε
496 1030 527 1098 ὴ
560 1028 743 1100 μίνθη,
779 1030 843 1083 οὐ
875 1029 1094 1100 κρόκος,
1124 1030 1185 1082 οὐ
1218 1031 1489 1100 σκόροδον,
1536 1033 1597 1085 οὐ
1628 1031 1753 1102 βού-

170 1137 360 1191 τομον,
392 1120 499 1173 οὐδ’
526 1121 659 1174 ἄλλα
701 1122 868 1191 μυρία
912 1122 1044 1194 γένη
1088 1124 1270 1191 φυτῶν
1312 1126 1753 1195 σπερματίζοντα

166 1211 457 1281 φαίνεταις
494 1213 637 1283 Πρὸς
665 1212 728 1283 δὴ
752 1214 912 1266 τοῦτό
937 1233 1136 1285 φαμεν,
1175 1218 1253 1269 ὅτι
1284 1217 1452 1270 πολλὰ
1484 1218 1593 1270 τῶν
1622 1235 1752 1287 φυο-

168 1305 358 1375 μένων
380 1307 444 1359 ὲκ
465 1306 562 1376 τῆς
595 1308 697 1377 γῆς
726 1307 818 1359 ἐπὶ
842 1307 936 1360 τοῦ
972 1307 1248 1377 πυθμένος
1282 1311 1374 1362 καὶ
1398 1311 1495 1381 τῆς
1521 1312 1632 1381 (‘25)
1667 1312 1750 1382 ρί-

164 1394 274 1467 ζης
303 1395 415 1467 ἔχει
434 1396 534 1465 τὴν
564 1395 790 1468 δύναμιν
810 1398 917 1451 τῶν
947 1399 1299 1469 σπερμάτων.
1332 1402 1545 1473 ’Ὥσπερ
1592 1405 1620 1454 ὁ
1650 1404 1750 1457 κά-

161 1487 343 1559 λαμος
370 1488 507 1559 μετὰ
535 1489 635 1559 τὴν
667 1491 909 1543 ἐπέτειον
935 1490 1162 1561 αὔξησιν
1190 1492 1298 1545 ἀπὸ
1332 1494 1429 1563 τῆς
1459 1494 1615 1565 ῥίζης
1650 1496 1751 1563 ἁφ-

164 1582 285 1654 ίησί
315 1598 436 1634 τινα
468 1581 755 1653 προὸολὴν,
807 1582 1118 1653 σπέρματος
1162 1583 1318 1651 λόγον
1355 1584 1583 1653 ἔχουσαν
1614 1590 1750 1657 πρὸς

160 1676 227 1727 τὸ
260 1673 466 1744 μέλλον.
504 1673 671 1727 Τοῦτο
701 1674 759 1727 δὲ
799 1678 942 1727 ποιεί
980 1675 1072 1728 καὶ
1122 1675 1258 1729 ἄλλα
1303 1677 1491 1747 μυρία,
1525 1678 1624 1732 ὅσα
1663 1679 1748 1732 διὰ

160 1766 275 1834 γῆς
310 1766 585 1836 νεμόμενα
612 1767 668 1818 ὲν
698 1770 820 1831 ταῖς
856 1768 1033 1839 ῥίζαις
1056 1768 1154 1837 τὴν
1188 1768 1434 1839 διαδοχὴν
1464 1770 1741 1841 κέκτηται.

159 1858 333 1910 Ὥστε
361 1858 559 1922 παντός
585 1860 673 1911 εστ
686 1878 735 1911 ιν
766 1859 1128 1931 ἀληθέστερον
1154 1858 1215 1912 τὸ
1241 1860 1456 1931 ἑκάστῳ
1481 1862 1589 1914 τῶν
1615 1882 1747 1933 φυο-

157 1950 349 2019 μένων
382 1950 417 2021 ῆ
445 1950 665 2022 σπέρμα
689 1947 849 2015 εἶναι,
881 1951 913 2022 ἢ
952 1950 1180 2022 δύναμίν
1213 1969 1333 2005 τινα
1367 1957 1746 2025 σπερματικὴν

157 2042 512 2117 δνυπάρχειν.
540 2046 651 2097 Καὶ
680 2044 840 2098 τοῦτό
872 2046 984 2097 ἐστι
1011 2044 1093 2106 τὸ,
1121 2045 1283 2099 Κατὰ
1311 2045 1503 2115 γένος.
1535 2049 1607 2099 Οὐ
1638 2048 1745 2120 γὰρ

154 2138 193 2209 ἡ
230 2137 472 2209 προϐολὴ
505 2136 601 2191 τοῦ
646 2136 891 2207 καλάμου
925 2136 1110 2201 ὲλαίας
1142 2140 1260 2191 ἐστὶ
1298 2141 1573 2210 ποιητικὴ,
1612 2142 1746 2196 ἀλλὰ

153 2229 228 2284 ὲκ
246 2228 494 2301 καλάμου
519 2231 617 2299 μὲν
632 2228 815 2297 ἕτερος
835 2228 1101 2299 κάλαμος,
1128 2232 1193 2283 ὲκ
1208 2231 1265 2285 δὲ
1285 2231 1392 2287 τῶν
1414 2223 1744 2303 σπερμόίτων

150 2321 231 2377 τὰ
276 2320 513 2392 συγγενῆ
561 2322 671 2383 τοῖς
708 2321 1129 2392 καταδληθεῖσιν
1167 2324 1584 2378 άποϐλαστάνει.
1634 2328 1743 2379 Καὶ

150 2414 306 2468 οὕτω
345 2415 405 2467 τδ
433 2415 491 2467 ὲν
526 2414 592 2484 τῇ
624 2411 813 2485 πρώτῃ
844 2416 1058 2483 γενέσει
1104 2415 1409 2488 προϐληθὲν
1456 2417 1608 2487 παρὰ
1643 2419 1742 2489 τῆς

150 2507 267 2577 γῆς
290 2506 454 2577 μέχρι
480 2505 575 2558 νῦν
602 2505 945 2572 διασώζεται,
973 2512 1037 2580 τῇ
1064 2509 1353 2579 ἀκολουθίᾳ
1376 2510 1473 2580 τῆς
1493 2510 1743 2583 διαδοχῆς

152 2597 569 2667 φυλασσομένου
604 2595 698 2649 τοῦ
728 2598 934 2666 γένους.
964 2597 1375 2664 Βλαστησάτω
1399 2599 1434 2666 ἡ
1467 2596 1561 2667 γῆ.
1593 2600 1741 2672 Νόη-

153 2690 253 2742 σόν
286 2706 378 2760 μοι
420 2689 485 2741 hs
519 2690 721 2761 μικρᾶς
755 2691 958 2760 φωνῆς,
1006 2689 1100 2743 καὶ
1147 2690 1566 2761 προστάγματος
1599 2692 1742 2746 οὕτω

151 2778 431 2853 βραχέος,
473 2781 573 2851 τὴν
607 2780 1027 2850 κατεψυγμένην
1072 2782 1166 2834 καὶ
1203 2782 1397 2851 ἄγονον
1445 2783 1741 2837 ὠδίνουσαν

150 2872 375 2945 ἁθρόως
393 2872 489 2925 καὶ
518 2872 655 2943 πρὸς
676 2874 1041 2943 καρπογονίαν
1071 2875 1520 2948 συγκινουμένην,
1550 2876 1739 2947 ὥσπερ

150 2965 280 3021 τινὰ
317 2964 648 3037 σκυθρωπὴν
695 2965 790 3017 καὶ
826 2964 1068 3038 πενθήρη
1103 2968 1485 3039 άπορῤίψασαν
1518 2970 1741 3043 περιδο-

150 3056 278 3128 λὴν,
312 3054 859 3127 μεταμφιεννυμένην
889 3055 987 3127 τὴν
1021 3059 1381 3129 φαιδροτέραν
1407 3060 1501 3112 καὶ
1528 3064 1638 3125 τοῖς
1662 3063 1739 3115 0i-

150 3147 329 3211 κείοις
362 3148 589 3219 κόσμοις
616 3148 1007 3218 ἀγαλλομένην,
1041 3148 1135 3202 καὶ
1161 3149 1230 3203 τὰ
1260 3152 1430 3221 μυρία
1467 3152 1600 3222 γένη
1628 3155 1737 3209 τῶν
1763 3186 1809 3243 c

150 3241 447 3312 φυομένων
490 3240 911 3312 προὸάλλουσαν.
947 3239 1213 3311 Βούλομαί
1251 3258 1332 3296 σοι
1375 3245 1728 3317 σφοδρότερον

144 3334 253 3405 τῆς
281 3333 515 3396 κτίσεως
546 3332 919 3403 ινιδρυνθῆναι
950 3334 1011 3386 τὸ
1042 3333 1248 3406 θαῦμα,
1280 3334 1346 3390 ἵν’
1374 3338 1508 3392 ὅπου
1536 3358 1640 3411 περ
1663 3340 1729 3395 ἂν

146 3423 408 3496 εὑρεθῇς,
430 3424 523 3477 καὶ
545 3422 714 3494 ὁποίῳ
730 3423 927 3496 δήποτε
951 3425 1098 3495 γένει
1118 3427 1227 3480 τῶν
1251 3430 1533 3499 φυομένων
1556 3448 1731 3502 παρα-

147 3520 311 3589 στῆς.
366 3517 573 3589 ιναργῆ
625 3517 908 3590 λαμϐάνῃς
949 3519 1045 3573 τοῦ
1098 3522 1422 3591 ποιήσαντος
1461 3523 1561 3593 τὴν
1597 3524 1730 3578 ὑπό-

152 3627 378 3685 μνησιν.
429 3610 654 3684 Πρῶτον
695 3611 792 3681 μὲν
836 3608 929 3664 οὖν
964 3612 1092 3665 ὅταν
1122 3614 1239 3687 τδῃς
1281 3613 1510 3688 βοτάνην
1536 3618 1730 3689 χόρτου

149 3705 244 3757 καὶ
271 3702 456 3768 ἄνθος,
483 3708 563 3766 είς
590 3702 795 3756 ἔννοιαν
818 3702 977 3775 ίρχου
996 3703 1094 3775 τῆς
1119 3704 1467 3777 ἀνθρωπίνης
1495 3706 1729 3776 φύσεως,

153 3794 505 3864 μεμνημένος
534 3794 631 3864 τῆς
668 3794 875 3859 εἰκόνος
906 3793 999 3847 τοῦ
1031 3794 1195 3864 σοφοῦ
1233 3796 1475 3861 Ἡσαΐου,
1507 3800 1588 3851 ὅτι
1616 3798 1732 3853 Πᾶ-

149 3899 234 3938 σα
261 3882 424 3951 σὰρξ
442 3884 520 3949 ὡς
553 3884 787 3952 χόρτος,
812 3886 907 3937 καί
932 3882 1101 3939 πᾶσα
1123 3884 1273 3949 δόξα
1300 3886 1621 3954 ἀνθρώπου
1649 3889 1730 3953 ὡς

148 3972 339 4040 ἀνθος
370 3974 607 4043 χόρτου.
658 3973 731 4026 Τδ
775 3975 883 4046 γάρ
914 3975 1275 4046 ὀλιγοχρόνιον
1306 3976 1406 4047 τῆς
1440 3976 1605 4049 ζωῆς,
1636 3982 1729 4033 καὶ

150 4064 210 4119 τὸ
247 4066 308 4120 ιν
340 4065 507 4137 ὀλίγῳ
539 4067 833 4137 περιχαρὲς
876 4068 970 4121 καὶ
1022 4067 1205 4139 ἱλαρὸν
1244 4067 1342 4137 τῆς
1380 4068 1727 4141 ἀνθρωπίνης

149 4158 475 4230 εὐημερίας,
506 4162 869 4230 καιριωτάτης
902 4160 1052 4231 παρὰ
1075 4161 1153 4231 τῷ
1182 4163 1435 4233 προφήτῃ
1462 4161 1727 4232 τετύχηκε

147 4250 245 4319 τῆς
277 4249 511 4313 εἰκόνος.
551 4249 797 4320 Σήμερον
836 4250 1068 4323 εὐθαλὴς
1107 4251 1185 4321 τῷ
1217 4251 1450 4323 σώματι,
1492 4270 1726 4307 κατασε-

148 4340 503 4411 σαρκωμένος
546 4340 649 4393 ὑπὸ
678 4342 911 4411 τρυφῆς,
956 4343 1293 4397 ἐπανθοῦσαν
1330 4344 1469 4414 ἔχων
1500 4344 1601 4416 τὴν
1638 4344 1727 4397 εὖ·

147 4446 340 4502 χροιάν
395 4431 503 4484 ὑπὸ
547 4432 643 4502 τῆς
683 4433 823 4487 κατὰ
863 4432 960 4504 τὴν
995 4434 1209 4505 ἡλικίαν
1238 4436 1443 4506 ἀκμῆς,
1476 4436 1721 4507 σφριγῶν

1860 582 2180 640 pensantur,
2220 570 2534 625 consecutio
2576 568 3010 624 conservabitur.
3044 566 3286 622 Primum
3313 565 3436 633 qui-

1859 664 1977 716 dum
2027 663 2369 733 germinatio,
2417 663 2609 717 deinde
2662 664 2840 715 virens
2879 660 3041 715 herba
3086 677 3099 712 :
3155 671 3269 713 tum
3325 658 3433 712 feni

1861 754 2281 815 incrementum,
2316 763 2592 819 postremo
2640 752 2907 806 absolutio
2941 750 3311 819 perfectioque
3336 762 3435 801 au-

1858 845 2191 911 gescentium
2229 860 2322 913 per
2348 858 2555 899 semen.
2588 844 2874 909 Quomodo
2924 844 3086 915 igitur
3107 882 3125 907 ,
3158 841 3435 911 inquiunt,

1857 936 2041 987 omnia
2081 949 2147 989 ex
2193 945 2335 989 terra
2365 938 2663 999 nascentia,
2699 937 2750 989 in
2793 949 2979 990 semen
3021 936 3172 990 abire
3193 936 3435 990 ostendit

1858 1023 2161 1094 Scriptura,
2189 1040 2313 1079 cum
2342 1040 2515 1096 neque
2538 1029 2768 1088 arundo,
2794 1042 2969 1095 neque
2992 1041 3239 1096 gramen,
3257 1038 3430 1094 neque

1857 1117 2099 1182 mentita,
2126 1132 2229 1169 non
2248 1133 2462 1184 crocus,
2493 1133 2598 1172 non
2639 1118 2845 1182 allium,
2887 1132 2989 1172 non
3024 1116 3306 1179 butomon,
3339 1133 3433 1171 ne-

1854 1224 1961 1279 que
1995 1208 2277 1263 innumera
2312 1208 2413 1263 alia
2438 1210 2744 1280 plantarum
2775 1224 2971 1279 genera
3014 1223 3197 1263 semen
3228 1210 3429 1277 produ—

1854 1319 1977 1358 cere
2002 1301 2324 1357 videantnr?
2347 1302 2492 1357 Sane
2513 1304 2579 1356 ad
2600 1302 2703 1356 hoc
2725 1302 2979 1366 dicimus,
3009 1300 3174 1355 multa
3193 1316 3259 1355 ex
3283 1311 3429 1354 terra

1854 1395 2131 1451 nascentia
2180 1396 2230 1449 in
2260 1395 2382 1451 intis
2412 1395 2523 1452 suis
2553 1396 2800 1464 partibus
2834 1406 2891 1450 et
2926 1396 2977 1447 in
3015 1396 3198 1448 radice
3226 1395 3332 1448 vim
3361 1409 3428 1448 ac

1852 1490 2105 1544 virtutem
2134 1491 2403 1546 seminum
2443 1489 2739 1544 includere.
2768 1488 3012 1557 Exempli
3046 1503 3235 1551 causa,
3261 1502 3428 1541 arun-

1850 1584 1939 1649 do,
1978 1595 2098 1653 post
2123 1599 2359 1638 annuum
2396 1592 2637 1649 auctum,
2674 1581 2971 1651 projectum
2995 1583 3304 1650 quemdam,
3334 1578 3428 1651 qni

1850 1675 1905 1729 in
1936 1675 2183 1730 futurum
2209 1676 2474 1730 rationem
2506 1675 2730 1730 seminis
2772 1674 2959 1736 habet,
2988 1688 3016 1725 a
3050 1673 3232 1726 radice
3261 1674 3426 1725 emit-

1850 1768 1934 1823 tit.
1969 1770 2022 1823 ld
2060 1779 2236 1824 autem
2274 1768 2479 1824 faciunt
2506 1776 2561 1822 et
2588 1768 2689 1822 alia
2726 1768 3032 1832 innumera,
3060 1782 3180 1836 qua:
3198 1780 3292 1834 per
3319 1776 3427 1819 ter-

1853 1876 1966 1913 ram
2002 1861 2278 1930 dispersa,
2333 1860 2386 1914 in
2437 1859 2713 1915 radicibus
2761 1860 3159 1914 successionem
3207 1856 3428 1911 conclu-

1850 1953 2004 2005 dunt.
2037 1949 2217 2018 Quare
2238 1952 2384 2007 omni
2434 1967 2493 2006 re
2528 1953 2582 2008 id
2612 1954 2797 2008 verius
2816 1961 2921 2017 est,
2946 1952 2999 2005 in
3037 1950 3266 2019 singulis
3296 1952 3428 2006 stir-

1846 2044 2006 2114 pibus
2043 2052 2135 2097 aut
2160 2058 2366 2109 semen,
2400 2053 2492 2097 aut
2519 2043 2835 2098 seminalem
2857 2042 3142 2111 quamdam
3166 2042 3422 2095 virtutem

1848 2136 2047 2191 inesse.
2077 2136 2252 2204 Atque
2305 2136 2408 2189 boc
2456 2144 2543 2191 est
2581 2134 2725 2205 quod
2768 2134 2988 2202 dicitur,
3019 2134 3186 2188 Juxta
3236 2150 3417 2203 genus.

1846 2226 2129 2297 Siquidem
2164 2226 2252 2281 ille
2283 2227 2570 2282 arundinis
2622 2227 2896 2297 projectus
2946 2239 3289 2296 nequaquam
3318 2226 3421 2279 oli-

1845 2336 1967 2374 vam
1998 2320 2249 2390 producit
2280 2339 2293 2374 :
2336 2320 2432 2375 sed
2457 2335 2523 2374 ex
2554 2320 2821 2375 arundine
2848 2320 3057 2373 arundo
3086 2319 3189 2373 alia
3235 2320 3420 2375 nasci-

1847 2421 1963 2475 tur;
1994 2421 2159 2480 atque
2201 2427 2269 2466 ex
2318 2412 2640 2475 seminibus,
2678 2420 2907 2482 cognata
2944 2412 3013 2466 iis
3036 2426 3155 2480 quae
3206 2411 3421 2467 fuerant

1838 2502 2009 2573 jacta,
2038 2505 2369 2572 germinant.
2411 2505 2478 2559 Et
2503 2506 2577 2557 ita
2606 2506 2749 2575 quod
2782 2505 2835 2557 in
2866 2504 3039 2573 prima
3072 2504 3419 2575 generatione

1844 2610 1873 2647 a
1902 2605 2047 2649 terra
2078 2596 2282 2651 editum
2327 2606 2432 2661 est,
2468 2597 2519 2650 id
2562 2598 2883 2661 etiamnum,
2912 2607 3131 2652 servato
3164 2613 3261 2667 per
3290 2613 3417 2653 ωσι

1843 2688 2109 2742 cessionis
2138 2690 2584 2743 consecutionem
2611 2704 2833 2759 genere,
2874 2698 3250 2745 conservatur.
3284 2688 3420 2745 Gcr-
3474 2724 3477 2727 ‹

1841 2778 2005 2831 ttsinet
2026 2787 2188 2833 terra.
2215 2779 2435 2849 Cogites
2463 2780 2623 2834 velint
2665 2789 2866 2836 terram
2928 2782 3304 2852 frigescentem
3364 2795 3421 2839 et

1844 2867 2189 2925 infecundam
2219 2911 2235 2935 ,
2297 2872 2401 2926 hac
2460 2888 2593 2927 voce
2644 2889 2809 2944 parva
2864 2884 3239 2945 praeceptaque
3281 2877 3420 2932 adeo

1840 2958 1991 3012 brevi
2026 2960 2310 3016 confestim
2356 2964 2770 3030 parturientem,
2797 2974 2852 3017 et
2882 2966 2949 3017 ad
3003 2966 3271 3020 edendum
3303 2966 3419 3019 fru-

1840 3060 1987 3103 ctum
2028 3052 2379 3117 concitatam,
2420 3062 2476 3106 et
2524 3053 2689 3108 veluti
2734 3063 2930 3109 maesto
2964 3056 3199 3125 quodam
3241 3071 3306 3112 ac
3336 3057 3421 3112 lu-

1840 3142 1995 3211 gubri
2029 3142 2230 3198 amicto
2274 3143 2486 3212 abiecto
2510 3189 2526 3211 ,
2560 3147 2927 3215 splendidiore
2958 3157 3106 3203 veste
3143 3149 3317 3215 indui,
3351 3166 3419 3207 ac

1844 3234 2075 3302 propriis
2102 3238 2437 3291 ornamentis
2462 3238 2845 3306 exsultantem,
2881 3240 3087 3295 infinita
3104 3244 3415 3313 plantarum

1841 3340 2038 3394 genera
2072 3341 2381 3394 procreare.
2421 3328 2550 3382 Volo
2574 3330 2811 3399 imprimi
2840 3331 2892 3384 in
2940 3340 2992 3387 te
3037 3335 3415 3393 vehementius

1841 3429 2106 3473 creatura:
2144 3419 2579 3486 admirationem,
2611 3438 2742 3493 quo,
2770 3425 3077 3494 ubicunque
3104 3431 3411 3496 reperiaris,

1833 3520 1891 3563 et
1917 3510 2221 3580 cuicunque
2277 3516 2584 3569 occurreris
2627 3515 2930 3585 plantarum
2984 3521 3210 3589 generi,
3248 3524 3414 3591 plane

1832 3601 2106 3657 Creatoris
2129 3604 2462 3659 memineris.
2501 3606 2741 3661 Primum
2776 3610 2995 3679 quidem
3020 3627 3143 3667 cum
3185 3613 3411 3669 herbam

1836 3696 1943 3753 feni
1974 3707 2029 3752 et
2050 3696 2238 3751 ﬂorem
2289 3701 2666 3769 conspexeris,
2720 3702 3014 3759 veniattibi
3055 3706 3111 3760 in
3172 3717 3411 3763 mentem

1833 3790 2066 3844 lmmana
2093 3798 2306 3853 natura,
2336 3791 2477 3846 hanc
2521 3795 2779 3863 sapientis
2810 3795 2961 3850 Isaia:
2997 3798 3288 3870 imaginem
3320 3817 3410 3859 re-

1832 3880 2081 3934 cordanti
2108 3896 2120 3929 :
2156 3880 2340 3935 Omnis
2368 3899 2493 3936 caro
2528 3895 2582 3937 ut
2608 3885 2806 3951 fenum,
2838 3894 2888 3938 et
2914 3889 3084 3941 omnis
3110 3889 3284 3958 gloria
3304 3893 3404 3945 Ito-

1831 3972 1987 4023 minis
2027 3981 2079 4023 ιιι
2114 3972 2213 4040 ﬂos
2248 3974 2355 4039 leni
2381 3973 2445 4027 ⁸³.
2474 3973 2605 4026 Nam
2638 3974 2760 4028 vita
2796 3976 3054 4041 brevitas,
3088 3990 3144 4034 et
3178 3996 3406 4052 prospe-

1832 4062 2010 4119 ritatis
2050 4064 2302 4119 humana:
2332 4066 2511 4119 latitia
2556 4066 2911 4137 hilaritasque
2943 4070 3083 4125 hand
3122 4072 3213 4127 diu
3244 4074 3410 4129 dura-

1829 4163 1950 4210 tura
1987 4158 2611 4211 accommodatissimam
2641 4161 2782 4229 apud
2835 4158 3158 4231 ‘propltetam
3213 4168 3407 4224 sortita

1826 4258 1914 4304 est
1943 4249 2370 4303 similitudinem.
2402 4245 2574 4304 Hodie
2602 4252 2694 4320 qui
2722 4249 2881 4307 ﬂoret
2905 4270 3157 4325 corpore,
3178 4261 3269 4327 qui
3294 4274 3402 4325 pm

1829 4343 2041 4395 deliciis
2062 4355 2330 4395 carnosus
2356 4352 2461 4407 est,
2491 4342 2581 4412 qui
2620 4344 2856 4399 colorem
2895 4360 3007 4414 pre
3043 4348 3221 4403 aetatis
3268 4349 3405 4406 flore

1826 4433 2254 4489 eﬂlorescentem
2284 4450 2395 4503 pra:
2424 4449 2483 4490 se
2521 4435 2645 4503 fert,
2674 4437 2764 4506 qui
2808 4438 2946 4507 viget
2972 4448 3027 4494 et
3053 4454 3181 4495 acer
3210 4453 3318 4503 est.
3348 4454 3405 4501 et

149 4523 241 4578 καὶ
266 4521 540 4585 σύντονος.
566 4525 657 4577 καὶ
678 4523 1041 4586 ἀνυπόστατος
1071 4524 1180 4592 (Ξό)
1201 4524 1299 4595 τὴν
1319 4526 1515 4598 ὁρμὴν,
1534 4525 1721 4598 αὔριον

1839 4526 1981 4595 cujus
2021 4526 2211 4596 nequit
2252 4528 2506 4581 sustineri
2559 4528 2814 4597 impetus.
2849 4529 2939 4585 hic
2964 4531 3103 4588 idem
3151 4549 3273 4591 cras
3300 4537 3404 4591 ml-

145 4618 176 4669 ό
200 4614 365 4679 αὐτὸς
387 4609 542 4676 οὗτος
571 4613 819 4679 ἐλεεινὸς,
854 4614 886 4686 ἢ
919 4613 997 4685 τῷ
1025 4615 1200 4685 χρόνῳ
1232 4616 1550 4686 μαρανθεὶς,
1584 4618 1617 4687 ἢ
1642 4619 1727 4670 νό-

149 4724 225 4778 σῳ
268 4706 563 4772 διαλυθείς.
614 4708 674 4759 '0
715 4706 864 4760 δεινά
902 4705 1258 4778 περίϐλεπτος
1296 4709 1389 4761 ἐπὶ
1429 4710 1726 4781 χρημάτων

147 4799 436 4871 περιουσίᾳ
458 4816 472 4828 ·
497 4798 591 4852 καὶ
622 4796 825 4866 πλῆθος
858 4799 987 4869 περὶ
1010 4796 1167 4851 αὑτὸν
1194 4797 1440 4854 κολάκων
1463 4818 1475 4829 ·
1499 4800 1725 4872 δορυφο-

146 4893 236 4964 pla
253 4891 425 4963 φίλων
446 4888 827 4963 προσποιητῶν
852 4889 950 4959 τὴν
979 4891 1073 4944 ἀπ’
1102 4889 1265 4945 αὑτοῦ
1284 4892 1444 4962 χάριν
1468 4894 1534 4965 θη
1544 4896 1725 4966 ρευόν-

145 5002 251 5039 των
279 4983 394 5057 (25)
415 4999 431 5012 '
474 4983 679 5055 πλῆθος
715 4981 1057 5051 συγγενείας,
1084 4983 1193 5052 ικαὶ
1224 4983 1427 5054 ταύτης
1460 5002 1726 5057 κατεσχη-

148 5078 487 5149 μιτισμένης
508 5092 521 5106 ·
560 5076 727 5146 ὶσμὸς
772 5075 879 5129 τῶν
908 5076 1258 5146 ὲφεπομένων
1302 5077 1494 5147 μυρίος
1524 5078 1631 5132 τῶν
1663 5096 1723 5132 τε

212 5233 257 5265 ⁸⁸
287 5230 393 5287 lsa.
428 5248 519 5299 at,
546 5231 599 5288 6.

214 5391 323 5467 (τε)
350 5393 509 5451 Colb.
546 5398 813 5454 secundus
839 5413 961 5454 cum
992 5398 1125 5467 Reg.
1161 5406 1357 5455 octavo
1385 5401 1495 5453 τῶν
1547 5400 1713 5466 αὐξα-

516 5537 665 5593 multi
722 5554 855 5595 mss.
888 5542 1043 5595 Deest
1075 5540 1175 5611 τῆς
1220 5540 1273 5595 in
1323 5541 1563 5597 editione
1608 5540 1710 5596 Pa-

195 5619 317 5745 ⁸(δι)
354 5675 511 5743 Regii
568 5680 772 5746 primus
796 5688 848 5732 et
906 5682 1125 5745 quintus
1159 5679 1542 5745 ἔνυπόστατος.
1574 5680 1711 5737 ΕιΙὶιί

147 5756 260 5799 eum
294 5748 416 5799 aliis
476 5761 607 5798 mss.
637 5750 1029 5812 ἀνυπόστατος,
1060 5752 1213 5805 bene.
1268 5751 1384 5803 Mos
1434 5765 1542 5809 tres
1579 5770 1709 5808 tnss.

147 5812 323 5883 αὔριον
348 5816 532 5877 αὐτός.
560 5814 738 5875 Codex
765 5820 1004 5875 Combef.
1031 5820 1221 5891 αὔριον
1253 5817 1427 5884 οὗτος.

452 5917 726 5975 Panos.
766 5918 882 5975 Gn.
928 5918 1159 5978 XXIX.

1825 4619 2075 4675 serabilis
2103 4630 2205 4685 est,
2232 4628 2326 4674 aut
2360 4630 2600 4689 tempore
2624 4622 2920 4689 marcidus,
2957 4636 3049 4680 aut
3081 4629 3270 4683 morbo
3296 4630 3404 4685 disp

1824 4712 2051 4767 solutus.
2084 4713 2364 4779 Quispiam
2384 4711 2694 4769 divitiarum
2718 4715 2871 4783 copia
2892 4716 3164 4783 inclaruit,
3196 4720 3402 4789 ipsum-

1824 4820 1932 4872 que
1968 4804 2307 4857 adulatorum
2340 4806 2658 4861 circumstat
2691 4808 2978 4865 multitudo
3008 4829 3020 4865 :
3067 4812 3221 4867 adest
3244 4815 3400 4868 ﬂeto-

1826 4911 1942 4947 rnm
1969 4894 2268 4949 amicorum
2297 4899 2525 4967 gratiam
2559 4898 2703 4953 illius
2729 4903 3039 4956 venantium
3071 4906 3393 4961 comitatus:

1824 4986 2132 5055 frequentes
2156 4998 2282 5042 sunt
2303 4994 2711 5061 consanguinei,
2742 4993 2885 5062 iique
2910 4996 3275 5054 simulationis
3304 5014 3396 5052 ar-

1826 5080 1988 5133 tificio
2029 5082 2231 5135 eruditi
2275 5100 2287 5135 :
2320 5084 2476 5139 adest
2507 5100 2696 5157 agmen
2732 5090 3050 5158 sequacium
3074 5092 3393 5147 innumero-

1884 5403 2195 5485 (2_5)Editio
2222 5406 2567 5481 Ρπίε.’χάριν
2597 5410 3130 5485 θηρευόντωνζῆοείἰ
3160 5412 3390 5479 primus.

1812 5477 2031 5551 tertius,
2056 5477 2283 5551 quintus
2312 5490 2364 5529 et
2392 5477 2577 5535 sextus
2597 5523 2612 5546 ,
2642 5477 2875 5551 flentque
2930 5477 3085 5551 Cole
3118 5477 3394 5537 secundus

1810 5558 1933 5624 cum
1972 5544 2137 5624 (loisl.
2193 5557 2420 5624 utroque
2466 5562 2521 5624 et
2569 5544 2691 5624 cum
2748 5544 3013 5624 editione_
3031 5550 3197 5609 Basil.
3225 5553 3391 5624 χάριν

1811 5613 2249 5691 θεραπευόντων,
2276 5613 2417 5691 haud
2473 5622 2713 5674 dissimili
2760 5639 2943 5677 sensu.
2984 5621 3115 5691 Reg.
3165 5613 3392 5679 octavus

1810 5683 1908 5768 τὴν
1936 5683 2099 5768 uino?
2129 5685 2318 5768 χρείαν
2352 5688 2789 5768 θεραπευόντων.
2813 5696 2989 5749 Codex
3015 5683 3259 5749 (Zombef.
3289 5693 3395 5768 τὴν

1812 5755 1904 5807 ἀπ’
1935 5755 2101 5809 αὑτοῦ
2131 5757 2321 5827 χρείαν
2350 5755 2710 5830 θηρευόντων.

3070 5934 3105 5989 lt-
