4100 6312
683 345 755 400 93
2035 339 2092 392 S.
2137 337 2381 392 BASlLll
2418 335 2630 393 MAGNI

3847 343 3953 396 £09

685 473 828 526 rum,
868 457 957 526 qu'i
986 456 1179 526 partim
1219 455 1444 527 parandi
1465 456 1571 510 cibi
1600 457 1795 527 gratia,
1817 457 2009 526 partim
2034 457 2102 510 ob
2124 458 2250 512 alias

2356 459 2448 509 ἐπὶ
2479 458 2665 510 σιτίων
2705 457 2798 510 καὶ
2845 457 2953 509 τῶν
2995 457 3137 509 κατά
3181 457 3279 520 τάς
3309 460 3498 530 χρείας
3538 451 3686 531 αὑτῷ
3715 464 3930 532 προσεῦ

684 550 1042 604 necessitates
1091 549 1192 616 ipsi
1229 558 1444 602 astant:
1495 564 1631 616 quos
1662 551 1788 603 dum
1843 557 1896 602 et
1945 549 2172 612 abiens,
2204 559 2257 602 et

685 641 882 694 iterum
917 639 1025 711 42
1082 641 1297 696 rediens
1327 657 1509 696 secum
1548 642 1735 705 trahit,
1785 641 1834 694 in
1877 656 1934 695 se
1962 656 2257 694 oecurren-

680 733 818 787 tium
845 734 1081 786 concitat
1108 735 1385 787 invidiam.
1424 734 1573 788 Adde
1603 733 1807 788 divitiis
1838 734 2000 787 etiam
2039 733 2252 787 civilem

2365 569 2421 621 ρε
2431 552 2654 614 υόντων,
2675 553 2767 614 οὒς
2786 554 2878 604 καὶ
2896 550 3098 622 προῖὼν
3121 552 3213 604 καὶ
3230 552 3390 605 πάλιν
3406 553 3642 606 ἐπανιὼν
3688 557 3861 607 ὲπισυ
3871 557 3955 626 pf}

2363 660 2518 711 μενος
2547 643 2832 711 ἐπίφθονός
2861 645 2974 696 ἐστι
3009 646 3122 707 τοῖς
3150 645 3552 714 ἐντυγχάνουσι.
3585 646 3839 717 Πρόσθες
3873 647 3954 718 τῷ

2360 732 2570 802 πλούτῳ
2593 735 2686 786 καὶ
2723 733 3003 803 πολιτικήν
3032 751 3153 786 τινα
3175 734 3510 799 δυναστείαν,
3541 736 3574 804 ἢ
3606 738 3700 789 καὶ
3742 739 3851 799 τᾶς
3889 739 3956 790 ἐκ

2360 820 2622 890 βασιλέων
2644 823 2837 892 τιμάς⁶
2867 823 2898 894 ἢ
2925 822 3094 876 ἐθνῶν
3127 823 3237 894 (26)
3267 823 3610 893 ἐπιμέλειαν·
3643 827 3674 894 ἦ
3712 843 3955 896 στρατο-

2359 913 2534 966 πέδων
2565 917 2856 984 ἠγεμονίαν
2878 933 2890 945 ο
2927 914 3018 968 τόν
3044 918 3262 986 κήρυκα
3295 917 3438 985 μέγα
3467 916 3669 986 βοῶντα
3698 919 3811 988 πρὸ
3849 920 3950 970 αὺ-

2355 1003 2449 1058 τοῦ
2475 1023 2486 1034 ·
2518 1006 2642 1070 τοὺς
2675 1007 2997 1077 ῥαϐδούχους
3027 1006 3176 1060 ἔνθεν
3205 1008 3296 1060 καὶ
3326 1006 3474 1060 ἔνθεν
3510 1007 3825 1078 βαρυτάτην
3852 1027 3954 1060 κα-

2356 1099 2623 1170 τάπληξιν
2653 1102 2765 1162 τοῖς
2797 1100 3118 1170 ἀρχομένοις
3149 1100 3537 1170 ἐμϐάλλοντας
3566 1101 3662 1163 τὰς
3699 1103 3948 1170 πληγάς

2356 1193 2452 1256 τὰς
2485 1192 2803 1263 δημεύσεις’
2835 1194 2932 1253 τὰς
2957 1193 3257 1260 ἀπαγωγάς
3284 1191 3396 1261 ('27)
3418 1208 3431 1219 ·
3476 1192 3538 1243 τὰ
3565 1191 3951 1264 δεσμωτήρια,

2357 1286 2413 1353 ἐξ
2468 1280 2542 1338 ὧν
2603 1285 2875 1355 ἀφόρητος
2939 1285 2966 1336 ὁ
3026 1284 3175 1354 παρὰ
3239 1284 3344 1336 τῶν
3409 1286 3738 1354 ὑποχειρίων
3811 1303 3947 1336 συν-

2356 1378 2664 1448 αθροίζεται
2711 1377 2892 1446 φόϐος.
2945 1378 3054 1429 Καὶ
3098 1377 3150 1428 τί
3203 1377 3339 1446 μετά
3366 1377 3554 1442 τοῦτο;
3617 1378 3715 1447 μία
3750 1377 3880 1442 νὺξ,
3917 1378 3949 1448 ἦ

2358 1471 2588 1541 πυρετὸς
2644 1467 2743 1534 εἷς,
2802 1471 2833 1539 ἦ
2880 1470 3177 1541 πλευρῖτις,
3237 1469 3269 1538 ἢ
3331 1471 3780 1540 περιπνευμονία,
3843 1472 3949 1523 ἀν-

2358 1564 2630 1633 άρπαστον
2689 1563 2746 1629 ἐξ
2796 1561 3097 1634 ἀνθρώπων
3158 1561 3446 1628 ἀπάγουσα
3503 1561 3591 1615 τὸν
3648 1563 3950 1633 ἄνθρωπον

2357 1656 2584 1724 οἴχεται,
2643 1657 2822 1708 πᾶσαν
2875 1654 2973 1724 τὴν
3031 1655 3149 1706 κατ’
3204 1653 3364 1706 αὐτόν
3425 1654 3626 1724 σκηνὴν
3674 1656 3948 1724 ἐξαπίνης

2357 1747 2819 1815 ἁπογυανὼσασα,
2868 1748 2959 1799 καὶ
3002 1748 3034 1817 ἡ
3069 1746 3194 1812 δόξα
3235 1747 3415 1816 ἐκείνη
3458 1745 3643 1816 ὥσπερ
3684 1749 3949 1801 ἐνύπνιον

2355 1839 2694 1910 ἀπηλέγχθη.
2726 1841 2887 1892 ’Ὥστε
2936 1839 3313 1892 ὲπιτέτευκται
3357 1837 3467 1908 (28)
3505 1837 3579 1907 τῷ
3606 1842 3866 1910 προφήτῃ
3910 1841 3944 1908 ἡ

2353 1934 2488 2004 πρὸς
2509 1931 2570 1984 τὸ
2598 1931 2988 2002 ἀδρανέστατον
3017 1932 3175 1994 ἄνθος
3197 1931 3452 2001 ὁμοίωσις
3472 1931 3569 2002 τῆς
3591 1929 3944 2003 ἀνθρωπίνης

2350 2026 2531 2096 δόξης.

2421 2119 2474 2172 ’5.
2507 2114 2917 2183 Βλαστησάτω
2950 2118 2986 2184 ἡ
3012 2116 3087 2185 τῆ
3116 2115 3388 2183 ,ϐοτάνην
3418 2116 3656 2184 χόρτου,
3682 2116 3946 2185 σπεῖρον

2349 2211 2588 2279 σπέρμα
2623 2209 2772 2263 κατὰ
2800 2207 2972 2278 γένος
3008 2210 3103 2262 καὶ
3137 2211 3264 2265 καθ’
3302 2210 3635 2278 ὁμοιότητα.
3685 2211 3809 2263 Ἔτι
3845 2210 3944 2263 καὶ

2351 2304 2504 2374 νῦνή
2538 2302 2690 2367 τάξις
2725 2301 2834 2354 τῶν
2867 2300 2978 2370 (Ξθ)
3025 2302 3306 2370 φυομένων
3345 2305 3608 2372 μαρτυρεῖ
3650 2305 3716 2371 τῇ
3745 2303 3943 2372 πρώτῃ

2349 2397 2730 2466 διακοσμήσει.
2771 2394 2833 2446 Ἦ
2882 2390 2989 2462 γὰρ
3037 2390 3327 2463 βλάστησις
3388 2394 3710 2464 καθηγεῖται
3757 2394 3942 2462 πάσης

2354 2489 2582 2560 βοτάνης
2609 2487 2702 2540 καὶ
2732 2487 2912 2556 πάσης
2939 2484 3093 2546 πόας.
3132 2483 3254 2536 Εἴτε
3283 2485 3388 2555 γὰρ
3417 2486 3526 2539 ἀπὸ
3556 2484 3713 2556 ῥίζης
3741 2484 3945 2538 ὲκδίδο»

2351 2579 2438 2631 ταί
2481 2595 2534 2629 τι
2575 2580 2636 2629 ὲκ
2674 2577 2773 2646 τῆς
2817 2574 3060 2629 κάτωθεν
3111 2572 3397 2643 προϐολῆς,
3463 2575 3536 2637 ὡς
3585 2575 3792 2645 κρόκος
3849 2575 3943 2629 καὶ

2351 2671 2646 2740 ἄγρωστις,
2681 2668 3086 2738 ἀναϐλαστῆσαι
3132 2666 3213 2718 δεῖ
3254 2665 3345 2716 καὶ
3383 2666 3476 2716 ἐπὶ
3501 2666 3561 2717 τὸ
3589 2665 3693 2729 ἕξω
3725 2665 3940 2736 προκὺ-

2350 2762 2449 2831 ψαι
2473 2779 2485 2788 ’
2517 2762 2624 2812 εἴτε
2659 2760 2764 2812 ἀπὸ
2791 2760 3124 2828 σπέρματος,
3157 2757 3248 2811 καὶ
3280 2755 3450 2818 οὕτως
3471 2756 3684 2826 ἀνάγκη
3720 2759 3942 2827 πρῶτον

2353 2855 2665 2927 βλάστησιν,
2697 2847 2815 2905 εἶτα
2850 2851 3079 2921 βοτάνην
3112 2849 3380 2917 γενέσθαι,
3413 2843 3530 2899 εἶτα
3564 2849 3758 2917 χόρτον
3788 2850 3940 2919 χλοά-

685 2951 834 2999 num,
858 2945 1129 3005 postremo
1153 2936 1359 2990 fructus
1385 2937 1436 2990 in
1472 2939 1744 3008 aridojam
1779 2949 1832 2993 et
1861 2956 2049 2995 crasso
2071 2941 2250 2997 culmo

2355 2949 2531 3012 ζοντα,
2569 2943 2686 3000 εἶτα
2728 2944 2819 2998 τὸν
2855 2944 3064 3015 καρπὸν
3103 2944 3194 2994 ἐπὶ
3235 2943 3402 3013 ξηρᾶς
3444 2941 3544 3010 ἤδη
3576 2941 3669 2994 καὶ
3703 2942 3939 3011 παχείας

684 3031 966 3101 turgescit.
996 3027 1259 3082 Cerminet
1295 3037 1435 3080 terra
1471 3029 1684 3082 herbam
1721 3032 1848 3098 feni.
1896 3031 2030 3085 Cum
2063 3047 2246 3088 semen

2355 3043 2448 3112 τῆς
2473 3041 2725 3111 καλάμης
2765 3037 3124 3110 ἀδρυνὸμενον
3155 3037 3286 3106 (50).
3331 3033 3744 3100 Βλαστησὰτω
3789 3036 3824 3101 ὴ
3864 3033 3936 3104 γῆ

684 3124 739 3173 in
774 3131 973 3175 terram
1005 3121 1228 3173 humore
1262 3129 1315 3174 et
1339 3119 1521 3173 calore
1551 3123 1826 3174 moderato
1854 3126 2130 3192 prmditam
2167 3127 2250 3180 in--

2355 3130 2623 3197 ,ϐοτάνην
2651 3130 2889 3199 χόρτου.
2921 3130 3089 3181 Ὅταν
3117 3128 3197 3190 εἰς
3223 3126 3327 3195 γῆν
3357 3124 3646 3196 καταπέσῃ
3668 3123 3730 3176 τὸ
3765 3126 3938 3197 σπέρι

685 825 922 894 aliquam
960 834 1308 895 potestatem,
1364 836 1454 879 aut
1497 827 1660 879 etiam
1718 827 1928 880 delatos
1971 840 1998 878 a
2036 826 2254 894 regibus

688 920 958 983 honores,
998 927 1091 972 aut
1130 919 1368 988 gentium
1411 918 1894 988 gubernationem,
1922 929 2012 970 aut
2039 918 2251 972 exerci-

687 1023 834 1064 tnum
876 1011 1161 1080 imperium
1187 1029 1199 1064 :
1223 1025 1521 1079 pneconem
1553 1027 1742 1078 magna
1769 1025 1901 1064 voce
1922 1021 2044 1065 ante
2079 1011 2252 1078 ipsmn

686 1102 1013 1155 clamantem
1052 1119 1064 1154 :
1106 1102 1328 1155 lictores
1352 1102 1474 1154 hinc
1502 1114 1554 1155 et
1583 1103 1707 1156 inde
1738 1101 1968 1156 subditis
1999 1103 2253 1156 timorem

685 1193 1063 1262 gravissimum
1122 1193 1414 1248 inferentes
1445 1209 1455 1241 :
1501 1195 1707 1264 plagas,
1741 1194 2129 1263 publicationes
2159 1193 2254 1246 bo-

684 1299 901 1349 norum,
933 1285 1149 1349 exsilia,
1184 1286 1397 1338 vincula
1431 1305 1443 1340 :
1488 1302 1517 1340 e
1551 1288 1747 1353 quibus
1779 1286 2134 1340 intolerabilis
2166 1286 2254 1339 ille

685 1375 1047 1444 subiectorum
1081 1386 1259 1430 metus
1287 1377 1616 1430 concrescit.
1643 1377 1778 1441 Quid
1805 1391 1930 1431 vero
1962 1387 2084 1447 post
2114 1376 2254 1430 hoc?

685 1467 801 1522 lina
835 1485 965 1530 nox,
1002 1478 1096 1522 aut
1132 1485 1234 1522 una
1262 1469 1448 1530 lebris,
1482 1479 1577 1522 aut
1611 1469 1879 1538 pleuritis,
1910 1480 2002 1524 ant
2038 1471 2251 1539 pulmo-

683 1561 770 1613 nis
794 1557 1166 1624 inﬂammatio,
1214 1561 1356 1613 hunc
1401 1559 1676 1614 hominem
1719 1575 1782 1614 ex
1822 1561 2130 1618 hominibus
2155 1565 2254 1617 ah-

683 1661 897 1720 reptum
927 1652 1165 1716 abducit,
1199 1651 1343 1706 illico
1370 1667 1584 1706 omnem
1620 1652 1763 1708 illius
1809 1668 2026 1708 scenam
2065 1657 2249 1722 nudat,

683 1756 846 1814 atque
893 1745 1061 1814 gloria
1097 1745 1183 1798 illa
1221 1761 1317 1799 ceu
1383 1747 1651 1802 somnium
1703 1761 1823 1802 esse
1884 1750 2248 1804 convincitur.

682 1839 859 1902 Quare
893 1839 1152 1908 propheta
1180 1838 1467 1891 humanam
1501 1839 1734 1908 .gloriam
1761 1855 1884 1894 cum
1914 1841 2249 1896 debilissimo

681 1930 814 1983 llore
845 1930 1200 1998 comparavit.

750 2113 803 2166 5.
838 2110 1101 2166 Germinet
1151 2121 1291 2164 terra
1351 2112 1559 2165 herbam
1592 2113 1735 2180 feni,
1772 2114 2037 2167 seminans
2078 2130 2249 2167 semen

683 2207 1163 2274 secundumgenus
1191 2214 1236 2258 et
1260 2206 1544 2258 secundum
1589 2205 2008 2263 similitudinem.
2045 2207 2251 2260 Etiam-

689 2313 816 2350 num
851 2300 1192 2353 nascentium
1220 2298 1354 2352 ordo
1393 2299 1788 2353 ordinationem
1833 2301 2060 2366 primam
2089 2311 2253 2354 testa-

690 2399 775 2442 tur
799 2391 1042 2459 :‘qnippe
1071 2392 1294 2443 herbam
1323 2405 1560 2456 omnem,
1585 2406 1856 2459 omneque
1896 2409 2117 2459 gramen
2144 2409 2246 2446 an-

680 2481 882 2532 tecedit
920 2480 1263 2549 germinatio.
1318 2480 1446 2534 Sive
1497 2480 1643 2534 enim
1690 2481 1968 2550 quidpiam
2009 2498 2038 2534 a
2070 2484 2250 2537 radice

681 2585 748 2624 ex
793 2569 1036 2622 interiori
1086 2569 1339 2639 projectu
1361 2569 1692 2638 prorumpit,
1721 2579 1778 2622 ut
1814 2585 2007 2625 crocus
2037 2579 2091 2624 et
2129 2587 2248 2639 gra-

682 2677 827 2726 men,
883 2661 934 2714 id
979 2671 1192 2731 oportet
1248 2662 1575 2732 germinare,
1612 2672 1666 2716 et
1713 2661 1858 2717 foras
1884 2664 2192 2731 prominere
2231 2683 2242 2715 :

682 2756 796 2810 sive
821 2770 848 2808 a
891 2757 1096 2808 semine
1130 2755 1388 2824 gignitur,
1422 2755 1586 2808 etiam
1617 2755 1697 2811 sic
1724 2757 2036 2812 necessario
2060 2756 2117 2810 iit
2139 2757 2247 2826 pri-

683 2861 830 2900 mum
863 2847 1221 2914 germinatio;
1273 2846 1470 2901 deinde
1517 2850 1680 2902 herba
1705 2889 1720 2910 ,
1762 2860 1874 2903 tum
1913 2851 2133 2905 virescit
2170 2850 2248 2906 fe-

683 3214 836 3281 cidit,
864 3213 1041 3267 laxum
1078 3213 1334 3276 evadens,
1371 3227 1434 3267 ac
1465 3212 1714 3282 plurimis
1750 3215 1966 3281 plenum
1987 3220 2252 3274 meatibus

685 3318 890 3363 terram
925 3305 1261 3375 adiacentem
1298 3305 1665 3375 complexum,
1712 3307 1930 3376 propria
1958 3309 2058 3362 sibi
2088 3319 2142 3362 et
2170 3325 2256 3364 co-

681 3411 841 3471 gnata
874 3400 940 3454 ad
971 3415 1031 3455 se
1055 3400 1304 3453 attrahit.
1345 3398 1545 3452 Verum
1585 3401 1916 3455 tenuissima;
1953 3411 2110 3456 terrae
2137 3415 2255 3469 par-

682 3503 768 3550 tes
801 3493 1067 3546 meatibus
1104 3492 1211 3545 illis
1237 3491 1478 3560 allapste,
1532 3501 1588 3544 et
1624 3493 1704 3546 eis
1736 3507 1860 3547 sese
1899 3492 2208 3549 inserentes
2236 3533 2252 3560 ,

683 3584 916 3653 amplius
968 3584 1164 3637 molem
1213 3585 1380 3652 ipsius
1423 3586 1698 3639 dilatant:
1753 3587 1888 3638 adeo
1913 3599 1972 3640 ut
2001 3588 2250 3642 deorsum

684 3677 900 3747 quidem
929 3687 1053 3747 agat
1091 3675 1322 3740 radices,
1363 3693 1576 3730 sursum
1610 3692 1738 3732 vero
1772 3678 2116 3748 promineat,
2174 3690 2253 3735 tot

683 3771 878 3825 culmis
906 3769 1190 3831 videlicet,
1223 3777 1353 3836 quot
1379 3770 1592 3822 radices
1623 3780 1769 3834 sunt,
1815 3771 2244 3840 emergentibus.

688 3860 1023 3930 Tepeseente
1067 3869 1245 3914 autem
1274 3875 1510 3929 .semper
1551 3862 1813 3928 germine,
1841 3870 2106 3918 attractus
2156 3877 2254 3932 per

690 3957 902 4009 radices
935 3955 1151 4017 humor,
1195 3968 1289 4022 per
1329 3954 1532 4008 caloris
1586 3955 1965 4009 attractionem
2004 3955 2253 4011 modera-

687 4055 799 4098 tum
821 4045 886 4096 de
913 4054 1051 4097 terra
1082 4045 1394 4100 alimentum
1427 4045 1678 4110 adducit;
1716 4047 1876 4115 idque
1913 4047 1964 4099 in
1989 4048 2248 4112 culmum,

686 4147 742 4191 et
776 4137 830 4190 in
856 4138 1136 4200 corticem,
1170 4147 1222 4190 et
1254 4137 1324 4189 in-
1346 4136 1600 4192 frumenti
1654 4140 1859 4205 thecas,
1892 4149 1946 4193 et
1973 4141 2025 4194 in
2071 4142 2250 4210 ipsum

687 4232 951 4296 triticum,
982 4240 1036 4286 et
1065 4230 1118 4284 in
1163 4230 1360 4285 aristas
1401 4232 1739 4298 dispertitur.
1788 4232 1964 4302 Atque
1997 4234 2253 4302 quaelibet

686 4340 774 4379 res
806 4339 1050 4385 nascens,
1088 4325 1423 4379 incremento
1455 4324 1534 4377 sic
1582 4323 1842 4391 paulatim
1892 4335 2138 4395 accepto,
2185 4326 2252 4380 ad

685 4418 933 4470 idoneam
972 4416 1356 4485 propriamque
1386 4416 1631 4485 pervenit
1671 4429 2008 4478 mensuram,
2037 4417 2150 4470 sive
2184 4418 2249 4471 ad

2359 3245 2433 3296 μα
2465 3226 2791 3296 συμμέτρως
2830 3223 3028 3286 νοτίδος
3069 3223 3163 3276 καὶ
3206 3221 3412 3292 θέρμης
3441 3221 3690 3291 ἔχουσαν,
3741 3220 3940 3290 χαῦνον

2356 3319 2645 3388 γενόμενον
2673 3316 2763 3368 καὶ
2793 3314 3115 3385 πολύπορον,
3141 3313 3240 3382 τῆς
3269 3312 3678 3383 παρακειμένης
3704 3312 3810 3383 γῆς
3843 3329 3941 3364 ’πε-⁵

2358 3407 2769 3480 ριδραξάμενον,
2826 3405 2895 3459 τὰ
2926 3407 3100 3458 οἰκεῖα
3151 3407 3244 3456 καὶ
3293 3403 3546 3474 σύμφυλα
3589 3403 3728 3472 πρὸς
3778 3403 3941 3457 ἑαυτὸ

2356 3498 2671 3549 ἐπισπᾶται.
2721 3495 3093 3564 Ἐμπίπτοντα
3114 3493 3170 3545 δὲ
3204 3495 3316 3556 τοῖς
3357 3494 3542 3564 πόροις
3575 3494 3670 3546 καὶ
3696 3495 3940 3564 περιολι-

2357 3589 2637 3643 σθαίνοντα
2681 3587 2780 3656 τῆς
2812 3587 2915 3654 γῆς
2960 3587 3028 3638 τὰ
3070 3585 3372 3638 λεπτότατα
3416 3586 3599 3656 μόρια,
3640 3587 3734 3638 ἐπὶ
3779 3587 3939 3640 πλέον

2353 3680 2640 3752 ἀνευρύνει
2690 3679 2816 3742 τοὺς
2854 3676 3048 3743 ὄγκους
3094 3676 3256 3728 αὑτοῦ
3297 3676 3440 3743 (51)·
3478 3676 3618 3728 ὣστε
3656 3679 3938 3746 ῥιζοῦσθαι

2358 3773 2456 3842 μὲν
2477 3774 2556 3835 είς
2575 3771 2634 3824 τὸ
2661 3770 2828 3834 κάτω,
2850 3770 2941 3821 ἐπὶ
2964 3768 3022 3821 τὸ
3044 3767 3156 3822 ἄνω
3177 3767 3231 3819 δὲ
3250 3765 3604 3837 προκύπτειν,
3630 3771 3939 3839 ἰσαρίθμων

2354 3869 2472 3927 ταῖς
2504 3866 2680 3936 ῥίζαις
2709 3864 2815 3917 τῶν
2847 3862 3106 3932 καλάμων
3147 3859 3620 3932 προϐαλλομένων·
3661 3860 3941 3931 θαλπομὲ

2355 3971 2446 4007 νου
2479 3955 2535 4006 δὲ
2568 3957 2654 4006 ἀεὶ
2688 3955 2779 4006 τοῦ
2815 3955 3205 4023 βλαστήματος,
3260 3954 3559 4021 συρομένην
3591 3953 3681 4006 διά
3713 3953 3824 4006 τῶν
3853 3956 3934 4025 ῥι-

2355 4043 2464 4108 ζῶν
2510 4043 2609 4113 τὴν
2653 4043 2851 4103 νοτίδα,
2895 4045 2960 4112 τῇ
3002 4043 3131 4112 ὁλκῇ
3168 4041 3261 4093 τοῦ
3297 4041 3497 4112 θερμοῦ
3529 4044 3937 4112 συνεπάγεσθαι

2353 4133 2446 4187 τοῦ
2475 4135 2740 4207 τροφίμου
2775 4129 2875 4202 τῆς
2911 4134 3013 4204 γῆς
3042 4133 3162 4184 ὅσον
3189 4131 3428 4201 μέτριον,
3455 4133 3546 4184 καὶ
3576 4133 3734 4186 τοῦτο
3768 4152 3936 4188 κατα-

2356 4227 2601 4300 μερίζειν
2634 4229 2713 4290 είς
2738 4225 2988 4296 καλάμην
3019 4227 3111 4278 καὶ
3147 4225 3346 4294 φλοιὸν,
3377 4225 3468 4279 καὶ
3507 4225 3604 4289 τὰς
3635 4226 3816 4295 θήκας
3847 4230 3934 4282 τοῦ

2357 4321 2525 4382 σίτου,
2565 4321 2660 4375 καὶ
2703 4319 2862 4373 αὑτὸν
2895 4319 2984 4372 τὸν
3017 4321 3159 4372 σῖτον
3203 4319 3295 4372 καὶ
3331 4318 3455 4382 τοὺς
3482 4318 3778 4387 ἁνθὲρικας
3802 4337 3814 4348 ·
3847 4323 3934 4373 καὶ

2355 4411 2496 4464 οὕτω
2521 4411 2658 4464 κατά
2684 4411 2876 4483 μικρὸν
2899 4412 2995 4481 τῆς
3028 4412 3308 4481 αὐξήσεως
3330 4412 3637 4482 γινομένης,
3663 4414 3757 4465 ἐπὶ
3784 4413 3844 4466 τὸ
3861 4416 3934 4465 οἰ-

685 4508 963 4570 frumenti,
1001 4518 1092 4561 aut
1113 4507 1426 4576 leguminis,
1456 4517 1546 4560 aut
1573 4507 1763 4572 oleris,
1790 4517 1883 4560 aut
1919 4506 2130 4560 fruticis
2158 4525 2249 4578 ge-

2356 4507 2499 4557 κεῐον
2537 4504 2731 4574 μέτρον
2757 4504 2983 4555 ἕκαστον
3001 4505 3107 4555 τῶν
3127 4503 3408 4572 φυομένων
3441 4505 3930 4568 ἀποκαθίστασθαι,

687 4616 786 4655 nus
817 4599 1104 4669 pertineat.
1147 4599 1320 4654 Unum
1365 4596 1569 4661 fenum,
1625 4599 1900 4667 herbaque
1933 4614 2038 4651 una
2081 4607 2248 4650 totam

687 4701 830 4746 tuam
864 4699 1096 4746 mentem
1127 4692 1180 4744 in
1216 4705 1301 4756 ea,
1337 4704 1406 4745 ex
1440 4703 1546 4757 qua
1586 4691 1804 4758 prodiit,
1850 4699 1968 4743 arte
1989 4689 2248 4744 conside»-

685 4784 876 4848 randa,
919 4799 1185 4854 occupare
1224 4793 1443 4853 potest:
1491 4782 1764 4852 quomodo
1813 4784 2076 4850 geniculis
2112 4797 2248 4852 pra:-

682 4880 934 4946 cingatur
967 4875 1219 4932 frumenti
1253 4876 1482 4938 culmus,
1523 4888 1629 4942 quo
1660 4870 1825 4926 veluti
1857 4871 2067 4925 vincula
2105 4886 2247 4940 qua:-

753 5064 866 5135 (26)
898 5063 975 5116 Ita
1003 5058 1326 5135 mss.t_nulti.
1362 5056 1523 5110 Deest
1547 5055 1582 5124 ἡ
1617 5056 1670 5108 1η
1711 5053 1872 5110 editis
1895 5062 2020 5135 ante
2036 5050 2240 5135 ,ὲθχῶψ

681 5122 860 5191 Ραὶιίό
881 5143 1000 5201 post
1049 5130 1177 5186 editi
1209 5143 1327 5201 cum
1359 5122 1774 5201 quatuoi"tttss.
1833 5126 1960 5185 τοὺς
2024 5122 2241 5194 ῥαϐδού-

680 5195 957 5278 χουςζᾸιῇ
978 5213 1207 5272 quatuor
1229 5197 1355 5260 τοὺς
1381 5195 1776 5278 ῥαϐδοφόρους.

752 5263 865 5346 (ΞἸ)
928 5263 1058 5346 lie'g.
1088 5279 1297 5346 sextus
1325 5263 1434 5346 ὀί.
1463 5263 1689 5346 uterque
1728 5265 1890 5319 Coisl.
1935 5263 2242 5346 cnmLColb.

681 5333 916 5402 secundo
944 5333 1043 5406 τάξ
1083 5337 1396 5414 ἐπαγωγάς,
1423 5337 1474 5389 id
1505 5333 1614 5399 est,
1635 5352 1835 5414 pinnas,
1872 5333 2247 5414 captivitatem,

679 5429 728 5472 et
779 5417 1088 5485 omniaquae
1109 5409 1289 5533 itgerri
1318 5418 1544 5530 [essent
1577 5408 1738 5460 mala.
1773 5408 1972 5460 Statim
2000 5419 2128 5460 mss.
2151 5419 2243 5459 sex

687 5485 1116 5533 συναθροίζεται.
1190 5479 1285 5533 tlili
1354 5476 1650 5533 θοοίζεται.

687 5476 1116 5556 συναθροίζεται..
1143 5476 1285 5534 Editi
1318 5476 1650 5556 ἀθροίζεται.

755 5545 969 5626 (Qtiflta
989 5554 1202 5626 codices
1232 5545 1510 5626 sex._Ed_iti
1544 5549 1906 5626 ἐπιτέτακται,
1935 5545 2093 5600 male.
2123 5545 2238 5600 Mox

682 5618 1137 5682 Colhfsecnudus
1166 5621 1300 5694 πρὸς
1327 5619 1387 5676 τὸ
1408 5618 1814 5694 ἀδρανέστᾲερον.

755 5697 862 5766 (29)
894 5697 983 5750 Sic
1041 5710 1167 5748 mss.
1211 5688 1372 5747 Deest
1393 5689 1504 5766 τῶν
1530 5693 1589 5742 in
1615 5688 1789 5766 editis.
1833 5688 2052 5766 __S_tatim
2106 5704 2233 5744 mss.

683 5763 1121 5828 υιόιιιὲκδίδοταί
1149 5783 1218 5820 τι.
1250 5764 1587 5819 Desideratur
1619 5777 1667 5813 τι
1699 5763 1746 5815 iu
1782 5763 1957 5816 editis.

2356 4598 2463 4649 εἴτε
2498 4613 2548 4648 τι
2604 4595 2711 4648 τῶν
2748 4595 3001 4666 σιτηρῶν,
3044 4595 3152 4646 εἴτε
3192 4595 3300 4646 τῶν
3339 4596 3635 4666 χεδῴπων,
3682 4596 3794 4648 εἴτε
3827 4598 3932 4648 τῶν

2357 4687 2679 4759 λαχανωδῶν
2727 4687 2759 4759 ἢ
2809 4686 3158 4758 φρυγανικῶν
3193 4689 3471 4757 τυγχάνοι.
3504 4681 3597 4750 Εἷς
3621 4690 3818 4758 χόρτος
3843 4689 3933 4743 καὶ

2358 4781 2456 4848 μία
2488 4779 2682 4849 βοτάνη
2722 4779 2943 4850 ἐξαρκεῖ
2980 4779 3079 4849 τὴν
3111 4779 3347 4833 διάνοιάν
3383 4795 3476 4833 σου
3504 4783 3687 4834 πᾶσαν
3733 4785 3813 4845 εἰς
3837 4784 3931 4852 τὴν

2354 4871 2585 4943 θεωρίαν
2624 4872 2722 4942 τῆς
2771 4872 3214 4942 ὲξεργασαμένης
3255 4874 3365 4945 (52)
3409 4874 3548 4927 αὐτὰ
3587 4875 3788 4944 τέχνης
3827 4876 3930 4928 ἀπο

2424 5054 2534 5136 (ἕρ)
2565 5053 2704 5136 Eas:
2731 5063 2918 5136 δοξιηξ
2942 5055 3196 5136 καλάμης
3222 5054 3607 5136 βαρυνέμεκον-

2421 5127 2533 5187 (51)
2568 5125 2708 5198 Editi
2741 5127 2865 5198 τοὺς
2895 5125 3092 5194 ὄγκους
3142 5125 3326 5198 αὑτοῦ,
3370 5125 3640 5198 videlicet?
3679 5128 3925 5198 σπέρμα-

2349 5213 2439 5260 τος
2461 5213 2472 5224 ·
2504 5210 2663 5263 quam
2701 5197 3004 5267 lectionem
3026 5197 3242 5251 exhibet
3271 5212 3482 5265 quoque
3503 5197 3667 5252 Coisl.
3701 5197 3920 5267 primus,

2352 5267 2584 5318 secunda
2623 5281 2781 5319 manu
2817 5266 3152 5321 emendatus.
3183 5269 3283 5320 Alii
3342 5279 3545 5336 septem
3575 5266 3794 5322 codices
3833 5270 3922 5320 αὑ-

2351 5339 2470 5406 τῆς,
2515 5335 2778 5407 videlicet
2824 5336 3076 5407 βοτάνης.
3134 5336 3327 5390 Statim
3397 5335 3499 5390 duo
3548 5355 3681 5392 mss.
3733 5340 3842 5392 ἄνω
3866 5338 3920 5391 δὲ

2357 5406 2701 5476 προκόπτειν.
2755 5407 2893 5461 Editi
2931 5406 3052 5461 cum
3094 5408 3212 5462 aliis
3270 5423 3401 5464 mss.
3443 5408 3803 5478 προκύπτειν,
3843 5424 3920 5463 re-

2353 5491 2512 5531 CllllS.

2422 5548 2534 5623 (32)
2565 5548 2654 5623 Sic
2690 5562 2964 5623 "ISS.__SCX_,
3000 5549 3214 5617 optime.
3252 5548 3430 5602 Editio
3471 5547 3646 5623 Paris:
3679 5550 3918 5623 ἐξειργα-

2351 5617 2576 5691 σμένης.
2609 5620 2783 5675 Editio
2807 5617 2970 5675 Basil.
3004 5637 3122 5675 cum
3173 5623 3381 5675 duobus
3428 5636 3555 5676 mss.
3589 5617 3918 5694 ἐξεργασμὲο

2350 5708 2464 5764 νης.
