4092 6318
209 395 303 449 101
1328 382 1612 439 HOMILIA
1653 383 1694 436 ν
1737 384 1780 436 II

1884 372 2337 437 ΙΕΧΑΕΠΕΒΟΝ.

3350 374 3454 432 102

198 515 528 587 ασχολῆσαιο
557 513 675 578 πῶς
689 513 876 583 γόνασι
891 510 1246 576 διαζὼννυται
1275 510 1308 579 ἡ
1335 509 1555 577 καλάμη
1585 506 1679 560 τοῦ
1704 507 1780 559 σί-

1887 506 2009 561 dam
2037 506 2249 561 facilius
2279 505 2551 571 spicarum
2590 501 2796 571 pondus
2840 500 3018 554 ferant
3045 539 3062 564 ,
3106 514 3230 553 cum
3261 498 3456 553 fructi-

197 620 317 667 του,
354 606 438 657 ἶνα
472 604 660 675 ὥσπερ
694 604 974 674 σύνδεσμοί
998 619 1139 664 τινες
1165 601 1361 672 ῥᾳδίως
1389 600 1448 651 τὸ
1478 600 1640 669 βάρος
1672 597 1779 650 τῶν

200 695 490 766 ἀσταχύων
526 695 781 765 φέρωσιν,
805 696 933 747 ὅταν
960 693 1184 764 πλήρεις
1217 690 1367 752 ὄντες
1396 689 1622 761 καρπῶν
1646 687 1779 759 πρὸς

197 788 301 859 τὴν
332 790 432 858 γῆν
461 788 909 841 κατακλίνωνται.
935 786 1034 839 Διά
1059 783 1214 837 τοῦτο
1241 785 1269 836 ό
1307 783 1404 853 μὲν
1458 782 1656 851 βρόμος
1697 780 1776 831 δι-

199 879 326 932 όλου
356 880 531 942 κενὸς,
554 880 647 932 ἆτε
672 879 855 950 μηδενὶ
881 879 979 949 τὴν
1004 875 1242 946 κεφαλὴν
1266 874 1625 944 βαρυνόμενος
1646 888 1657 900 ³
1685 870 1777 923 τὸν

199 973 260 1023 δὲ
300 975 442 1025 σῖτον
464 975 575 1034 τοῖς
607 972 919 1041 συνδέσμοις
948 970 1154 1031 τούτοις
1192 970 1224 1038 ἡ
1254 967 1414 1036 φύσις
1446 963 1779 1035 κατησφαλί-

205 1079 361 1116 σατο.
398 1064 484 1117 Ἑν
522 1063 664 1135 θήκῃ
691 1064 746 1115 δὲ
770 1062 861 1113 τὸν
891 1061 1085 1113 κόκκον
1121 1059 1451 1128 ἀποθεμένη,
1483 1057 1557 1118 ὡς
1584 1055 1656 1126 μὴ
1690 1057 1779 1109 εὑ-

200 1154 534 1224 διάρπαστον
564 1150 829 1215 εἶναιτοῖς
863 1151 1258 1222 σπερμολόγοις
1281 1152 1419 1221 (55)·
1460 1150 1539 1202 ἐτι
1580 1152 1673 1203 καὶ
1709 1153 1776 1221 τῇ

200 1244 440 1315 προϐολῇ
474 1245 579 1297 τῶν
605 1244 898 1315 ἀνθερίκων
924 1239 1032 1297 οἷον
1057 1244 1205 1296 άκίσι
1226 1243 1322 1304 τὰς
1343 1245 1405 1293 ἐκ
1435 1241 1544 1293 τῶν
1569 1240 1776 1312 μικρῶν

200 1333 361 1399 ζώων
391 1338 645 1405 ἀφίστησι
677 1335 897 1404 βλάϐας.

274 1429 331 1483 4.
368 1430 431 1482 Τί
459 1431 621 1491 simu;
654 1427 704 1480 τί
750 1429 1046 1499 σιωπήσως
1094 1427 1181 1479 Ἐν
1226 1425 1497 1488 πλουσίοις
1538 1424 1637 1494 τῆς
1660 1422 1778 1477 κτί-

202 1536 346 1584 σεως
390 1520 680 1590 θησαυροῖς
710 1520 911 1591 ἄπορος
954 1520 1049 1589 μὲν
1085 1521 1116 1589 ἡ
1151 1517 1363 1587 εὕρεσις
1401 1518 1494 1569 τοῦ
1532 1516 1780 1587 τιμιωτέ-

202 1629 323 1683 ρου,
349 1611 731 1682 δδσφορωτάτη
766 1612 819 1665 δὲ
858 1615 889 1682 ή
918 1612 1088 1681 ζημία
1125 1612 1217 1664 τοῦ
1248 1611 1593 1682 παρεθέντος.
1632 1614 1780 1664 Βλα-

199 1700 484 1767 στησάτω
512 1703 549 1769 ἠ
575 1700 649 1770 γῆ
674 1702 947 1769 ,βοτάνην
972 1703 1209 1770 χόρτου.
1236 1704 1346 1755 Καὶ
1368 1703 1566 1766 εὐθέως
1596 1703 1779 1766 συνεξ-

198 1792 361 1863 εδόθη
406 1796 518 1856 τοῖς
550 1796 835 1863 τροφίμοις
866 1793 933 1845 τά
964 1792 1264 1865 δηλητήρια
1284 1812 1298 1825 ·
1329 1796 1465 1866 μετὰ
1502 1795 1596 1848 τοῦ
1632 1796 1777 1849 σίτου

196 1891 263 1943 τὸ
303 1889 546 1955 κώνειον,
596 1892 730 1961 μετὰ
773 1890 877 1943 τῶν
922 1890 1121 1943 λοιπῶν
1166 1892 1447 1963 τροφίμων
1483 1891 1781 1961 ἐλλέϐορος,

197 1983 295 2035 καὶ
328 1983 593 2047 ἀκόνιτον,
632 1983 724 2035 καὶ
763 1982 1163 2053 μανδραγόρας,
1209 1986 1301 2036 καὶ
1345 1987 1373 2036 ό
1400 1987 1498 2054 τῆς
1532 1986 1777 2054 μήκωνος

196 2076 355 2139 όπός.
384 2076 449 2128 Τί
476 2072 601 2141 οὖν;
627 2075 855 2145 ἀφέντες
887 2076 947 2127 τὸ
981 2076 1072 2127 ἐπὶ
1101 2079 1212 2139 τοῖς
1246 2078 1539 2148 χρησίμοις
1571 2079 1667 2145 τὴν
1690 2078 1780 2145 χά-

199 2186 288 2237 ριν
318 2169 617 2240 ὁμολογεῖν,
664 2169 1030 2238 ὲγκαλέσομεν
1071 2167 1147 2238 τῷ
1176 2170 1501 2241 Δημιουργῷ
1550 2170 1641 2221 ἐπὶ
1668 2172 1777 2231 τοῖς

196 2260 523 2332 φθαρτικοῖς
553 2259 707 2330 ⁴ἡμῶν
731 2258 829 2328 τῆς
853 2258 1031 2328 ζωῆς;
1062 2260 1235 2311 ἐκεῖνο
1266 2260 1321 2313 δὲ
1346 2260 1405 2311 οὑ
1433 2257 1777 2329 λογισόμεθα,

193 2350 282 2403 ὅτι
316 2352 378 2403 οὐ
406 2351 581 2403 πάντα
608 2350 705 2420 τῆς
729 2349 963 2420 γαστρὸς
990 2349 1173 2403 ἕνεκεν
1197 2351 1297 2421 τῆς
1328 2352 1601 2421 ἡμετέρας
1626 2349 1777 2421 δεδη-

191 2440 578 2512 .μιούργηται;
622 2440 761 2495 Ἀλλ’
790 2444 922 2513 ἡμῖν
958 2443 1056 2514 μὲν
1099 2444 1157 2496 αἰ
1192 2443 1625 2512 άποτεταγμέναι
1652 2459 1779 2512 τρο-

193 2532 303 2601 φαὶ
339 2534 640 2605 πρόχειροι,
669 2534 765 2587 κα).
794 2536 960 2588 πᾶσιν
992 2535 1305 2603 εὔγνωστον
1342 2535 1567 2587 ἕκαστον
1596 2534 1650 2586 δὲ
1673 2534 1780 2587 τῶν

194 2625 511 2695 γενομένων
543 2623 669 2680 ῖδιὸν
696 2645 817 2681 τινα
848 2628 1005 2696 λόγον
1040 2632 1097 2681 ὲν
1124 2631 1188 2699 τῇ
1223 2628 1394 2682 κτίσει
1429 2629 1641 2700 πληροῖ.
1689 2629 1778 2701 Μὴ

195 2718 335 2791 γάρ,
372 2721 555 2790 ἐπειδή
583 2737 663 2773 σοι
696 2721 1022 2791 δηλητήριον
1051 2720 1112 2773 τὸ
1144 2720 1361 2791 ταύριον
1404 2716 1559 2792 αἷμα,
1590 2721 1780 2775 τούτου

194 2810 390 2864 ἕνεκεν
422 2810 528 2863 ἔδει
578 2811 610 2880 ἢ
654 2810 727 2881 μὴ
754 2811 1096 2883 παραχθῆναι
1134 2812 1195 2865 τὸ
1227 2812 1383 2876 ζῶον,
1425 2814 1456 2883 ῆ
1506 2813 1782 2884 παραχθὲν

195 2904 436 2973 ἄναιμον
464 2900 573 2972 (54)
598 2896 758 2966 εἶναι,
785 2898 845 2955 οὗ
867 2904 965 2973 τῆς
990 2902 1169 2973 ἰσχύος
1196 2904 1331 2975 πρὸς
1357 2903 1592 2957 τοσαῦτα
1624 2907 1655 2974 ἡ
1666 2905 1782 2975 μῶν

196 2994 469 3048 ἐπιδεῖται
498 2996 527 3047 ὁ
562 2994 709 3064 βίος;
758 2994 916 3047 Ἀλλά
942 2996 1025 3047 σο).
1057 2997 1152 3065 μὲν
1174 2997 1454 3067 αὐτάρκης
1482 3000 1509 3049 ὁ
1538 2996 1781 3059 σύνοικος

194 3088 360 3156 λόγος
388 3087 524 3158 πρὸς
548 3088 647 3159 τὴν
671 3086 916 3157 φυλακὴν
946 3086 1052 3138 τῶν
1074 3087 1349 3156 όλεθρίων.
1379 3088 1453 3138 Οὐ
1481 3088 1650 3157 δήπου
1675 3088 1781 3156 γάρ

193 3180 454 3251 πρόϐατα
500 3180 598 3249 μὲν
650 3179 743 3231 καὶ
790 3174 944 3245 αἵγες
990 3176 1165 3229 ῐσασιν
1202 3178 1531 3245 ἀποφεύγειν
1581 3177 1651 3229 τά
1680 3194 1781 3230 κα-

196 3266 406 3319 κοῦντα
441 3265 623 3317 αὐτῶν
653 3267 750 3335 τὴν
789 3266 954 3335 ζωὴν,
1003 3266 1139 3338 μόνῃ
1176 3270 1238 3338 τῇ
1276 3267 1523 3339 αἰσθήσει
1558 3269 1616 3321 τὸ
1650 3268 1777 3339 βλα-

195 3356 366 3428 ϐερὸν
399 3356 756 3428 διακρίνοντα’
790 3358 873 3410 σοὶ
902 3357 977 3421 δὲ,
1010 3350 1054 3425 ᾧ
1088 3358 1184 3411 καὶ
1219 3358 1375 3427 λόγος
1408 3360 1659 3430 πάρεστι,
1688 3362 1781 3413 καὶ

198 3446 424 3519 ἰατρικὴ
457 3447 618 3519 τέχνη
656 3448 715 3500 τὸ
746 3449 1013 3520 χρήσιμον
1051 3448 1430 3517 ὲκπορίζουσα,
1478 3450 1569 3501 καὶ
1614 3450 1781 3519 ἡτῶν

197 3540 584 3613 προλαϐόντων
611 3544 792 3613 πεῖρα,
816 3540 923 3594 τῶν
952 3541 1293 3611 βλαπτόντων
1324 3543 1422 3613 τὴν
1452 3543 1627 3612 φυγὴν
1652 3544 1782 3595 ὑπο-

198 3632 499 3695 ϐάλλουσα,
530 3632 763 3701 χαλεπόν
786 3634 951 3696 ἐστιν,
984 3634 1105 3685 εἰπέ
1138 3650 1247 3702 μοι,
1272 3632 1515 3685 ἐκκλῖναι
1541 3633 1609 3686 τὰ
1629 3634 1783 3705 δηλη-

193 3724 401 3793 τήρια;
434 3723 587 3786 Ἐστι
610 3721 664 3773 δὲ
686 3721 889 3774 τούτων
910 3722 1060 3775 οὐδὲν
1086 3722 1289 3794 ἀργῶς,
1314 3723 1466 3775 οὐδὲν
1495 3724 1783 3794 ἀχρήστως

196 3814 591 3885 γεγενημένον.
627 3814 698 3866 Ἢ
731 3814 839 3885 γάρ
875 3815 1088 3886 τροφὴν
1114 3815 1342 3887 παρέχει
1374 3818 1479 3868 τιν)⁵
1517 3816 1624 3868 τῶν
1654 3816 1781 3869 ἀλό-

198 3925 335 3978 γων,
365 3908 397 3980 ἢ
425 3909 519 3961 καὶ
545 3910 673 3979 ἡμῖν
694 3908 877 3971 αὐτοῖς
908 3909 1057 3979 παρὰ
1079 3909 1178 3978 τῆς
1208 3908 1457 3979 ἰατρικῆς
1489 3909 1683 3978 τέχνης
1704 3911 1783 3973 εἰς

198 4001 562 4073 παραμυθίαν
608 4002 768 4054 τινῶν
820 4001 1266 4073 ἀρρωστημάτων
1316 4001 1426 4071 (55)
1474 4002 1778 4072 ἐξεύρηται.

199 4093 273 4147 Τὸ
309 4094 411 4163 μὲν
444 4093 552 4163 γάρ
584 4094 805 4147 κώνειον
832 4096 881 4147 οἰ
907 4094 1082 4166 ψᾶρες
1117 4092 1419 4163 βόσκονται,
1444 4093 1529 4146 διὰ
1563 4096 1658 4166 τὴν
1688 4112 1784 4148 κα·-

197 4183 475 4253 τασκευὴν
493 4186 586 4236 τοῦ
616 4185 864 4256 σώματος
893 4187 988 4257 τὴν
1020 4189 1085 4239 ὲκ
1113 4185 1205 4238 τοῦ
1234 4186 1552 4257 δηλητηρίου
1584 4186 1784 4257 βλάϐην

199 4276 689 4348 ἀποδιδράσκοντες
711 4295 723 4309 υ
755 4278 983 4340 λεπτοὺς
1013 4276 1121 4346 γὰρ
1156 4276 1369 4346 ἔχοντες
1408 4280 1533 4341 τοὺς
1556 4279 1647 4330 ἐπὶ
1674 4278 1783 4348 (56)

196 4368 298 4439 τῆς
330 4366 563 4439 καρδίας
591 4366 812 4436 πόρους,
852 4368 1141 4436 φθάνουσιν
1179 4368 1414 4435 ἐκπέψαι
1450 4369 1511 4421 τὸ
1543 4386 1785 4423 καταπο-

200 4459 315 4524 Θὲν,
351 4461 485 4541 πρὶν
508 4458 605 4526 τὴν
631 4458 721 4510 ἀπ’
752 4458 916 4512 αὑτοῦ
948 4457 1107 4528 ψῦξιν
1138 4456 1246 4509 τῶν
1281 4460 1509 4531 καιρίων
1539 4459 1785 4529 καθάψα-

1883 599 1981 652 bus
2000 597 2188 667 plenae,
2212 597 2263 649 in
2292 605 2489 649 terram
2506 593 2892 661 proclinantur.
2912 590 3251 661 Quapmpter
3280 604 3453 645 avena

1881 688 2100 756 quidem
2132 687 2356 739 omnino
2380 693 2462 738 est
2498 698 2693 747 vacua,
2730 682 2885 748 cujus
2935 682 3145 736 scilicet
3193 692 3360 751 caput
3392 695 3455 736 re

1884 778 2027 831 nulla
2064 788 2319 847 gravetur
2356 796 2368 830 :
2398 788 2610 838 contra,
2649 774 2880 828 vinculis
2913 774 2995 828 his
3030 774 3269 827 triticum
3295 788 3451 826 com-

1883 870 2113 923 munivit
2144 880 2356 923 natura.
2392 869 2445 921 ln
2474 870 2629 922 theca
2675 882 2805 921 vero
2840 881 3066 937 granum
3102 866 3404 920 recondidit
3433 907 3451 930 ,

1882 980 1950 1018 ne
1991 965 2146 1018 facile
2175 981 2203 1017 a
2235 963 2513 1033 frugilegis
2538 962 2728 1015 avibus
2769 961 3081 1029 diripiatur.
3130 957 3357 1029 Insuper
3393 970 3450 1011 et

1883 1056 2171 1107 aristarum
2196 1054 2511 1115 eminentia,
2542 1051 2695 1121 quasi
2738 1051 3078 1119 cuspidibus,
3125 1048 3447 1105 animalium

1880 1162 2170 1217 parvorum
2205 1162 2398 1201 noxam
2431 1158 2582 1203 arcet
2619 1159 2783 1218 atque
2816 1149 3161 1203 detrimenta.

1950 1418 2001 1471 ι.
2032 1418 2168 1486 Quid
2194 1418 2407 1474 dicam?
2440 1421 2568 1490 quid
2602 1421 2815 1477 silentio
2864 1423 3195 1491 praeteribo?
3226 1424 3280 1481 In
3309 1442 3450 1497 opu-

1882 1512 2048 1567 lentis
2087 1514 2380 1568 creationis
2435 1517 2703 1570 thesauris
2752 1517 3063 1586 perdlllicile
3098 1522 3315 1587 quidem
3366 1534 3452 1575 est

1882 1620 1995 1659 rem
2044 1608 2477 1675 praestantiorem
2542 1608 2827 1663 invenire:
2878 1611 2921 1663 si
2953 1619 3130 1664 tamen
3159 1613 3448 1675 omittitur,

1880 1697 1970 1749 vix
2003 1697 2216 1765 jactura
2270 1696 2411 1751 illius
2482 1709 2661 1768 potest
2710 1701 2947 1754 tolerari.
3004 1701 3268 1756 Cerminet
3308 1717 3449 1758 terra

1882 1789 2093 1841 herbam
2134 1789 2263 1856 feni.
2299 1790 2366 1844 Et
2399 1792 2585 1845 statim
2618 1807 2721 1844 una
2762 1808 2882 1847 cum
2909 1793 3156 1849 edulibus
3179 1794 3285 1866 43
3315 1812 3446 1863 pro-

1818 1889 1858 1941 Β
1887 1879 1995 1932 lata
2025 1889 2152 1933 sunt
2194 1881 2406 1947 nociva,
2441 1882 2618 1935 cicuta
2671 1899 2793 1937 cum
2832 1884 3126 1949 frumento,
3150 1902 3271 1941 cunt
3296 1905 3453 1942 escu-

1883 1969 2046 2022 lentis
2082 1970 2301 2039 reliquis
2334 1971 2643 2027 helleborus
2666 2014 2681 2035 ,
2714 1975 2992 2028 aconitum
3013 2018 3028 2039 ,
3058 1980 3450 2047 mandragora,

1880 2060 2167 2127 papaveris
2199 2076 2412 2116 succus.
2469 2062 2611 2130 Quid
2645 2065 2854 2135 igitur?
2899 2067 3129 2137 gratiam
3180 2069 3250 2121 ob
3297 2069 3449 2123 utilia

1880 2153 2123 2207 conﬁteri
2152 2156 2491 2217 amittentes,
2521 2158 2871 2213 Conditorem
2912 2160 2981 2215 ob
3011 2176 3072 2214 ea
3108 2176 3227 2229 qua:
3255 2174 3453 2216 nostm:

1881 2249 2005 2302 vitae
2033 2249 2263 2303 exitiosa
2302 2263 2470 2313 sunt,
2517 2253 2933 2306 accusabimus?
2975 2252 3103 2307 illud
3126 2263 3311 2307 autem
3343 2270 3450 2307 non

1885 2343 2281 2409 reputabinius,
2313 2343 2458 2411 quod
2490 2359 2595 2397 non
2626 2344 2806 2397 omnia
2832 2346 3040 2399 ventris
3071 2345 3239 2399 nostri
3274 2348 3452 2416 gratia

1882 2440 2062 2486 creata
2092 2444 2220 2486 sunt
2238 2433 2261 2487 ?
2279 2432 2449 2487 Porro
2467 2434 2621 2488 nobis
2648 2434 2867 2504 quidem
2897 2435 3164 2491 destinata
3190 2433 3449 2491 alimenta

1880 2523 2039 2577 obvia
2070 2534 2217 2589 sunt,
2260 2534 2316 2579 et
2350 2526 2602 2580 omnibus
2627 2526 2793 2595 probe
2841 2538 2965 2582 nota
2999 2546 3014 2583 :
3067 2529 3282 2599 singula
3317 2543 3449 2586 vero

1881 2631 2001 2685 qua:
2031 2618 2245 2673 condita
2272 2630 2417 2681 sunt,
2456 2623 2729 2687 propriam
2762 2622 3052 2691 quamdam
3092 2623 3354 2679 rationem
3386 2626 3441 2680 in

1883 2708 2165 2762 creatione
2190 2710 2430 2777 explent.
2455 2708 2591 2763 Num
2620 2712 2762 2764 enim
2794 2712 2920 2780 quia
2952 2714 3196 2767 taurinus
3226 2717 3453 2786 sanguis

1886 2800 2124 2853 toxicum
2161 2801 2253 2854 tibi
2294 2811 2399 2862 est,
2431 2802 2550 2856 ideo
2582 2803 2781 2856 animal
2816 2803 2969 2867 illud,
2999 2804 3153 2873 cujus
3176 2806 3373 2863 robore
3394 2809 3450 2862 in

1884 2899 1961 2944 tot
1986 2902 2039 2946 et
2072 2895 2234 2948 tantis
2267 2896 2431 2949 rebus
2464 2897 2569 2949 vita
2600 2908 2784 2951 nostra
2821 2898 3044 2969 indiget,
3082 2910 3174 2952 aut
3196 2916 3301 2954 non
3332 2916 3453 2970 pro.

1890 2984 2033 3049 duci,
2077 2995 2169 3039 aut
2200 2989 2519 3055 productum
2546 3006 2821 3059 exsangue
2867 3006 2987 3046 esse
3013 2994 3288 3062 oportuit?
3336 2995 3447 3049 Sed

1885 3075 1978 3127 tibi
2004 3079 2409 3133 contubernalis
2452 3094 2516 3133 ac
2541 3082 2835 3134 domestica
2869 3085 3007 3136 ratio
3042 3086 3108 3137 ad
3138 3099 3224 3138 res
3246 3087 3451 3139 exitia-

1885 3164 1963 3219 les
1994 3169 2241 3221 vitandas
2272 3170 2483 3224 suliicit.
2520 3171 2768 3240 Nunquid
2800 3174 2941 3227 cnim
2977 3190 3105 3229 oves
3142 3177 3359 3245 quidem
3396 3191 3452 3231 et

1885 3274 2064 3327 caprae
2095 3261 2273 3314 sciunt
2315 3276 2379 3317 ea
2430 3279 2548 3329 qua:
2599 3280 2709 3318 sua:
2744 3267 2865 3321 vita:
2898 3278 3119 3335 nocent,
3148 3270 3445 3337 declinare,

1885 3351 2004 3406 solo
2040 3367 2198 3407 sensu
2234 3355 2393 3407 noxia
2426 3356 2833 3411 discernentes:
2866 3359 2961 3412 tibi
2984 3374 3137 3425 vero,
3167 3362 3255 3415 cui
3290 3363 3451 3418 adest

1884 3456 1941 3499 et
1966 3446 2122 3507 ratio,
2159 3456 2215 3499 et
2247 3462 2336 3499 ars
2365 3448 2596 3510 medica,
2626 3450 2770 3516 quod
2811 3450 2943 3503 utile
2971 3460 3055 3504 est
3088 3450 3323 3506 oﬂ'erens
3345 3495 3359 3516 ,
3398 3468 3454 3511 et

1884 3551 2070 3591 eorum
2100 3540 2189 3607 qui
2222 3549 2270 3593 te
2297 3548 2704 3593 anteverterunt
2728 3540 3059 3608 exemplum,
3094 3557 3202 3613 quo
3229 3544 3297 3598 de
3327 3546 3453 3616 luga

1884 3631 2199 3684 nocivorum
2241 3633 2585 3697 admoneris,
2621 3632 2836 3687 diﬂicile
2877 3644 2983 3698 est,
3024 3636 3109 3689 dic
3134 3674 3151 3699 ,
3184 3651 3392 3706 quaeso,
3424 3655 3455 3691 ιι

1883 3723 2109 3776 venenis
2131 3722 2367 3775 cavere?
2395 3721 2539 3775 Nihil
2563 3732 2743 3776 autem
2788 3726 2981 3779 horum
3031 3725 3272 3794 frustra,
3321 3730 3458 3784 nihil

1885 3825 1967 3871 est
1999 3816 2263 3870 inutiliter
2297 3815 2349 3869 in
2384 3815 2558 3871 lucem
2590 3818 2940 3871 editum.Aut
2966 3817 3112 3872 enim
3136 3820 3297 3875 alicui
3326 3819 3458 3875 bru-

1887 3918 2061 3962 torum
2108 3910 2423 3963 animalium
2486 3910 2904 3964 subministrant
2949 3910 3268 3966 alimentum
3300 3954 3317 3977 ,
3366 3926 3463 3969 ant-

1886 4000 2047 4051 etiam
2071 4002 2225 4053 nobis
2252 4003 2381 4067 ipsis
2400 4017 2428 4053 a
2458 4003 2664 4055 medica
2691 4014 2811 4058 artc
2838 4002 2903 4055 ad
2930 4003 3268 4060 deliniendas
3292 4021 3455 4076 quas-

1890 4092 2009 4145 dant
2033 4095 2411 4162 aegrotationes
2439 4096 2659 4147 inventa
2684 4106 2828 4151 sunt.
2857 4094 2992 4149 Nam
3018 4097 3195 4151 cicuta
3222 4112 3456 4153 vescun—

1890 4194 1978 4239 tur
2007 4186 2201 4248 sturni,
2243 4196 2292 4238 et
2346 4196 2523 4239 tamen
2572 4185 2763 4240 veneni
2807 4185 3031 4240 exitium
3068 4187 3347 4244 declinant
3386 4191 3459 4243 ob

1890 4280 2133 4346 corporis
2159 4278 2598 4332 constitutionem
2631 4295 2645 4331 :
2672 4294 2794 4332 cum
2822 4281 2966 4333 enim
2992 4280 3043 4333 in
3074 4294 3262 4335 eorum
3293 4286 3457 4336 corde

1889 4371 2061 4425 insint
2086 4382 2273 4426 tenues
2296 4381 2528 4435 meatus,
2550 4372 2864 4425 devoratam
2888 4371 3119 4425 cicutam
3150 4375 3300 4439 prius
3325 4388 3462 4425 con-

1889 4477 2108 4524 coxere,
2141 4477 2301 4529 quam
2329 4462 2498 4530 ipsius
2528 4461 2699 4531 frigus
2725 4461 3047 4531 principales
3077 4473 3262 4532 partes
3293 4465 3462 4518 attin-

202 4551 347 4605 σθαι.
401 4550 716 4617 Ἐλλέϐορος
749 4548 803 4601 δὲ
844 4550 1089 4619 ὀρτύγων
1143 4551 1257 4603 ἐστὶ
1310 4550 1504 4621 τροφὴ.
1561 4552 1780 4622 ἰδιότητι

1885 4563 1995 4623 gat.
2029 4552 2345 4608 Helleborns
2374 4567 2505 4607 vero
2553 4556 2915 4619 coturnicum,
2958 4570 3079 4622 qua:
3126 4570 3223 4623 per
3254 4564 3459 4626 tempe-

199 4645 456 4715 κράσεως
513 4643 610 4714 τὴν
664 4641 865 4713 βλάϐην
920 4644 1352 4711 ἀποφευγόντων.
1414 4644 1565 4694 Ἔστι
1608 4644 1662 4695 δὲ
1695 4647 1786 4698 καὶ

196 4735 342 4789 αὐτά
388 4732 561 4786 ταῦτα
609 4738 665 4787 ὲν
712 4730 888 4806 καιρῷ
932 4750 1060 4785 ποτε
1098 4736 1192 4786 καὶ
1230 4738 1361 4805 ἡμῖν
1392 4737 1654 4805 χρήσιμα.
1687 4737 1784 4789 Διά

204 4834 305 4897 μὲν
351 4826 469 4898 γάρ
503 4825 597 4878 τοῦ
632 4827 1004 4899 μανδραγόρου
1038 4824 1204 4879 ὕπνον
1243 4830 1416 4898 ἰατροὶ
1453 4832 1789 4897 κατεπάγου-

206 4937 322 4973 σιν·
376 4917 522 4985 ὀπίῳ
570 4917 628 4970 δὲ
670 4919 766 4981 τὰς
828 4920 1060 4991 σφοδρὰς
1111 4916 1299 4978 ὀδύνας
1365 4920 1471 4971 τῶν
1520 4920 1785 4987 σωμάτων

206 5010 708 5083 κατακοιμίζουσιν.
759 5013 899 5083 Ἤδη
946 5011 1003 5065 δέ
1040 5027 1181 5073 τινες
1223 5009 1299 5079 τῷ
1346 5013 1555 5081 κωνείῳ
1604 5012 1695 5063 καὶ
1726 5013 1785 5064 τὸ

204 5102 480 5167 λυσσῶδες
536 5102 643 5156 τῶν
694 5102 924 5171 ὀρέξεων
971 5103 1382 5175 κατεμάραναψ
1434 5104 1524 5156 καὶ
1577 5102 1653 5172 τῷ
1701 5104 1786 5155 ἑλ-

206 5194 414 5268 λεϐόρῳ
464 5196 632 5249 πολλά
696 5194 803 5248 τῶν
850 5195 1078 5264 χρονίων
1131 5194 1316 5248 παθῶν
1367 5193 1779 5265 ἐξεμόχλευσαν.

208 5288 369 5341 Ὥστε
416 5290 448 5343 ὃ
490 5288 736 5358 ἐνόμιζες
775 5288 918 5359 ἔχειν
958 5288 1098 5341 κατά
1138 5288 1227 5341 τοῦ
1274 5286 1553 5351 κτίσαντος
1592 5288 1786 5360 ἔγκλη-

275 5401 574 5477 _Colh.
604 5406 877 5477 secundus
908 5408 1020 5468 τοῖς
1054 5405 1446 5477 σπερμολὸγοις
1492 5406 1599 5457 τῶν
1629 5406 1771 5477 ὀρνί-

208 5472 495 5547 θῳνηΜῳι
524 5476 675 5527 Colb.
716 5482 978 5547 secundus
1010 5492 1131 5529 cum
1162 5472 1311 5541 'Iteg.
1352 5487 1540 5528 octavo
1571 5472 1774 5547 ἄπορος

212 5545 307 5614 μὲν
335 5546 369 5615 ἡ
402 5542 643 5615 αἵρεσις,
690 5544 914 5615 difﬁcilis
944 5557 1018 5600 est
1072 5548 1211 5610 optio
1251 5547 1539 5597 meliorum.
1592 5542 1775 5601 Lectio

207 5592 913 5685 oriiiniai'iiuiii'ei'ijb'islf
937 5592 1276 5685 ιῖἷὲηίιῖὲξεῖ
1300 5592 1775 5683 itegai’ii'raﬁig'a

211 5680 403 5759 t_értius
444 5686 661 5759 Δἄπορος
702 5680 799 5756 μέν
915 5680 1163 5759 εὖρεσὶςξ
1191 5757 1198 5759 _
1227 5689 1309 5740 cui
1348 5680 1564 5759 lectioni
1634 5686 1777 5741 favet

212 5750 547 5836 Eustathius,
572 5750 923 5836 ιίιξιιίχετιῖιε
949 5750 1278 5836 ,Ιζδιήφιίιζειζι
1319 5758 1541 5836 Αἱρῐείίὶε
1568 5772 1778 5836 assecu-

212 5826 284 5877 tt'o
307 5828 606 5881 meliorum.
634 5823 831 5881 Ibidem
860 5829 1028 5882 codex
1047 5823 1286 5882 Commi.
1308 5823 1399 5879 τοῦ
1422 5826 1772 5899 τιμιωτάτου.

1892 4645 2121 4699 rationis
2152 4649 2536 4716 proprietatem
2579 4662 2773 4700 noxam
2809 4647 3092 4715 elfugiunt,
3135 4647 3458 4703 alimentum

1888 4747 1991 4791 est.
2028 4736 2336 4803 Quinetiam
2371 4746 2496 4792 sunt
2537 4739 2651 4791 haec
2688 4739 2800 4805 ipsa
2846 4752 2943 4803 pro
2972 4729 3460 4808 temporis'oppor-

1894 4830 2126 4884 tunitate
2159 4844 2544 4895 nonnunquam
2577 4828 2737 4881 nobis
2770 4829 3154 4883 conducibilia.
3189 4828 3325 4883 Nam
3362 4846 3460 4901 per

1891 4926 2305 4991 mandragoram
2363 4924 2625 4976 inducunt
2670 4937 2920 4977 somnum
2971 4923 3217 4980 medici:
3271 4940 3462 4978 conso-

1893 5014 2047 5080 piunt
2080 5014 2263 5066 itidem
2326 5013 2672 5066 vehementes
2716 5027 3003 5082 corporum
3052 5012 3264 5067 dolores
3310 5016 3457 5083 opio.

1890 5102 2010 5158 Jatn
2047 5118 2174 5155 vero
2216 5102 2460 5155 nonnulli
2500 5102 2677 5156 cicuta
2710 5102 3334 5157 obtnderuntrabiosam
3367 5121 3463 5169 ap.

1892 5197 2208 5266 petentiam,
2242 5208 2406 5266 atque
2449 5197 2777 5249 inveteratas
2812 5196 3161 5265 aegritudines
3192 5210 3294 5250 nec
3325 5212 3461 5266 pan.

1893 5304 1987 5344 cas
2016 5289 2296 5343 helleboro
2320 5289 2713 5355 exstirparunt.
2749 5287 2950 5354 Quare,
2983 5304 3142 5356 quam
3184 5298 3236 5343 te
3269 5290 3463 5344 existi-

1952 5408 2062 5477 (54)
2099 5406 2189 5461 Sic
2248 5406 2397 5476 Regii
2429 5408 2631 5472 primus
2662 5417 2715 5463 ct
2764 5416 2987 5460 octavus
3018 5422 3140 5460 cum
3175 5406 3341 5462 Coisl.
3374 5422 3465 5477 se-

1883 5476 2135 5532 cundo-et
2170 5492 2293 5530 cum
2320 5479 2474 5532 Colb.
2506 5479 2687 5531 itidem
2718 5482 2974 5531 secundo.
3026 5478 3164 5531 Editi
3196 5492 3318 5531 cum
3362 5476 3459 5532 ali-

1882 5560 2012 5617 quot
2040 5564 2171 5603 mss.
2200 5549 2233 5614 ἢ
2280 5549 2533 5616 ἄναιμον,
2566 5549 2771 5601 inutile.

1953 5620 2065 5686 (35)
2099 5618 2171 5670 Ita
2204 5634 2301 5671 sex
2340 5634 2495 5685 mss.,
2526 5622 2683 5674 bene.
2728 5617 2837 5672 Vox
2876 5618 3329 5689 ἀρρωστημάτων
3362 5618 3459 5674 de-

1885 5689 2158 5743 sideratur
2185 5690 2237 5741 in
2258 5689 2438 5745 editis.

1953 5758 2066 5827 (36)
2091 5758 2317 5813 Codices
2346 5775 2442 5814 sex
2467 5761 2593 5825 τοὺς
2610 5759 2719 5813 ἐπί.
2760 5758 2898 5813 Editi
2926 5760 3048 5822 τοὺς
3093 5758 3223 5815 ἀπό.
