4092 6318
628 371 732 426 163

1968 369 2022 423 S.
2069 365 2307 421 BASlLll
2353 367 2561 423 MAGNI
3784 372 3866 426 101

626 488 819 542 malias
845 484 1048 540 habere
1078 492 1265 538 contra
1301 481 1618 536 Creatorem
1663 479 2086 540 accusationem.
2140 493 2200 532 ea

2315 495 2405 545 μα,
2444 479 2600 533 τοῦτό
2654 496 2736 532 σοι
2777 480 2856 542 είς
2898 478 3217 552 προσθήκην
3250 480 3606 552 εὐχαριστίας
3634 480 3875 551 περιελή-

629 578 725 631 tilti
771 579 822 631 in
861 579 1154 646 gratiarum
1185 575 1416 629 actionis
1446 574 1868 627 additamentum
1900 573 2085 627 cessit.

700 668 753 723 5.
796 666 1062 720 Germinet
1122 675 1261 720 terra
1326 664 1547 718 herbam
1587 664 1715 732 feni.
1758 662 1896 729 Quot
1945 662 2198 715 alimenta

627 766 822 827 sponte
857 767 1065 811 natura:
1100 755 1432 824 emergentia
1478 754 1559 806 Itis
1586 753 1768 807 verbis
1800 752 2196 822 complectitur,

629 859 743 901 tum
779 850 832 902 in
876 846 1173 913 radicibus,
1222 855 1333 899 tum
1382 846 1432 898 in
1473 845 1586 913 ipsa
1624 844 1817 909 herba,
1856 853 1965 897 tum
1996 843 2047 896 in
2083 844 2199 895 fru-

627 942 842 995 ctibusl
881 950 1012 1009 quot
1043 955 1171 994 vero
1208 949 1357 1002 sunt,
1389 954 1507 1006 quae
1540 954 1603 993 ex
1648 936 1923 1007 diligentia
1963 946 2017 989 et
2061 938 2202 1005 agri-

630 1031 841 1084 cultura
891 1031 1047 1086 nobis
1096 1030 1403 1083 accedunt!
1453 1028 1567 1083 Noo
1615 1028 1795 1081 statim
1831 1025 1992 1093 jussit
2020 1039 2201 1079 semen

631 1135 684 1177 et
710 1122 940 1175 fructum
993 1119 1263 1191 proferri,
1304 1120 1395 1172 sed
1457 1120 1760 1189 germinare
1812 1129 1868 1173 et
1932 1118 2204 1171 virescere

638 1224 858 1279 terram,
900 1222 1119 1277 tumque
1154 1212 1216 1262 ad
1252 1227 1432 1263 semen
1466 1212 1786 1279 pervenire;
1818 1220 1877 1263 ut
1915 1211 2088 1279 prima
2118 1209 2203 1262 illa

632 1302 922 1372 praeceptio
965 1303 1029 1354 ad
1070 1300 1302 1353 futuram
1353 1301 1754 1354 successionem
1800 1310 1943 1353 esset
1988 1308 2196 1352 naturze

632 1394 941 1448 documenti
992 1394 1125 1445 loco.
1174 1392 1455 1457 Quomodo
1513 1392 1694 1459 igitur,
1736 1391 2011 1461 inquiunt,
2046 1390 2205 1443 tellus

631 1488 930 1540 secundum
977 1500 1144 1555 genus
1200 1486 1310 1537 edit
1362 1484 1593 1544 semina,
1649 1498 1811 1547 cum,
1853 1484 2205 1538 disseminato

632 1594 777 1647 saepe
830 1580 1030 1639 tritico,
1088 1578 1297 1646 nigrum
1343 1576 1443 1628 ltoc
1487 1575 1813 1628 frumentum
1858 1573 2207 1645 colligamus?

638 1669 838 1723 Verum
894 1670 996 1722 ltoc
1040 1668 1214 1737 ipsum
1254 1682 1590 1737 nequaquam
1631 1677 1714 1721 est
1752 1666 1818 1720 ad
1860 1668 2004 1720 aliud
2042 1680 2209 1736 genus

637 1760 1154 1825 transmutatio,st
1174 1760 1315 1814 velut
1333 1760 1549 1813 morbus
1572 1760 1811 1828 quidam,
1832 1757 1941 1831 α
1961 1774 2021 1812 at.
2042 1759 2206 1813 semi-

640 1854 727 1907 nis
774 1854 1056 1922 :egritudo.
1115 1851 1229 1905 Non
1279 1852 1421 1904 enim
1477 1851 1806 1905 frumentum
1856 1866 1974 1905 esse
2025 1849 2205 1912 desiit,

638 1945 755 2009 sed,
788 1953 845 1997 ttt
872 1956 925 1998 et
951 1958 1015 1999 ex
1051 1944 1164 2013 ipsa
1196 1942 1556 2012 appellatione
1587 1942 1802 1997 discere
1824 1952 1927 2005 est,
1954 1957 2052 2009 per
2079 1942 2209 1995 adu-

638 2039 869 2093 stionem
891 2038 1101 2103 nigrum
1127 2037 1316 2089 evasit.
1345 2035 1479 2087 Nam
1513 2034 1681 2087 nimio
1705 2033 1908 2104 frigore
1934 2035 2207 2098 adustum,

640 2133 693 2185 in
738 2131 904 2183 alium
938 2128 1172 2182 colorem
1224 2141 1291 2181 ac
1334 2141 1582 2197 saporem
1624 2126 1991 2197 degeneravit.
2034 2126 2212 2195 Atque

639 2225 806 2279 etiam
844 2223 885 2277 si
915 2222 1071 2275 modo
1107 2215 1352 2275 idoneam
1390 2231 1609 2286 terram,
1651 2235 1713 2275 ac
1759 2219 1898 2275 bene
1946 2229 2210 2288 tempera-

644 2326 755 2369 tum
812 2328 991 2367 aerem
1042 2322 1256 2366 nactum
1305 2312 1396 2378 sit,
1433 2327 1619 2365 rursus
1664 2312 1731 2364 ad
1779 2310 2061 2379 pristinam
2103 2310 2210 2366 for-

642 2420 783 2460 mam
820 2404 997 2457 redire
1038 2403 1235 2454 ferunt.
1265 2398 1444 2465 Quare
1477 2398 1608 2451 nihil
1642 2406 1841 2468 praeter
1884 2410 2207 2467 praeceptum

642 2498 768 2549 illud
812 2496 864 2547 in
905 2496 1065 2547 rebus
1116 2492 1463 2547 nascentibus
1513 2491 1626 2543 fieri
1664 2491 1988 2560 comperias.
2039 2489 2205 2541 Porro

643 2587 826 2641 lolium
869 2586 1010 2654 quod
1052 2584 1271 2648 dicitur,
1296 2592 1350 2637 et
1397 2582 1601 2652 reliqua
1648 2582 1947 2636 adulterina
1979 2581 2211 2643 semina,

642 2694 761 2749 quae
796 2694 913 2731 cum
940 2676 1235 2730 esculentis
1263 2675 1708 2733 eommisceutur.
1737 2690 1964 2745 qumque
1998 2682 2211 2729 nttncuo

644 2786 774 2838 pare
806 2771 1010 2823 zizania
1044 2769 1326 2822 consuevit
1361 2765 1664 2834 Scriptura,
1706 2782 1810 2820 non
1846 2780 1911 2820 ex
1950 2764 2207 2819 frumenti

641 2863 1066 2919 commutatione
1120 2861 1471 2929 proveniunt,
1519 2860 1612 2915 sed
1651 2874 1715 2912 ex
1777 2862 1994 2929 proprio
2035 2858 2213 2913 subsi-

644 2962 792 3008 stttnt
824 2952 1110 3023 principio,
1142 2952 1533 3021 propriumque
1580 2965 1748 3015 genus
1788 2952 2047 3006 obtinent.
2083 2953 2213 3017 Quae

644 3045 885 3115 profecto
910 3044 1195 3111 imaginem
1223 3044 1537 3110 exprimunt
1564 3056 1772 3107 eorum,
1804 3042 1893 3109 qui
1920 3042 2211 3096 documen-

2302 569 2481 622 λυθεν.

2371 663 2423 715 5.
2466 664 2876 731 Βλαστησάτω
2921 672 2959 731 η
3006 663 3079 736 γῆ
3116 662 3390 731 βοτάνην
3420 664 3663 734 χόρτου.
3708 664 3877 736 Πόσην

2303 754 2604 824 αὐτόματον
2634 756 2777 823 λέγει
2810 756 3015 827 τροφὴν
3048 758 3104 809 ἐν
3126 754 3355 818 τούτοις,
3380 756 3479 823 τήν
3505 772 3567 807 τε
3598 755 3656 807 ἐν
3688 753 3876 826 ῥίζαις,

2304 848 2396 900 κα).
2423 846 2519 917 τὴν
2545 849 2601 900 ἐν
2636 849 2769 917 αὐτῇ
2800 852 2865 919 τῇ
2901 848 3115 919 βοτάνῃ,
3146 848 3239 900 καὶ
3265 847 3365 918 τὴν
3396 848 3453 899 ἐν
3480 850 3716 917 καρποῖς
3744 845 3838 916 ήδη
3865 847 3876 900 l

2304 938 2477 1007 πόσην
2501 937 2555 990 δὲ
2579 938 2675 1008 τὴν
2698 938 2756 1002 ἐξ
2781 939 3096 1008 ἐπιμελείας
3132 938 3227 992 καὶ
3256 936 3531 1008 γεωργίας
3564 938 3699 1006 ἡμῖν
3724 954 3880 1007 προς-

2303 1030 2629 1101 γινομένηνί
2672 1031 2785 1083 Οὐκ
2817 1030 2973 1093 εὐθὺς
3003 1031 3252 1083 ἐκέλευσε
3284 1030 3505 1099 σπέρμα
3547 1029 3645 1080 καὶ
3677 1029 3881 1099 καρπὸν

2306 1123 2653 1193 ἀναδοθῆναι,
2696 1122 2833 1176 ἀλλὰ
2868 1121 3159 1193 βλαστῆσαι
3212 1124 3305 1176 καὶ
3346 1122 3571 1193 χλοάσαι
3619 1121 3721 1190 τὴν
3767 1122 3881 1191 γῆν,

2306 1217 2400 1269 καὶ
2431 1217 2549 1269 τότε
2597 1218 2675 1279 είς
2715 1216 2936 1288 σπέρμα
2978 1215 3322 1285 τελειωθῆναι
3356 1216 3505 1285 (57),
3546 1214 3636 1267 ῖνα
3675 1213 3883 1282 πρῶτον

2307 1310 2481 1361 ἐκεῖνο
2536 1308 2863 1381 πρόσταγμα
2924 1307 3257 1360 διδασκάλων
3311 1309 3378 1378 τῇ
3435 1305 3599 1375 φύσει
3662 1304 3883 1375 γένηται

2308 1402 2446 1471 πρὸς
2474 1400 2573 1472 τὴν
2600 1401 2729 1469 ἐξῆς
2762 1398 3099 1454 ἀκολουθίαν.
3136 1397 3259 1461 Πῶς
3291 1395 3383 1451 οὖν
3414 1397 3552 1450 κατὰ
3584 1396 3763 1464 γένος,
3793 1411 3886 1463 φα-

2310 1494 2547 1563 σὶνῶὸ),
2594 1495 2627 1564 ή
2661 1494 2732 1563 γῆ
2764 1492 3026 1565 προφέρει
3069 1490 3137 1543 τὰ
3170 1492 3477 1560 σπέρματα,
3520 1490 3710 1551 ὁπότε,
3752 1490 3885 1540 σῖτον

2308 1584 2565 1647 πολλάκις
2618 1584 3029 1647 καταϐαλόντες,
3088 1582 3179 1634 τὸν
3234 1580 3432 1651 μέλανα
3486 1580 3677 1633 τοῦτον
3725 1577 3888 1649 πυρὸν

2312 1676 2751 1745 συγκομίζομεν;
2801 1676 2961 1727 Ἀλλὰ
2988 1674 3146 1728 τοῦτο
3181 1674 3302 1743 οὐχὶ
3338 1672 3473 1743 πρὸς
3517 1673 3707 1743 ἕτερον
3743 1671 3889 1739 γένος

2312 1768 2429 1819 ἐστὶ
2480 1766 2771 1837 μεταϐολὴ,
2823 1767 2936 1819 ἀλλ’
2984 1768 3147 1819 οἱονεὶ
3180 1767 3332 1828 νόσος
3360 1781 3439 1826 τις
3486 1766 3579 1816 καὶ
3611 1763 3889 1835 ἀρρωστία

2310 1859 2404 1912 τοῦ
2447 1859 2783 1931 σπέρματος.
2821 1860 2897 1911 Οὐ
2926 1858 3034 1927 γὰρ
3058 1857 3289 1909 ἀπέθετο
3321 1856 3381 1907 τὸ
3406 1850 3543 1908 εἶναι
3580 1856 3688 1923 (59)
3732 1859 3886 1917 σῖτος,

2310 1950 2426 2004 ἀλλ’
2452 1949 2721 2021 ἐμελάνθη
2755 1949 2843 2002 διὰ
2870 1952 2967 2021 τῆς
2988 1948 3255 2011 καύσεως,
3275 1947 3350 2010 ὡς
3378 1947 3471 1999 καὶ
3495 1946 3553 2009 ἐξ
3587 1946 3762 2015 αὐτῆς
3785 1946 3890 1998 ἐστι

2309 2043 2410 2111 τῆς
2470 2042 2840 2115 προσηγορίας
2893 2041 3103 2113 μαθεῖν.
3168 2042 3247 2112 Τῇ
3308 2038 3576 2111 ὑπερϐολῇ
3632 2038 3744 2108 γὰρ
3804 2038 3888 2091 τοῦ

2312 2131 2509 2202 κρύους
2543 2134 2835 2204 ὑπερκαεὶς
2865 2133 2997 2203 (40),
3034 2132 3168 2204 πρὸς
3214 2132 3407 2202 ἑτέραν
3466 2130 3560 2183 καὶ
3594 2128 3763 2199 χρόαν
3808 2128 3892 2181 καὶ

2310 2222 2497 2291 γεῦσιν
2528 2224 2813 2295 μετέπεσε.
2838 2224 2947 2277 Καὶ
2974 2224 3154 2294 μέντοι
3178 2224 3273 2276 κα)⁵
3298 2222 3458 2277 πάλιν
3480 2222 3725 2289 λέγεται,
3755 2222 3893 2272 ἐπει-

2308 2316 2406 2369 δὰν
2463 2316 2565 2386 γῆς
2600 2316 2909 2388 ἐπιτηδείας
2961 2317 3054 2370 καὶ
3096 2316 3273 2389 ἀέρων
3310 2315 3589 2388 εὑκράτων
3643 2313 3891 2382 λάϐηται,

2312 2408 2447 2478 πρὸς
2479 2408 2539 2460 τὸ
2569 2409 2792 2479 ἀρχαῖον
2812 2403 2949 2470 εἶδος
2970 2408 3269 2461 ἐπανιέναι.
3296 2408 3455 2460 Ὥστε
3479 2406 3635 2459 οὐδὲν
3666 2404 3819 2477 παρὰ
3840 2403 3895 2457 τὸ

2313 2501 2641 2570 πρόσταγμα
2682 2502 2861 2571 εὕροις
2894 2501 2959 2555 ἂν
2993 2504 3050 2555 ἐν
3078 2504 3191 2564 τοῖς
3230 2500 3518 2571 φυομένοις
3548 2498 3896 2570 ἐπιτελούμε-

2312 2607 2423 2644 νον.
2462 2591 2527 2643 Ἦ
2554 2591 2608 2642 δὲ
2640 2592 2909 2661 λεγομένη
2935 2587 3089 2661 αἷρα,
3128 2593 3224 2645 καὶ
3250 2594 3350 2645 ὅσα
3376 2592 3538 2643 λοιπὰ
3566 2591 3700 2643 νόθα
3731 2592 3896 2661 mp-

2316 2697 2465 2751 ματα
2492 2682 2601 2743 τοῖς
2630 2680 2913 2751 τροφίμοις
2962 2682 3457 2751 ἐγκαταμέμικται,
3502 2678 3648 2747 άπερ
3689 2677 3897 2741 ζιζάνια

2314 2770 2740 2843 προσαγορεύειν
2771 2771 2997 2842 σύνηθες
3017 2774 3083 2842 τῇ
3115 2772 3324 2843 Γραφῇ,
3342 2770 3442 2822 οὐκ
3462 2770 3526 2821 ὲκ
3548 2771 3650 2839 τῆς
3674 2766 3768 2819 τοῦ
3795 2767 3895 2837 (ιι)

2314 2865 2460 2918 σίτου
2493 2862 2795 2935 μεταϐολῆς
2829 2863 3057 2933 γίνεται,
3098 2862 3211 2916 ἀλλ’
3242 2860 3301 2927 ἐξ
3325 2860 3529 2922 οίκείας
3558 2860 3739 2929 ἀρχῆς
3773 2858 3899 2911 ὑπέ-

2315 2971 2435 3024 στη,
2473 2955 2599 3007 ῐδιον
2632 2954 2823 3024 ἔχοντα
2854 2954 3029 3024 γένος.
3071 2954 3255 3024 ’Δπερ
3306 2953 3405 3022 τὴν
3460 2950 3647 3003 εἰκόνα
3708 2948 3900 3018 πληροῖ

2313 3048 2422 3101 τῶν
2468 3048 3005 3119 παραχαρασσόντων
3062 3046 3132 3101 τὰ
3176 3046 3272 3100 τοῦ
3321 3044 3524 3116 Κυρίου
3570 3042 3897 3112 διδάγματα,

648 3146 699 3188 ta
756 3136 964 3187 Domini
1013 3134 1413 3196 adulterantes,
1469 3146 1571 3185 nec
1620 3132 1857 3200 legitime
1908 3146 2209 3185 sermonem

2321 3142 2414 3194 καὶ
2451 3141 2525 3211 μὴ
2559 3140 2797 3212 γνησίως
2843 3139 3295 3211 μαθητευομένων
3337 3137 3415 3208 τῷ
3460 3138 3624 3207 λόγῳ,
3675 3136 3791 3189 ἀλλ’
3840 3136 3899 3187 ἐκ

646 3226 848 3289 edocti,
875 3226 967 3278 sed
1003 3240 1030 3277 a
1069 3224 1287 3294 maligni
1313 3224 1556 3278 doctrina
1591 3223 1853 3291 corrupti,
1887 3234 2063 3278 tamen
2095 3238 2216 3276 cum

642 3333 783 3373 sano
812 3315 1069 3371 Ecclesia:
1098 3330 1326 3384 corpore
1355 3315 1561 3382 seipsos
1589 3316 1947 3384 permiscent,
1987 3324 2043 3367 ut
2070 3316 2219 3367 clan-

646 3412 825 3468 Culutn
862 3425 1078 3464 ert-ores
1126 3425 1254 3463 suos
1287 3410 1337 3462 in
1389 3408 1755 3477 simpliciores
1811 3406 2213 3461 transfundam.

643 3501 764 3560 Jam
803 3516 931 3554 vero
964 3502 1219 3553 Dominus
1260 3499 1647 3567 perfectionem
1692 3503 1855 3553 etiam
1893 3516 2082 3555 eorum
2124 3502 2216 3571 qui

646 3596 703 3652 in
736 3596 907 3665 ipsum
937 3593 1310 3654 crediderunt,
1336 3593 1601 3645 seminum
1632 3595 1965 3647 incremento
1995 3608 2217 3663 compa—

644 3697 753 3753 rat,
784 3688 967 3741 dicens
1003 3704 1016 3740 :
1045 3684 1497 3751 Quemadmodum
1542 3684 1585 3735 si
1641 3685 1789 3749 homo
1830 3687 2105 3755 profecerit
2136 3704 2218 3740 se-

645 3797 762 3834 men
800 3780 853 3831 in
881 3788 1096 3841 (errant,
1133 3785 1181 3831 et
1214 3776 1464 3837 dormiat,
1496 3784 1543 3826 et
1571 3784 1817 3843 exsurgat
1850 3786 1995 3828 nocte
2030 3789 2078 3829 et
2109 3779 2215 3841 die,

646 3885 697 3927 et
721 3888 893 3923 semen
923 3878 1125 3937 surgat,
1155 3879 1203 3921 et
1248 3872 1525 3929 increscat,
1560 3871 1685 3920 dum
1719 3866 1875 3919 nescit
1904 3869 2034 3935 ipse.
2066 3865 2218 3921 Ultro

648 3964 784 4017 enim
830 3974 969 4015 terra
1007 3962 1293 4030 fructi/ient
1336 3962 1563 4030 primum
1603 3962 1837 4023 herbam,
1875 3960 2064 4014 deinde
2108 3962 2217 4029 spi-

648 4074 785 4120 cam,
820 4057 1005 4111 deinde
1026 4056 1231 4124 plenum
1253 4054 1571 4123 frumentum
1600 4054 1652 4105 in
1681 4055 1827 4119 spica
1846 4052 1909 4106 “.
1944 4051 2215 4109 Germinet

650 4162 790 4203 terra
826 4150 1056 4202 herbam.
1098 4147 1156 4200 ιιι
1202 4147 1427 4199 minimo
1454 4149 1617 4199 etiam
1651 4145 1911 4213 temporis
1939 4156 2218 4199 momento

650 4260 677 4295 ιι
714 4241 1109 4310 germinatione
1158 4252 1352 4293 exorsa
1407 4246 1569 4304 terra,
1624 4248 1681 4291 ut
1707 4236 2021 4292 Conditoris
2077 4237 2221 4308 leges

645 4342 912 4397 servaret,
948 4348 1042 4402 per
1083 4347 1297 4386 omnem
1342 4330 1665 4385 accretionis
1710 4329 1948 4400 speciem
1998 4344 2220 4398 progre-

649 4428 820 4488 dieus,
860 4425 1140 4479 confestim
1177 4426 1419 4494 germina
1459 4423 1678 4475 deduxit
1707 4426 1771 4475 ad
1796 4420 2213 4491 perfectionem.

2322 3235 2418 3301 τῆς
2445 3232 2538 3284 τοῦ
2560 3232 2794 3303 πονηροῦ
2821 3232 3170 3295 διδασκαλίας
3198 3230 3629 3301 διεφθαρμένων,
3666 3246 3901 3297 καταμι-

2320 3323 2561 3391 γνύντων
2605 3322 2663 3375 δὲ
2700 3324 2925 3386 ἑαυτοὺς
2959 3324 3069 3393 (42)
3110 3324 3189 3394 τῷ
3230 3324 3523 3391 ὑγιαίνοντι
3559 3321 3777 3392 σώματι
3806 3322 3898 3390 τῆς

2333 3413 2678 3486 Ἐκκλησίας,
2740 3414 2807 3466 ἶν’
2860 3414 2925 3465 ἐκ
2972 3413 3065 3466 τοῦ
3108 3412 3347 3483 ἀφανοῦς
3385 3413 3484 3475 τὰς
3532 3415 3662 3482 παρ’
3695 3411 3901 3465 ἑαυτῶν

2320 3505 2523 3578 βλάϐας
2554 3508 2666 3569 τοῖς
2686 3503 3089 3575 άκεραιοτέροις
3119 3503 3448 3575 ἐμϐάλωσιν.
3483 3503 3624 3573 Ἤδη
3657 3503 3713 3555 δέ
3744 3506 3774 3557 ό
3800 3503 3903 3557 Κύ-

2321 3616 2435 3670 ριος
2462 3600 2555 3652 κα)⁵
2584 3598 2683 3670 τήν
2715 3597 2990 3652 τελείωσιν
3016 3595 3127 3649 τῶν
3155 3596 3236 3658 εἰς
3265 3595 3425 3648 αὐτὸν
3460 3595 3901 3651 πεπιστευκότων

2318 3696 2384 3762 τῇ
2418 3691 2524 3743 τῶν
2561 3691 2889 3763 σπερμάτων
2919 3691 3142 3762 αὐξήσει
3184 3688 3528 3760 παρεικάζει,
3558 3688 3733 3758 λέγων
3756 3704 3773 3721 ⁸
3812 3690 3901 3754 Ὠς

2322 3782 2466 3835 ὅταν
2518 3782 2826 3850 ἄνθρωπος
2871 3781 3038 3850 βάλῃ
3081 3781 3189 3835 τὸν
3224 3784 3459 3849 σπόρον
3497 3781 3597 3833 ἐπὶ
3626 3780 3740 3848 τῆς
3770 3780 3900 3851 τῆς.

2320 3876 2418 3929 καὶ
2465 3874 2747 3943 καθεύδῃ,
2793 3873 2891 3927 καί
2943 3874 3238 3942 ἐγείρηται
3277 3874 3467 3927 νύκτα
3516 3874 3612 3925 καὶ
3649 3872 3900 3939 ἡμέραν.

2320 3969 2419 4023 καὶ
2457 3971 2491 4022 ὁ
2520 3967 2747 4034 σπόρος
2778 3966 3093 4035 ἐγείρηται,
3144 3964 3241 4015 καὶ
3276 3964 3635 4031 μηκύνηται,
3681 3964 3764 4029 ὡς
3795 3966 3903 4018 οὐκ

2320 4057 2485 4114 οἶδεν
2534 4059 2735 4122 αὑτός.
2788 4055 3102 4123 Δὺτομάτη
3148 4054 3258 4123 γὰρ
3312 4056 3351 4122 ἠ
3406 4054 3485 4125 τῆ
3536 4056 3909 4127 καρποφορεῖ

2321 4150 2554 4219 πρῶτον
2578 4150 2813 4218 χόρτον,
2847 4142 2975 4200 εἶτα
3011 4144 3268 4216 στάχυν,
3310 4142 3439 4201 εἶτα
3478 4150 3685 4220 πλήρη
3731 4150 3905 4203 σῖτον

2319 4242 2389 4296 ἐν
2424 4238 2502 4306 τῷ
2526 4238 2764 4307 στάχυϊ.
2792 4238 3200 4307 Βλαστησάτω
3224 4241 3261 4308 ἠ
3291 4239 3366 4309 γῆ
3382 4237 3679 4306 βοτάνην.
3714 4240 3825 4293 Καὶ
3847 4241 3905 4293 ἐν

2321 4332 2581 4404 άκαριαίᾳ
2610 4332 2799 4403 χρόνου
2827 4333 2964 4402 ῥοπῇ
2999 4331 3107 4384 ἀπὸ
3120 4332 3221 4401 τῆς
3253 4331 3597 4402 βλαστήσεως
3618 4330 3899 4402 ἀρξαμένη

2324 4428 2356 4497 ή
2383 4427 2475 4496 γῆ,
2509 4426 2593 4478 ἵνα
2633 4423 2844 4494 φυλάξῃ
2871 4424 2997 4485 τοὺς
3026 4422 3220 4490 νόμους
3262 4421 3355 4474 τοῦ
3391 4422 3696 4486 κτίσαντος,
3723 4424 3901 4478 πᾶσαν

648 4517 823 4579 Atque
856 4526 1005 4584 prata
1034 4517 1243 4584 quidem
1275 4517 1381 4570 feni
1414 4515 1569 4583 c0pia
1618 4525 1776 4571 erant
1823 4516 2109 4585 depressa;
2145 4532 2206 4570 ac

2315 4522 2457 4575 ἰδέαν
2503 4516 2783 4588 αὐξήσεως
2824 4512 3189 4576 διεξελθοῦσα,
3230 4512 3389 4577 εὐθὺς
3435 4511 3569 4582 πρὸς
3606 4513 3671 4566 τὸ
3698 4516 3899 4569 τέλειον

720 4612 764 4641 ⁸⁸
791 4610 870 4663 Ma
882 4626 957 4663 re.
982 4625 1057 4673 tv,
1088 4608 1274 4662 26-28.

719 4706 830 4776 (57)
863 4704 992 4775 Reg.
1022 4706 1223 4773 primus
1248 4714 1300 4776 ct
1344 4703 1494 4776 golb.
1526 4702 1793 4757 secundus
1821 4703 1952 4775 ἡμῖν
1993 4709 2215 4763 τελειω-

647 4772 827 4845 θῆναι.
884 4772 1077 4828 Ibidem
1130 4774 1296 4827 editio
1342 4772 1502 4845 Bas-il.
1563 4788 1685 4845 cuin
1738 4772 1921 4845 multis
1964 4781 2207 4834 mss,ng

650 4842 728 4899 τό.
765 4847 927 4899 Abest
953 4845 1206 4898 articulus
1258 4846 1324 4897 ab
1357 4842 1593 4914 editione
1630 4842 1800 4914 Paris.
1859 4845 1967 4899 Hoc
2008 4849 2123 4914 ipso
2155 4854 2208 4905 in

648 4916 767 4969 loco
796 4915 943 4983 Regii
986 4925 1167 4969 sextus
1199 4923 1253 4968 et
1275 4924 1493 4983 octavus
1527 4912 1883 4983 διδασκάλων.
1912 4912 2048 4972 Editi
2088 4938 2208 4973 cum

646 4982 966 5055 quibusdam
1015 4986 1133 5037 aliis
1198 5000 1323 5038 mss.
1356 4982 1743 5055 διδασκαλεῖον,
1798 5000 1899 5039 non
1934 4988 2003 5038 ita
2038 5002 2203 5044 recte.

648 5054 761 5111 Hoc
789 5059 931 5110 enim
960 5070 1151 5108 nomen
1185 5056 1442 5113 scholam,
1475 5054 1525 5105 in
1556 5069 1657 5119 qua
1683 5054 1934 5120 juventus
1961 5057 2205 5122 docetur,

651 5128 863 5193 proprie
899 5126 1389 5193 signillcatzquatu
1440 5126 1709 5177 notionem
1760 5123 1880 5175 huic
1940 5126 2053 5182 loco
2100 5146 2207 5183 non

652 5196 787 5249 belle
816 5196 1102 5249 convenire
1128 5196 1325 5257 vident,
1358 5202 1416 5246 ut
1441 5196 1648 5259 opinor,
1676 5207 1883 5245 omnes.

723 5266 833 5333 (58)
860 5264 1030 5318 Editio
1062 5264 1223 5317 Basil.
1254 5266 1373 5317 cum
1422 5266 1602 5316 multis
1632 5278 1762 5316 tnss.
1795 5265 1977 5333 φησίν.
2033 5266 2207 5323 Edilio

651 5335 820 5389 Paris.
855 5336 1035 5404 φασίν.
1072 5335 1285 5388 Monere
1330 5334 1480 5395 libet,
1534 5334 1679 5397 illud,
1709 5333 1889 5400 φασίν,
1926 5337 2206 5392 rat-iSsimc

652 5406 839 5478 legi_i_n_
870 5403 1119 5473 antiquis
1148 5404 1431 5478 mssg.,_sed
1472 5416 1683 5478 semper
1714 5403 1837 5478 fere
1852 5406 2071 5478 reperiri
2104 5423 2207 5478 φη-

652 5472 726 5529 σιξ
762 5473 899 5528 Nihil
938 5472 1112 5529 tamen
1152 5473 1369 5541 impedit
1400 5474 1685 5543 quominus
1713 5472 1859 5538 illud,
1888 5475 2041 5545 φησί,
2078 5472 2203 5545 pos-

648 5545 910 5609 sitverti,
966 5546 1133 5609 aiunt,
1168 5545 1430 5612 inquiunt,
1487 5557 1608 5596 cum
1667 5558 1772 5596 non
1834 5560 1956 5599 raro
2012 5561 2205 5601 nomen

647 5617 985 5669 collectivum
1032 5617 1101 5669 sit
1146 5613 1669 5681 subintelligeudum.
1708 5613 1942 5682 Exempli
2001 5630 2208 5670 causa:

652 5686 813 5738 Secta
846 5685 1285 5755 philosophorum
1318 5688 1412 5748 ait,
1438 5696 1543 5755 aut_
1564 5685 1730 5735 aiunt.
1759 5682 1909 5747 Quod
1946 5702 2066 5739 cum
2107 5703 2212 5739 non

652 5752 1139 5809 animadverterent
1202 5756 1436 5808 editores
1517 5752 1884 5817 Parisienses,
1969 5757 2215 5809 videntur

653 5825 819 5879 Marte
870 5826 1088 5895 proprio
1138 5835 1324 5879 contra
1389 5823 1545 5878 Iidem
1589 5839 1717 5877 mss.
1774 5824 1934 5891 φησίν
1966 5826 2015 5879 itt
2054 5825 2215 5892 φασίν

2325 4704 2520 4774 step-ms
2550 4706 2909 4774 nemp-[353e,
2957 4696 3169 4774 (lu-(ilics
3212 4694 3461 4774 videlicet
3494 4710 3688 4774 sensus
3716 4713 3899 4774 nume-

2328 4766 2444 4833 rut'u
2482 4766 2838 4825 multitudinis
2868 4766 3192 4835 postulabat.
3217 4767 3288 4819 De
3317 4766 3400 4819 his
3422 4768 3591 4820 semel
3622 4770 3900 4825 monuisse

2325 4848 2456 4904 satis
2509 4841 2597 4895 sit.
2661 4836 2894 4905 Tempus
2951 4837 3089 4907 male
3143 4835 3319 4889 Iocare
3372 4837 3805 4907 arbitraremuq,
3850 4840 3894 4893 si

2326 4919 2581 4980 deinceps
2607 4908 2868 4963 editorum
2896 4914 2948 4959 et
2972 4906 3217 4959 codicum
3260 4920 3389 4959 mss.
3426 4907 3570 4980 eain
3606 4923 3667 4959 rc
3698 4909 3897 4980 discre-

2330 4976 2567 5057 pantiam
2593 4986 2849 5057 accurate
2869 4984 3196 5039 notaremus,
3229 4989 3353 5030 cum
3392 4976 3520 5030 niltil
3551 4978 3769 5032 intersit
3795 4979 3894 5033 hoc

2325 5047 2390 5110 an
2424 5054 2511 5105 illo
2540 5049 2695 5104 modo
2720 5047 2943 5117 legatur.

2394 5122 2505 5193 (59)
2539 5114 2818 5193 _Sic_mssI_
2833 5116 3074 5193 plerique
3094 5128 3314 5193 omnes.
3334 5115 3515 5193 Editio
3548 5114 3725 5170 Paris.
3755 5118 3893 5172 ἀπέ-

2312 5181 2436 5249 θετο
2472 5181 2748 5243 τοῦεῖναι.
2780 5181 2953 5241 Editio
2983 5184 3147 5237 Basil.
3181 5186 3415 5239 ἀπέθετο
3450 5181 3614 5237 εἶναι.

2384 5262 2499 5335 (40)
2525 5260 2595 5335 ita
2628 5260 2864 5335 quinque
2897 5271 3026 5335 mss.
3062 5252 3204 5335 Editi
3234 5272 3361 5335 vero
3384 5256 3724 5335 ὑπείκκαείς.Δ
3757 5258 3889 5335 ⁵Ληι-

2315 5325 2529 5390 brositis
2554 5325 2725 5383 sic—ad
2756 5327 2977 5379 verbum
3008 5326 3399 5395 interpretatur
3429 5342 3443 5378 :
3473 5325 3534 5378 Si
3570 5340 3660 5379 aut
3694 5328 3886 5395 [rigore

2311 5407 2609 5457 adurantur
2639 5416 2655 5453 :
2692 5398 2742 5448 in
2770 5411 2875 5463 quo
2907 5396 3118 5450 videtur
3144 5395 3453 5465 ,Virgiliutn
3504 5397 3772 5461 imitatus,
3801 5396 3886 5464 qui

2312 5490 2326 5527 ι
2353 5472 2537 5539 Georg.
2572 5468 2868 5539 scripserat
2889 5503 2904 5527 ,

2467 5535 2567 5593 A'ut
2607 5537 2785 5589 Borew
2810 5535 3123 5603 penetrabile
3150 5538 3316 5605 frigus
3348 5536 3561 5590 adurat.

2320 5612 2518 5667 Ibidem
2553 5608 2680 5674 flcg.
2713 5608 2917 5679 primus
2942 5607 3022 5679 εἰς
3055 5606 3267 5679 ἑτέραν.

2395 5679 2505 5750 (41)
2530 5672 2808 5750 Sic_ed_i_tio
2836 5673 2995 5750 Basil.
3017 5672 3158 5731 cutn'
3178 5674 3357 5750 multis
3380 5692 3509 5750 mss.
3565 5676 3743 5750 Editio
3783 5672 3881 5730 Pa-

2328 5743 2421 5807 ris'.
2461 5743 2525 5801 ἐκ
2553 5746 2667 5799 τοῦ.
2702 5745 2817 5797 Mox
2855 5743 3009 5799 Coll).
3056 5746 3322 5803 secundus
3358 5748 3543 5799 εἰκόνα
3577 5747 3744 5817 δηλοῖ.

2400 5819 2509 5888 (ιῖ)
2534 5818 2609 5870 Ila
2634 5825 2865 5884 quatuor
2889 5829 3018 5869 mss.
3053 5817 3188 5873 Editi
3214 5826 3266 5870 et
3293 5832 3429 5872 unus
3466 5832 3572 5876 ms.
3600 5818 3813 5883 αὐτούς.
