4092 6318
592 364 620 420 ί
630 364 697 421 07

1929 362 1987 417 S.
2029 362 2116 414 ΒΑ
2125 360 2271 415 διιιι
2309 359 2520 414 ΜᾹΟΝΙ

3751 362 3856 420 108

590 481 832 541 ςιιιειιιιιι
881 482 1099 553 quidem
1158 483 1363 539 nullum
1415 496 1605 552 aperte
1640 481 1837 538 aﬂ‘erre
1884 484 2169 547 videntur;

2282 482 2487 550 καρπὸν
2543 484 2641 552 μὲν
2687 482 2877 536 οὐδένα
2917 485 3065 540 δοκεῖ
3113 486 3299 557 φέρειν
3341 490 3405 544 ὲκ
3436 485 3531 542 τοῦ
3566 490 3860 560 προδήλου,

587 573 712 632 hinc
754 588 932 631 tamen
975 576 1021 630 si
1067 576 1190 646 quis
1238 576 1528 645 diligenter
1564 576 1902 645 expenderit,
1936 574 2176 643 singulas

591 667 730 725 istas
763 670 989 724 arbores
1033 684 1217 725 semen
1270 668 1471 726 habere
1520 669 1835 736 eomperiet.
1886 666 2175 724 Enimvero

592 777 824 832 granum
873 760 1005 816 illud
1043 763 1191 831 quod
1236 760 1367 817 folio
1421 763 1724 828 subjectum
1777 771 1879 825 est,
1924 760 2176 829 quodque

590 852 837 907 nonnulli
873 853 928 907 in
958 852 1267 909 nurninibus
1290 852 1664 918 contingendis
1705 865 1926 918 operam
1971 864 2177 904 navan-

596 954 700 1010 tes,
736 946 971 1001 mist/mn
998 945 1293 1015 appellant,
1324 948 1429 1001 vim
1466 945 1694 1001 seminis
1722 956 1884 1014 atque
1911 943 2169 998 virtutem

593 1036 830 1092 obtinet.
854 1035 1205 1108 Quaecunque
1228 1037 1370 1092 enim
1397 1051 1425 1091 a
1459 1038 1629 1091 ramis
1656 1036 1830 1091 solent
1865 1034 2019 1098 oriri,
2051 1035 2175 1090 inde

596 1137 656 1181 ut
683 1127 974 1196 plurimum
1011 1130 1223 1184 radices
1255 1128 1530 1183 emittunt.
1577 1127 1857 1185 Fortassis.
1880 1135 2061 1180 autem
2088 1141 2177 1181 se-

598 1219 761 1274 minis
788 1218 1053 1277 rationem
1091 1220 1314 1285 habent,
1334 1230 1388 1275 et
1416 1222 1515 1283 ipsi
1544 1220 1635 1289 qui
1661 1235 1728 1273 ex
1753 1218 2026 1273 radicibus
2057 1219 2175 1288 pul-

594 1308 769 1367 lulant
796 1311 1000 1367 surculi
1031 1328 1044 1364 :
1070 1325 1208 1381 quos
1238 1312 1362 1367 dum
1387 1312 1627 1367 avellunt
1655 1311 1965 1380 plantarum
2000 1311 2177 1365 culto—

595 1416 708 1466 res,
740 1418 910 1474 genus
952 1416 1140 1457 earum
1196 1402 1579 1470 multiplicant.
1630 1401 1788 1459 Prius
1837 1414 2041 1472 tamen,
2097 1403 2173 1457 uti

596 1495 852 1557 diximus,
893 1506 972 1547 ea:
1002 1494 1227 1550 arbores
1250 1502 1564 1548 memorata:
1594 1504 1741 1560 sunt,
1774 1510 1897 1565 quae
1930 1507 2170 1553 nostram

596 1587 764 1639 vitam
795 1586 967 1655 magis
995 1595 1340 1652 conservant,
1370 1601 1599 1655 qumque
1638 1588 1877 1657 propriis
1909 1589 2175 1644 fructibus

597 1679 873 1732 hominem
919 1678 1219 1741 donantes,
1260 1676 1596 1732 luculentum
1652 1677 1729 1732 illi
1780 1679 1984 1734 victum
2019 1686 2175 1733 erant

595 1767 1050 1837 suppeditatum:
1082 1767 1205 1822 vitis
1233 1769 1473 1836 quidem,
1492 1780 1812 1840 generatum
1832 1771 2041 1833 viuum,
2066 1784 2175 1838 quo

2278 574 2502 645 σπέρμα
2531 577 2588 629 δὲ
2618 577 2847 631 ἕκαστον
2886 579 3088 634 τούτων
3120 579 3241 651 ἔχον
3265 582 3507 653 ἀκριϐῶς
3542 581 3608 636 ἂν
3644 598 3728 646 τις
3770 580 3859 648 ἐξ·

2274 667 2483 732 ετάςων
2517 668 2725 741 ἐξεύροι
2760 668 2891 739 (48).
2945 672 3002 723 '0
3029 673 3139 746 γὰρ
3169 672 3521 742 ὑποκείμενος
3568 671 3645 744 τῷ
3675 673 3858 743 φύλλῳ

2278 758 2498 823 κόκκος,
2521 759 2579 813 ὃν
2595 761 2823 830 μίσχον
2854 762 3001 826 τινὲς
3028 764 3135 820 τῶν
3161 763 3288 837 περὶ
3311 763 3408 827 τὰς
3438 764 3859 838 ὀνοματοποιίαις

2275 851 2646 921 έσχολακότων
2732 858 3233 927 προσαγορεύουσι,
3323 855 3483 910 τοῦτο
3544 861 3863 932 σπέρματυς

2276 940 2390 1011 ἔχει
2423 943 2672 1015 δύναμιν.
2705 946 2844 1000 Ὅσα
2891 945 3001 1018 γάρ
3046 949 3157 1002 ἀπὸ
3194 949 3303 1021 (49)
3352 948 3562 1003 κλάδων
3610 948 3857 1020 γίνεσθαι

2277 1035 2543 1104 πέφυκεν,
2568 1039 2816 1093 ἐντεῦθεν
2846 1039 2922 1102 ὡς
2945 1037 3011 1092 τὰ
3041 1040 3209 1099 πολλά
3235 1040 3522 1115 προϐάλλει
3551 1044 3651 1108 τάς
3679 1046 3859 1117 ῥίζας.

2276 1127 2429 1197 Τάχα
2461 1128 2525 1189 δὲ,
2552 1133 2862 1202 σπέρματος
2888 1132 3143 1203 ἐπέχουσι
3171 1134 3325 1204 λόγον
3355 1136 3449 1190 καὶ
3474 1136 3529 1187 αἱ
3554 1136 3665 1189 τῶν
3692 1138 3861 1211 ῥιζῶν

2276 1219 2596 1290 ἀποφύσεις,
2622 1223 2685 1286 ἃς
2709 1224 3107 1294 παρασπῶντες
3129 1227 3176 1278 oi
3205 1228 3495 1299 φυτοκόμοι
3525 1225 3640 1297 (50)
3674 1231 3736 1283 τὸ
3766 1230 3861 1301 γέ-

2275 1302 2628 1377 νοςάὖξουσι.
2660 1312 2930 1385 Πρότερον
2975 1314 3177 1384 μέντοι,
3219 1314 3406 1390 ὥσπερ
3447 1316 3680 1386 ἔφαμεν,
3720 1321 3861 1391 μνή-

2280 1419 2389 1475 μης
2427 1404 2630 1476 ⁴ἠξιώθη
2659 1403 2729 1457 τά
2766 1405 3199 1479 συνεκτικώτερα
3230 1408 3329 1478 τῆς
3362 1411 3503 1481 ζωῆς
3532 1410 3714 1481 ἡμῶν,
3755 1414 3859 1467 ὅσα

2278 1499 2490 1572 ἔμελλε,
2533 1502 2644 1562 τοῖς
2685 1500 2904 1564 οἰκείοις
2946 1504 3176 1574 καρποῖς
3216 1502 3306 1554 τὸν
3340 1504 3627 1575 ἄνθρωπον
3653 1503 3862 1569 δεξιού-

2281 1611 2437 1665 μενα,
2465 1591 2693 1660 ἄφθονον
2717 1591 2867 1663 αὐτῷ
2896 1593 3329 1665 παρασκευάζειν
3356 1596 3453 1665 τὴν
3485 1596 3724 1649 δίαιταν⁸
3758 1598 3859 1668 Ep»

2278 1685 2437 1746 πελος
2462 1683 2560 1753 μὲν
2581 1678 2721 1737 οἶνον
2748 1685 2992 1753 γεννῶσα
3013 1687 3321 1759 εὐφραίνειν
3348 1685 3608 1757 μέλλοντα
3629 1686 3867 1757 καρδίαν

2278 1772 2591 1845 ἀνθρώπουο
2640 1774 2792 1827 ἐλαία
2836 1775 2892 1829 δὲ
2943 1780 3154 1849 καρπὸν
3198 1777 3543 1851 παρεχομένη
3585 1775 3858 1848 ίλαρύνειν

595 1870 719 1914 erat
745 1875 843 1916 cor
873 1860 1106 1916 bomiuis
1144 1860 1522 1915 itetilicandum
1551 1862 1705 1916 :olea
1738 1876 1884 1924 vero,
1917 1876 2039 1916 cum
2079 1864 2172 1932 qui

2282 1836 2571 1938 δυνάμενον
2604 1867 2891 1938 πρόσωπον
2921 1871 2979 1921 ὲν
3012 1836 3195 1942 έλαίῳ.
3219 1836 3374 1925 ﬂcio;
3400 1836 3690 1943 συνέτρεχε
3718 1867 3861 1925 κατὰ

595 1952 804 2006 vultum
846 1952 900 2006 in
934 1949 1056 2006 oleo
1087 1952 1393 2007 exhilarare
1424 1961 1617 2020 potest,
1644 1949 1883 2005 fructum
1914 1951 2174 2008 allatura.

596 2044 742 2113 Quot
783 2043 1111 2100 festinanter
1156 2047 1209 2099 in
1260 2061 1425 2100 unum
1459 2056 1874 2109 concurrerunt,
1913 2047 2174 2115 producta

597 2153 628 2188 ιι
662 2137 883 2191 natura!
936 2136 1107 2190 Radix
1158 2137 1304 2203 vitis,
1349 2136 1601 2205 palmites
1636 2135 1991 2191 orbiculalim
2034 2136 2178 2189 vire-

598 2238 833 2291 scentes,
891 2227 1157 2297 valdeque
1210 2244 1375 2296 super
1431 2239 1629 2284 terram
1677 2228 1875 2291 diﬂ'usi,
1933 2243 2172 2299 germen,

598 2321 895 2384 claviculm,
923 2334 1023 2373 uva
1058 2318 1278 2384 acerba,
1312 2321 1533 2375 racemi.
1570 2318 1745 2375 Vitem
1780 2320 1826 2374 si
1871 2320 1977 2372 tuis
2006 2318 2178 2373 oculis

596 2422 805 2469 attente
829 2413 1206 2483 conspexeris,
1243 2418 1327 2468 vel
1362 2414 1474 2482 ipsa
1502 2422 1554 2467 te
1583 2412 1716 2469 satis
1740 2411 1805 2463 ad
1831 2419 2037 2465 natura:
2059 2425 2175 2465 me-

601 2505 833 2560 moriam
869 2514 1108 2559 revocat.
1146 2502 1439 2559 Meministi
1490 2502 1631 2556 enim
1673 2500 1887 2555 Domini
1925 2501 2177 2556 similitu-

600 2595 806 2662 dinem,
832 2610 937 2665 qua
971 2610 1031 2651 se
1080 2596 1253 2663 ipsum
1299 2594 1485 2657 vitem,
1524 2602 1579 2647 et
1624 2590 1840 2646 Patrem
1882 2590 2174 2661 agricolam

2272 1958 2469 2011 ταυτὸν
2496 1959 2845 2030 ὴπειγμένως
2862 1959 2967 2014 sua
2993 1960 3095 2031 τῆς
3125 1963 3339 2032 φύσεως
3367 1963 3765 2034 παραγόμεναι
3790 1961 3858 2017 Ἦ

2277 2050 2400 2123 ῥίζα
2435 2052 2532 2123 τῆς
2563 2053 2836 2124 ἀμπέλου·
2872 2054 2941 2108 τὰ
2971 2054 3223 2126 κλήματα
3253 2056 3310 2106 ὲν
3329 2054 3515 2124 κύκλῳ
3542 2056 3745 2127 εὐθαλῆ
3766 2054 3860 2111 καὶ

2278 2145 2488 2215 μεγάλα
2523 2145 2663 2218 ὑπὲρ
2694 2148 2799 2219 γῆς
2825 2148 3127 2217 κεχυμένα’
3160 2147 3189 2198 ό
3226 2144 3474 2215 βλαστὸς,
3512 2147 3563 2199 οἱ
3596 2145 3796 2211 ἕλικες,
3828 2150 3861 2203 ὁ

2274 2237 2478 2308 δμφαξ,
2521 2240 2572 2292 oi
2608 2238 2827 2312 βότρυες
2857 2238 2989 2309 (51).
3028 2238 3213 2309 Ἀρκεῖ
3239 2254 3332 2291 σου
3363 2241 3430 2311 τῇ
3464 2238 3586 2307 ὄψει
3621 2240 3719 2291 καὶ
3748 2238 3857 2311 άμ-

2276 2331 2436 2396 πελος
2486 2332 2721 2394 συνετῶς
2756 2330 3013 2402 ὁραθεῖσα
3043 2330 3347 2403 ὑπόμνησίν
3388 2350 3469 2385 σοι
3502 2330 3606 2401 τῆς
3644 2330 3861 2401 φύσεως

2276 2424 2591 2494 ἐμποιῆσαι.
2640 2420 2934 2492 Μέμνησαι
2965 2421 3073 2493 γάρ
3112 2421 3351 2494 δηλονότι
3385 2423 3485 2493 τῆς
3517 2421 3616 2475 τοῦ
3650 2420 3856 2492 Κυρίου

2276 2515 2502 2577 εἰκόνος,
2552 2513 2634 2567 ὅτι
2682 2513 2925 2585 ἄμπελον
2958 2515 3149 2569 ἑαυτὸν
3180 2515 3348 2585 λέγει,
3377 2515 3472 2567 καὶ
3509 2516 3603 2567 τὸν
3637 2513 3860 2585 Πατέρα

2274 2609 2367 2665 τὸν
2398 2609 2661 2680 γεωργὸν,
2686 2609 2781 2663 καὶ
2805 2608 2929 2672 τοὺς
2955 2607 3075 2661 καθ’
3096 2608 3189 2660 ἕνα
3214 2609 3246 2676 ἡ
3255 2606 3368 2677 μῶν
3388 2604 3477 2658 διά
3495 2605 3598 2677 τῆς
3625 2605 3857 2670 πίστεως

4078 6 4092 546 κ

604 2697 881 2756 nuncupat
902 2688 992 2738 τις
1019 2700 1119 2739 nos
1158 2685 1287 2738 item
1320 2683 1561 2754 singulos
1592 2682 1850 2739 Ecclesia:
1894 2698 1991 2754 per
2018 2683 2176 2740 [idem

2282 2702 2796 2772 ὲαπεφυτευμένους
2820 2700 2929 2767 (52)
2962 2701 3028 2769 τῇ
3072 2697 3368 2769 Ἐκκλησία
3395 2696 3655 2768 κλήματα
3690 2715 3857 2771 προσ-

601 2780 865 2845 insertos,
915 2778 1164 2848 palmites
1216 2778 1547 2847 appellavit,
1597 2788 1760 2847 atque
1821 2779 1888 2834 ad
1948 2779 2177 2833 multum

2282 2796 2569 2866 ηγόρευσε’
2619 2793 2710 2845 καὶ
2747 2790 3132 2861 προσκαλεῖται
3160 2791 3306 2860 ἡμᾶς
3339 2791 3420 2855 είς
3454 2789 3857 2864 πολυκαρπίαν,

601 2871 843 2929 fructum
902 2872 1232 2928 all'ereudum
1286 2872 1481 2928 invitat
1534 2874 1724 2939 nos",
1757 2888 1825 2929 ne
1871 2872 2179 2928 iuutilitatis

2282 2885 2365 2936 ἵνα
2400 2882 2474 2953 μὴ
2508 2881 2809 2954 ἀχρηστίαν
2841 2880 3316 2951 καταγνωσθέντες
3344 2881 3422 2954 τῷ
3455 2883 3591 2956 πυρὶ
3621 2884 3859 2957 παραδο-

608 2967 872 3031 damnati,
896 2966 1005 3036 igni
1033 2966 1348 3034 tradantur;
1385 2981 1484 3021 nec
1510 2977 1688 3022 cessat
1726 2968 2006 3021 hominum
2056 2964 2177 3018 ani-

2282 2973 2462 3045 Θῶμεν
2483 2990 2498 3005 '
2532 2975 2624 3027 καὶ
2646 2974 2705 3026 οὺ
2738 2973 2970 3028 παύεται
3002 2973 3274 3043 πανταχοῦ
3301 2974 3400 3039 τὰς
3422 2974 3604 3047 ψυχάς
3632 2976 3745 3029 τῶν
3774 2976 3861 3029 ἀν·

610 3071 730 3111 tuas
762 3055 964 3126 ubique
1010 3057 1213 3112 vitibus
1244 3072 1583 3127 comparare.
1622 3056 1782 3112 Vinea
1812 3074 2055 3127 namque,
2082 3056 2165 3110 in—

2282 3064 2514 3138 θρώπων
2571 3064 2681 3133 (55)
2733 3067 2853 3130 ταῖς
2899 3065 3162 3135 ἀμπέλοις
3222 3064 3501 3138 ὲξομοιῶν.
3559 3066 3863 3136 Ἀμπελῶν-

604 3147 745 3218 quit,
773 3147 915 3218 facta
945 3157 1017 3201 est
1038 3146 1227 3200 dilecto
1255 3148 1307 3201 in
1338 3163 1524 3212 cornu,
1548 3148 1605 3200 in
1629 3146 1746 3201 loco
1766 3149 1950 3217 pingui
1972 3149 2053 3215 ’τίς
2085 3158 2139 3205 et
2160 3189 2176 3213 ,

2282 3157 2389 3228 γὰρ
2417 3157 2670 3228 ἐγενήθη
2704 3156 2784 3222 τῷ
2814 3158 3197 3228 ἠγαπημένῳ.
3225 3160 3409 3230 φησὶν,
3442 3160 3513 3213 ὲν
3547 3159 3769 3227 κέρατι»
3792 3156 3865 3211 ἐν

618 3238 834 3293 Vineam
881 3239 1144 3308 plautam’,
1182 3248 1229 3292 et
1279 3253 1451 3307 sepem
1498 3239 1914 3293 circumdedi".
1958 3240 2179 3297 Animas

2284 3250 2443 3317 τόπῳ
2469 3251 2669 3305 πίονιο
2725 3251 2837 3314 καὶ,
2903 3250 3242 3321 Ἀμπελῶνα
3268 3253 3594 3320 ἐφύτευσα,
3631 3250 3731 3304 καὶ
3768 3266 3863 3307 πε-

606 3332 876 3386 bumanas
912 3332 1069 3399 plane
1099 3332 1311 3385 vineam
1353 3331 1506 3397 dicit,
1536 3347 1672 3402 quas
1720 3348 1866 3400 sepe,
1903 3335 2179 3389 mandato-

2282 3342 2525 3412 ριέθηκα
2559 3345 2850 3414 φραγμόν.
2889 3344 3001 3406 Τάς
3026 3342 3369 3413 ἀνθρωπίνας
3404 3342 3583 3414 ψυχὰς
3621 3344 3862 3414 δηλονότι

603 3441 725 3483 rum
767 3426 975 3481 scilicet
1022 3426 1189 3479 tutela
1224 3436 1281 3479 et
1323 3428 1637 3495 angelorum
1668 3428 1908 3480 custodia
1944 3427 2179 3479 circum-

603 3521 773 3579 dedit.
811 3518 1065 3573 Immittet
1096 3519 1235 3571 enim
1277 3519 1493 3586 angelus
1530 3516 1741 3571 Domini
1767 3519 1819 3570 in
1858 3518 2083 3573 circuitu
2115 3518 2182 3569 ti-

602 3617 857 3672 mentium
877 3630 995 3669 eum
1015 3614 1107 3667 ⁷⁸⁸.
1134 3612 1337 3667 Deinde
1366 3612 1553 3679 etiam,
1581 3612 1888 3667 constitutis
1919 3613 1970 3666 in
1997 3610 2183 3667 Eccle-

604 3712 687 3765 sia
728 3709 962 3779 primum
989 3706 1272 3777 apostolis,
1296 3705 1535 3760 secundo
1570 3704 1869 3775 prophetis,
1903 3706 2062 3761 tertio
2088 3707 2182 3761 do-

604 3801 929 3863 ctoribus",
966 3800 1122 3868 quasi
1147 3797 1284 3851 valla
1313 3798 1469 3853 nobis
1496 3797 1704 3851 deﬁxit.
1737 3797 1913 3867 Atque
1937 3798 2185 3868 antiquo-

606 3912 729 3952 rum
755 3910 818 3949 ac
844 3898 1123 3949 beatorum
1158 3891 1399 3945 virorum
1430 3889 1696 3959 exemplis
1721 3888 1772 3941 in
1800 3889 2030 3944 sublime
2058 3905 2183 3944 eve-

606 3991 693 4045 xit
719 3999 960 4043 nostram
995 3994 1253 4048 mentem,
1296 3997 1396 4037 nec
1421 3997 1541 4037 eam
1574 3982 1845 4051 prosterni
1888 3982 2060 4045 bumi,
2090 3992 2183 4036 aut

610 4081 1023 4138 conculcatione
1069 4079 1289 4149 dignum
1333 4090 1452 4132 esse
1504 4075 1655 4130 sivit.
1683 4072 1811 4128 Vult
1854 4084 2033 4129 autem
2083 4090 2183 4131 nos

609 4174 899 4229 charitatis
930 4172 1267 4240 amplexibus
1296 4182 1393 4223 ceu
1425 4168 1746 4236 quibusdam
1774 4166 2054 4223 claviculis
2077 4166 2189 4243 46

609 4266 917 4340 proximum
961 4271 1206 4317 nostrum
1246 4260 1553 4328 complecti,
1586 4274 1647 4314 ac
1695 4260 1747 4313 in
1792 4260 1923 4329 ipsis
1969 4263 2188 4330 acquie-

608 4374 792 4424 scere,
824 4364 884 4410 ιιι
917 4354 1029 4423 jugi
1078 4351 1258 4420 impeti
1295 4365 1511 4403 sursum
1546 4364 1736 4403 versus
1772 4357 2184 4417 contendentes,

610 4455 787 4512 instar
830 4450 1111 4504 vinearum
1152 4443 1511 4515 quarumdam
1554 4440 1780 4496 arbores
1818 4446 2184 4496 conscenden-

2282 3433 2428 3505 λέγει
2456 3434 2567 3507 (54)
2594 3434 2682 3489 τὸν
2712 3434 3025 3509 ἀμπελῶνα,
3050 3429 3137 3497 αἷς
3162 3435 3414 3506 φραγμὸν
3436 3437 3738 3510 περιέθηκε
3766 3438 3864 3510 τὴν

2283 3529 2351 3582 ἐκ
2389 3530 2499 3582 τῶν
2544 3528 2977 3600 προσταγμάτων
3024 3528 3320 3595 ἀσφάλειαν
3362 3531 3456 3584 καὶ
3488 3531 3588 3603 τὴν
3620 3532 3863 3604 φυλακὴν

2282 3620 2391 3675 τῶν
2417 3621 2679 3691 ἀγγέλων.
2704 3618 3077 3689 Παρεμᾶιλεῒ
3100 3618 3208 3692 (55)
3231 3621 3342 3691 γὰρ
3364 3621 3621 3692 ἅγγελος
3641 3625 3865 3692 Κτερίου

2284 3716 2488 3780 κύκλῳ
2526 3711 2643 3765 τῶν
2669 3710 3052 3781 φοϐουμένων
3077 3714 3280 3768 αὐτόν.
3313 3714 3542 3768 Ἔπειτα
3580 3716 3677 3768 καὶ
3701 3718 3864 3773 οἱονεὶ

2284 3806 2528 3878 χάρακας
2559 3806 2689 3875 ἡμῖν
2718 3803 3146 3876 παρακατέπηξε
3184 3804 3410 3875 θέμενος
3439 3808 3495 3859 ἐν
3520 3811 3611 3887 τῇ⁸
3631 3809 3861 3883 Ἐκκλη-

2286 3898 2377 3969 σίᾳ
2405 3896 2618 3968 πρῶτον
2646 3895 2997 3960 ἀποστόλους,
3042 3896 3293 3968 δεύτερον
3340 3899 3647 3970 προφήτας,
3680 3901 3863 3972 τρίτον

2283 3987 2653 4052 διδασκάλους.
2711 3989 2821 4042 Καὶ
2866 3990 2979 4052 τοῖς
3021 3986 3130 4042 τῶν
3176 3989 3420 4043 παλαιῶν
3459 3992 3553 4045 καὶ
3575 3992 3864 4064 μακαρίων

2286 4082 2493 4154 ἀνδρῶν
2522 4082 2633 4155 (56)
2661 4082 3052 4154 ὑποδείγμασιν
3092 4085 3170 4147 εἰς
3194 4082 3326 4154 ὖψ
3357 4085 3513 4157 ἡμῶν
3548 4086 3768 4156 ἀνάγων
3796 4088 3866 4140 τά

2288 4174 2629 4245 φρονήματα,
2668 4174 2768 4226 οὐκ
2795 4174 3005 4243 ἀφῆκεν
3042 4175 3349 4246 ἐρριμμένα
3394 4177 3593 4247 χαμαὶ,
3640 4178 3734 4231 καὶ
3770 4175 3863 4229 τοῦ

2289 4264 2575 4319 πατεῖσθαι
2604 4263 2748 4329 ἄξια.
2774 4264 3029 4317 Βούλεται
3053 4266 3110 4319 δὲ
3141 4268 3289 4337 ἡμᾶς
3312 4267 3407 4321 καὶ
3433 4269 3595 4321 οἱονεὶ
3629 4266 3767 4328 ἕλιξί
3790 4284 3868 4319 τι-

2291 4373 2344 4408 σι
2375 4358 2494 4417 ταῖς
2516 4353 2875 4425 περιπλοκαῖς
2897 4354 2997 4425 τῆς
3018 4354 3237 4426 ἀγάπης
3265 4356 3372 4410 τῶν
3402 4355 3628 4427 πλησίον
3656 4356 3870 4427 ἀντέχε-

2290 4447 2433 4511 σθαι,
2483 4445 2575 4498 ita).
2632 4444 3079 4500 ἐπαναπαὺεσθαι
3133 4449 3337 4513 αὐτοῖς,
3385 4448 3470 4510 ἶν’,
3513 4448 3601 4501 ἀεὶ
3642 4449 3870 4520 πρδςτδ

612 4548 746 4603 tium
774 4586 790 4610 ,
823 4542 1191 4608 nosmetipsos
1241 4551 1423 4591 rerum
1453 4533 1840 4589 altissimarum
1893 4537 2179 4591 verticibus

2288 4535 2401 4589 άνω
2429 4536 2528 4606 τὴν
2552 4535 2725 4606 ὁρμὴν
2756 4535 2989 4605 ἔχοντες,
3018 4534 3129 4591 οἶόν
3157 4555 3298 4601 τινες
3327 4537 3714 4609 άναδενδράδες
3745 4544 3871 4606 ταῖς

607 4641 978 4704 υόαιιιιιειιιιιε.
1010 4632 1149 4700 Quin
1190 4639 1245 4685 et
1279 4644 1308 4682 a
1343 4626 1498 4682 nobis
1543 4626 1809 4697 exposcit,
1842 4635 1901 4679 ut
1934 4625 2059 4680 dum
2092 4627 2187 4681 de-

607 4730 872 4791 fodimur,
896 4728 1281 4781 sustineamus.
1316 4718 1595 4775 Defoditur
1624 4728 1804 4773 autem
1834 4722 2036 4783 anima,
2060 4734 2183 4774 cum

608 4823 797 4881 mundi
839 4819 1004 4885 curis,
1036 4831 1157 4886 quae
1185 4812 1447 4871 cordibus
1470 4811 1669 4868 nostris
1708 4821 1838 4868 sunt
1888 4812 2062 4880 oneri,
2096 4828 2183 4868 se-

2292 4628 2554 4697 κορυφαῐς
2601 4624 2707 4679 τῶν
2762 4624 3109 4694 ὑψηλοτάτων
3167 4625 3394 4689 ἑαυτοὺς
3449 4627 3866 4700 παρισάζωμεν.

2306 4716 2554 4769 Ἀπαιτεῖ
2577 4713 2688 4785 (57)
2724 4712 2781 4767 δὲ
2804 4715 2953 4784 ἡμᾶς
2992 4715 3085 4767 καὶ
3120 4713 3181 4767 τὸ
3207 4713 3599 4785 καταδέχεσθαι
3629 4734 3871 4772 σκαπτο-

2293 4811 2509 4885 μένους.
2556 4808 2987 4865 ’Δποσκάπτεται
3024 4805 3083 4860 δὲ
3116 4805 3261 4880 ψυχὴ
3296 4809 3355 4862 ὲν
3376 4811 3443 4881 τῇ
3475 4808 3734 4865 ἀποθέσει
3762 4810 3873 4865 τῶν

683 4972 730 5003 ⁷⁸
754 4969 912 5025 Joan.
948 4980 1039 5029 xv,
1064 4964 1117 5018 ι.
1194 4962 1239 4994 ⁷⁸
1263 4963 1394 5018 ibid.
1423 4963 1478 5018 5.
1552 4962 1721 5019 "iss.
1756 4977 1810 5027 ν,
1836 4963 1889 5016 1.
1962 4963 2009 4995 ⁷³
2037 4963 2179 5020 Mattl

2282 4978 2381 5028 ιιι,
2402 4961 2493 5016 '55.
2567 4958 2636 4990 "‘
2668 4954 2810 5012 Psal.
2838 4967 3034 5020 xxxnt,
3065 4951 3119 5011 8.
3194 4949 3287 5004 ⁷⁸1
3316 4951 3442 5007 Cor.
3464 4967 3563 5020 xu,
3586 4951 3676 5007 28.

686 5124 795 5193 (48)
828 5122 957 5178 Mss.
989 5124 1094 5193 duo
1119 5120 1445 5193 ἐξευρίσκω.
1469 5121 1575 5175 Alii
1608 5121 1715 5175 duo
1738 5119 1906 5192 εὖροι.

688 5191 801 5264 (49)
844 5192 1143 5264 ilta_ed_itio
1188 5191 1355 5264 Busil.
1414 5206 1534 5264 eum
1574 5202 1707 5264 octo
1749 5191 1889 5264 mss.
1936 5193 2192 5249 enostris

612 5260 813 5339 pragter
836 5262 1001 5339 B_od_l._
1020 5260 1404 5339 EtlnitioLParis.
1433 5261 1535 5339 ὅσα
1565 5262 1623 5339 δέ
1652 5261 1782 5339 ἀπό.

689 5336 802 5407 (50)
863 5333 1040 5389 Editio
1078 5331 1242 5407 Bas“.
1270 5349 1427 5407 _c‘um
1458 5332 1705 5407 gombef.
1763 5343 1815 5384 et
1860 5348 1982 5407 cum
2012 5332 2192 5407 multis

612 5401 737 5462 aliis
761 5401 891 5460 mss.
923 5402 1240 5473 φυτοκόμοι.
1268 5402 1445 5457 Editio
1466 5401 1640 5457 Paris.
1670 5402 1997 5473 φυτηκὸμοι,
2034 5405 2192 5457 male.

612 5472 951 5559 inlraﬁolb.
992 5472 1263 5529 secundus
1320 5472 1611 5545 συνέτρεχε
1673 5472 1816 5527 κατά
1862 5474 2058 5528 ταυτὸν
2103 5472 2192 5527 τὸν

779 5563 829 5597 ν.

613 5563 1073 5683 καῖἔῖἶοριιοιηοιι
1099 5630 1227 5671 mss.
1247 5617 1296 5669 οἱ
1326 5613 1571 5686 βότρυες.
1607 5614 1749 5670 Editi
1789 5630 1911 5669 cum
1967 5630 2072 5671 uno
2100 5624 2193 5670 aut

617 5688 793 5759 nitere
823 5704 923 5759 ms.
963 5687 1179 5759 ϐότρυς.

691 5757 802 5824 (52)
830 5754 1295 5827 Οιιόιιιεείιιὶᾳιιοι
1344 5754 1839 5828 ἑμφυτευομένους.
1894 5755 2013 5813 Mox
2059 5756 2187 5813 editi

624 5828 976 5898 προκαλεῖται
1006 5846 1021 5861 ⁸
1052 5841 1106 5885 at
1141 5846 1235 5885 sex
1264 5843 1391 5884 mss.
1420 5828 1823 5900 προσκαλεῖται,

2387 5120 2477 5186 35)
2507 5117 2732 5173 Codices
2765 5125 2875 5168 tres
2898 5113 3078 5186 ψυχὰς
3104 5111 3259 5186 ἡμῶν
3278 5111 3396 5186 ⁸’τῶν
3425 5112 3583 5186 ἀνθρ.

2387 5125 2477 5186 55)
2507 5125 2732 5173 Codices
2765 5125 2875 5168 tres
2898 5125 3078 5183 ψυχας
3104 5125 3259 5184 ημων
3289 5128 3396 5165 των
3425 5125 3583 5184 ανυρ.

2363 5125 2633 5260 (δυβιαε.
2659 5196 2843 5241 sextus
2881 5183 3228 5257 ἀνθρωπίνας
3272 5183 3531 5255 δυνάμεις
3562 5180 3743 5253 ψυχὰς
3776 5184 3872 5256 δη-

2291 5258 2465 5315 λονότι
2494 5258 2663 5327 λέγει.

2318 5402 2327 5403 7
2364 5325 3021 5403 (55)11aps;16a.isi',_etc.
3060 5324 3307 5403 Vulgata,
3357 5323 3611 5379 Imminet
3650 5325 3871 5394 angelus

2300 5396 2515 5457 Domini
2544 5396 2597 5451 in
2626 5400 2847 5451 circuitu
2875 5396 3169 5450 timentium
3196 5413 3334 5451 eum.

2375 5471 2486 5538 (56)
2518 5469 2627 5522 Vox
2654 5467 2861 5538 ἀνδρῷν
2879 5469 3031 5522 deest
3058 5468 3109 5518 in
3138 5468 3296 5538 editis
3321 5475 3375 5519 et
3409 5463 3461 5516 in
3490 5463 3828 5538 multismss.
3850 5506 3869 5529 ,

2299 5544 2391 5597 sed
2432 5532 2626 5612 legitur
2670 5532 2969 5612 irt_'Regiis
3024 5537 3188 5612 _t_ertio
3238 5546 3293 5589 et
3339 5532 3874 5612 sexl_o_.APaul.oposs

2298 5603 2772 5669 cudex'Combel.
2844 5603 2963 5663 cum
3022 5605 3151 5677 Reg.
3210 5615 3398 5661 octavo
3448 5603 3821 5677 ἐρριμμένους
3852 5639 3875 5671 ,

2299 5685 2478 5825 11⁸(ξή
2498 5750 2627 5824 Reg.
2666 5759 2851 5807 sextus
2875 5748 3205 5804 ἀπαιτεῖται.
