4092 6318
197 373 300 430 109

1333 373 1615 430 HOMILIA
1657 375 1696 428 ν
1738 375 1803 429 ιΝ
1845 375 2334 432 HEXAEMERON.

3329 377 3430 431 H9

193 491 287 543 τοῦ
331 488 533 560 κόσμου
572 489 870 560 μεριμνῶν,
920 488 976 542 αἶ
1023 487 1186 559 βάρος
1228 490 1335 542 είσὶ
1371 495 1489 552 ταῖς
1523 491 1764 563 καρδίαις

1875 495 2044 561 ipsam
2105 493 2277 546 exuit.
2320 490 2680 556 Quamobrem
2727 491 2824 559 qui»
2866 503 3115 544 carneum
3167 504 3428 558 amorem,

192 581 372 653 ἡμῶν.
405 582 565 634 Ὥστε
590 581 618 632 ὁ
640 583 737 651 τὴν
763 580 1022 651 σαρκίνην
1044 581 1266 652 ἀγάπην
1296 583 1648 654 ἀποθέμενος,
1673 585 1766 637 καὶ

194 677 294 744 τὴν
332 675 466 744 πρὸς
497 674 858 748 τάηχρήματα
885 673 1086 742 φιλίαν,
1135 673 1168 744 ἢ
1201 675 1302 747 τὴν
1333 678 1460 746 περ).
1487 677 1552 730 τὸ»
1573 677 1767 746 δύστη-

193 785 285 822 νον
316 765 559 837 δοξάριον
584 763 740 816 τοῦτο
773 765 998 835 πτόησιν
1033 766 1375 820 ἀπόπτυστον
1411 768 1505 821 καὶ
1536 768 1764 820 εὐκατα-

193 860 461 930 φρόνητον
491 858 857 928 ἡγησάμενος,
907 857 1110 931 ῶσπερ,
1140 860 1352 928 ἐσκάφη
1385 860 1476 913 καὶ
1507 859 1765 912 ἀνέπνευ-

194 967 290 1004 σεν
335 951 844 1020 ἀποσκευασάμενος
888 951 949 1005 τὸ
993 952 1218 1022 μάταιον
1249 952 1411 1023 βάρος
1456 951 1546 1004 τοῦ
1579 951 1765 1020 γηίνου

194 1043 557 1111 φρονήματος.
593 1045 684 1094 Δεῖ
714 1044 790 1109 δὲ,
843 1043 982 1097 κατὰ
1018 1045 1107 1096 τὸν
1137 1044 1292 1111 λόγον
1321 1044 1418 1112 τῆς
1451 1043 1764 1114 παροιμίας,

196 1132 334 1202 μηδέ
360 1131 663 1203 ὑλομανεῖν,
693 1133 955 1199 τουτέστι,
994 1134 1068 1203 μὴ
1092 1132 1467 1194 ἐπιδεικτικῶς
1501 1131 1770 1184 πολιτεύε-

192 1224 339 1290 σθαι,
393 1223 522 1294 μηδὲ
580 1225 671 1277 τὸν
718 1225 866 1294 παρά
925 1223 1030 1276 τῶν
1090 1222 1285 1286 ἔξωθεν
1340 1223 1558 1278 ἔπαινον
1601 1223 1769 1294 θηρᾶ-

193 1314 319 1367 σθαι
351 1314 483 1383 (58),
511 1313 620 1367 ἀλλ’
647 1314 921 1382 ἔγκαρπον
962 1307 1121 1376 εἶναι,
1160 1314 1238 1383 τῷ
1266 1314 1503 1384 ἀληθινῷ
1540 1313 1768 1384 γεωργῷ

190 1409 293 1479 τὴν
349 1408 604 1473 ἐπίδειξιν
656 1407 762 1458 τῶν
804 1404 977 1476 ἔργων
1029 1407 1436 1476 ταμιευόμενον.
1483 1407 1552 1458 ΣΞ)
1587 1405 1642 1458 δὲ
1676 1407 1768 1458 καὶ

204 1501 303 1566 Ὧς
338 1501 510 1554 ἐλαία
535 1497 911 1567 κατάκαρπος
940 1497 1048 1552 ἔσο
1074 1499 1143 1551 ἐν
1170 1497 1250 1562 τῷ
1282 1500 1426 1564 οἴκῳ
1451 1497 1557 1554 τοῦ
1598 1496 1763 1558 Θεοῦ,

197 1593 466 1662 μηδέποτε
518 1592 887 1663 γυμνούμενος
934 1591 1034 1661 τῆς
1081 1590 1314 1653 ἐλπίδος,
1353 1590 1467 1644 ἀλλ’
1515 1590 1601 1642 ἀεὶ
1639 1587 1767 1642 θάλ-

192 1685 392 1738 λουσαν
447 1683 584 1756 έχων
640 1684 767 1754 περ).
822 1683 1039 1738 σεαυτὸν
1096 1682 1194 1752 τὴν
1252 1681 1340 1734 διὰ
1383 1681 1617 1743 πίστεως
1668 1697 1769 1731 σω-

189 1776 409 1848 τηρίαν.
472 1775 627 1830 Οὕτω
681 1776 789 1846 γὰρ
847 1776 906 1828 τὸ
972 1773 1214 1836 ἀειθαλὲς
1275 1772 1369 1828 τοῦ
1443 1771 1616 1841 φυτοῦ,
1679 1789 1765 1840 μι-

1870 594 1963 638 aut
2018 600 2173 639 suum
2221 598 2348 654 erga
2385 583 2602 638 divitias
2648 583 2880 636 studium
2919 582 3183 650 deposuit,
3221 590 3312 634 aut
3339 581 3430 650 qui

1870 676 2083 730 miserae
2130 674 2290 742 hujus
2340 673 2578 744 gloriolae
2631 673 2905 728 libidinem
2953 672 3348 740 conspueudam
3380 679 3435 724 et

1869 766 2263 837 aspernabilem
2303 766 2474 831 duxit,
2510 765 2556 820 is
2593 764 2760 818 veluti
2789 763 3033 818 defossus
3066 772 3174 828 est,
3207 777 3291 826 ac,
3326 771 3436 816 ter-

1871 874 2016 913 renae
2053 857 2353 912 aﬂeclionis
2389 857 2536 911 inani
2578 856 2810 927 pondere
2843 870 3088 918 excusso,
3119 854 3428 920 respiravit.

1872 949 2094 1018 Oportet
2128 957 2307 1002 autem
2343 949 2638 1004 secundum
2681 947 2949 1016 proverbii
3007 945 3349 1008 sententiam,
3376 954 3435 997 ut

1871 1058 2044 1111 neque
2086 1043 2459 1104 silvescanius,
2503 1043 2606 1094 hoc
2649 1050 2752 1106 est,
2795 1039 3014 1092 minime
3057 1040 3323 1106 jactanter
3347 1036 3434 1090 de-

1869 1149 2083 1203 gamus,
2119 1148 2295 1202 neque
2335 1134 2401 1185 ab
2441 1132 2682 1185 externis
2716 1145 3041 1199 aucupemur
3074 1130 3305 1194 laudem,
3335 1128 3432 1183 sed

1869 1227 2038 1280 simus
2079 1224 2360 1289 fructuosi,
2407 1239 2641 1293 veroque
2693 1223 2940 1293 agricola:
2971 1222 3262 1289 specimina
3306 1235 3436 1290 ope—

1871 1332 1987 1369 rum
2019 1331 2385 1370 asscrvemus.
2416 1315 2493 1368 Tu
2525 1330 2656 1369 vero
2695 1314 2845 1369 Sieut
2873 1315 3008 1368 oliva
3046 1314 3320 1383 fructifera
3360 1312 3435 1366 eis

1869 1405 1922 1456 in
1949 1405 2101 1457 domo
2126 1403 2223 1457 Dei
2247 1405 2314 1466 ⁷⁵,
2337 1419 2434 1458 nec
2460 1419 2693 1471 unquam
2718 1417 2811 1471 spe
2833 1403 3142 1468 denuderis,
3172 1402 3264 1457 sed
3289 1415 3436 1455 sem~

1869 1512 1964 1565 per
2007 1497 2058 1550 in
2100 1497 2269 1564 teipso
2303 1496 2502 1550 habeas
2546 1494 2789 1548 ﬂoridam
2847 1494 3070 1547 salutem
3111 1507 3207 1561 per
3248 1492 3430 1547 iidem.

1871 1585 1959 1640 Sic
1988 1587 2132 1638 enim
2165 1586 2322 1652 hujus
2356 1584 2552 1653 plantae
2593 1595 2903 1653 perpetuam
2937 1585 3244 1638 imitaturus
3271 1598 3329 1638 es
3356 1582 3436 1636 vi-

1870 1679 2176 1744 riditatem;
2232 1692 2295 1731 ac
2360 1676 2475 1746 ejus
2529 1677 2915 1731 fecunditatem
2984 1675 3343 1738 remulabere,
3388 1674 3434 1728 si

1875 1772 2205 1822 uberrimam
2235 1769 2380 1822 omni
2418 1777 2659 1836 tempore
2688 1769 2918 1837 largiare
2943 1769 3360 1838 eleenmsynam.

195 1870 371 1943 μήσῃ,
409 1871 501 1925 καὶ
537 1872 599 1925 τὸ
643 1871 989 1943 πολύκαρπον
1026 1869 1081 1922 δὲ
1120 1868 1282 1921 αὑτοῦ
1322 1867 1614 1939 ζηλώσεις,
1657 1865 1882 1933 ἄφθονον
1913 1865 2009 1932 τὴν
2034 1865 2400 1935 ἐλεημοσύνην
2430 1868 2488 1921 ἐν
2531 1865 2693 1919 σπάνει)⁴
2725 1863 2900 1936 καιρῷ
2941 1864 3326 1935 παρεχόμενος.

265 1965 321 2022 7.
368 1967 504 2020 Ἀλλ’
527 1967 903 2038 ἐπανέλθωμεν
931 1965 1066 2036 πρὸς
1092 1964 1185 2036 τὴν
1213 1964 1438 2036 ἔρευναν
1461 1964 1568 2015 τῶν
1597 1978 1772 2031 τεχνι-
1803 1967 1845 2022 Β

192 2059 307 2114 κῶν
341 2059 656 2126 διατάξεων.
693 2060 842 2112 Πόσα
873 2059 990 2111 τότε
1027 2059 1155 2129 γένη
1190 2056 1369 2127 φυτῶν
1401 2056 1762 2127 ἐπανέδραμε,

191 2151 263 2206 τὰ
311 2151 410 2220 μὲν
462 2150 731 2221 ἔγκαρπα,
777 2151 843 2202 τὰ
880 2149 935 2202 δέ
981 2148 1237 2220 ἐρέψιμα,
1289 2147 1421 2200 ἄλλα
1465 2147 1599 2219 πρὸς
1643 2165 1769 2201 ναυ-

192 2241 404 2311 πηγίαν
437 2242 732 2311 ἐπιτήδεια,
786 2240 918 2294 ἄλλα
972 2239 1106 2309 πρὸς
1155 2237 1373 2291 καῦσινί
1429 2238 1517 2290 Ἑν
1559 2237 1768 2298 τούτοις

193 2331 362 2389 πάλιν
432 2332 647 2404 ποικίλη
716 2332 811 2402 μὲν
865 2333 921 2383 ἐν
989 2331 1200 2402 ἑκάστῳ
1274 2329 1472 2402 δένδρῳ
1561 2330 1594 2399 ὴ
1661 2328 1767 2380 τῶν

194 2423 382 2494 μερῶν
449 2423 611 2477 αὑτοῦ
667 2424 1041 2493 διακόσμησις,
1099 2423 1416 2491 δυσέφικτος
1465 2423 1520 2474 δὲ
1585 2423 1677 2481 καὶ
1733 2425 1766 2494 ὴ

191 2514 475 2584 ὲξεύρεσις
513 2516 612 2586 τῆς
652 2517 880 2570 ἑκάστου
924 2516 1200 2586 ἰδιότητος,
1228 2516 1320 2568 καὶ
1362 2515 1394 2585 ἡ
1437 2514 1637 2589 θεωρία
1666 2515 1767 2584 τῆς

193 2607 334 2678 πρὸς
378 2607 606 2660 ’ἑκαστον
651 2608 757 2660 τῶν
810 2607 1133 2678 ἑτερογενῶν
1188 2607 1466 2678 διαφορᾶς.
1525 2607 1647 2669 Πῶς
1698 2609 1766 2660 τά

194 2699 298 2769 μὲν
324 2699 502 2752 αὐτῶν
537 2699 854 2769 βαθύρριζα,
885 2699 953 2750 τὰ
985 2699 1038 2750 δὲ
1069 2700 1370 2769 ἀκρόρριξα,
1395 2716 1408 2730 ·
1447 2701 1538 2754 καὶ
1568 2700 1634 2752 τὰ
1668 2699 1765 2769 μὲν

189 2789 437 2859 ὁρθοφυῆ
497 2791 588 2844 καὶ
648 2790 1032 2860 μονοστέλεχα,
1088 2789 1155 2842 τὰ
1198 2790 1254 2842 δέ
1306 2790 1620 2861 χαμαίζηλα
1674 2791 1766 2843 καὶ

189 2881 359 2944 εὐθὺς
397 2881 503 2934 ἀπὸ
541 2882 638 2952 τῆς
678 2880 831 2954 ῥίζης
870 2884 949 2946 είς
988 2878 1183 2945 πολλὰς
1222 2881 1476 2951 ἐκφύσεις
1506 2883 1766 2955 διῃρημέ-

190 2992 281 3029 να.
354 2973 476 3038 Πῶς
519 2976 656 3027 ὅσων
711 2975 808 3045 μὲν
837 2975 948 3045 (59)
984 2976 1033 3028 οί
1082 2974 1264 3029 κλάδοι
1312 2977 1616 3046 προμήκεις
1673 2976 1767 3028 ἐπὶ

192 3068 333 3120 πολὺ
379 3067 470 3120 τοῦ
508 3068 666 3138 ἀέρος
705 3069 1086 3138 ἐκτεταμένοι,
1133 3068 1336 3121 τούτων
1374 3069 1466 3122 καὶ
1516 3070 1572 3121 αἱ
1623 3067 1766 3139 ῥίζαι

193 3162 433 3232 βαθεῖαι,
481 3163 572 3214 ἐπὶ
614 3163 858 3217 πλεῖστον
901 3164 958 3215 ἐν
1006 3159 1190 3230 κύκλῳ
1222 3161 1628 3230 διανεμόμεναι,
1656 3154 1766 3213 οἷον

190 3251 479 3320 θεμελίους
508 3252 656 3315 τινάς
687 3251 1076 3322 ἀναλογοῦντας
1110 3251 1186 3322 τῷ
1220 3250 1375 3321 βάρει
1417 3251 1523 3304 τῶν
1562 3253 1764 3305 ἀνωθεν

190 3343 543 3416 ὑποτιθείσης
553 3346 646 3415 τῆς
661 3345 890 3414 φύσεως.
905 3345 1072 3397 Πόσαι
1089 3343 1194 3397 τῶν
1209 3343 1400 3413 φλοιῶν
1413 3345 1468 3395 αἱ
1485 3343 1730 3415 διαφοραί
1749 3348 1760 3397 !

191 3435 277 3486 Τὰ
313 3437 410 3504 μὲν
439 3435 544 3505 γὰρ
577 3436 848 3503 λειόφλοια
872 3435 979 3488 τῶν
1014 3435 1215 3504 φυτῶν,
1261 3435 1326 3488 τὰ
1366 3436 1420 3487 δὲ
1451 3434 1761 3506 ρηξίφλοιαο

191 3527 288 3582 καὶ
325 3526 393 3577 τὰ
429 3525 527 3595 μὲν
555 3527 821 3594 μονόλοπα
855 3526 1052 3587 αὐτῶν,
1074 3525 1143 3579 τὰ
1170 3527 1224 3578 δὲ
1255 3527 1582 3601 πολύπτυχα.
1620 3528 1684 3580 '0
1707 3527 1764 3579 δὲ

193 3617 532 3686 θαυμαστὸν,
575 3618 655 3670 ὅτι
701 3619 792 3672 καὶ
840 3619 939 3690 τῆς
987 3619 1331 3690 ἀνθρωπίνης
1381 3621 1627 3691 νεότητος
1671 3623 1764 3673 καὶ

190 3707 290 3764 τοῦ
315 3709 502 3781 γήρως
531 3709 708 3782 εὕροις
733 3712 798 3768 ἂν
829 3715 919 3766 καὶ
948 3715 1004 3767 ἐν
1048 3716 1159 3778 τοῖς
1196 3715 1375 3783 φυτοῖς
1412 3713 1765 3784 παραπλήσια

190 3801 262 3854 τὰ
298 3801 697 3872 συμπτώματα.
748 3805 869 3866 Τοῖς
917 3805 1014 3875 μὲν
1046 3806 1153 3879 γάρ
1187 3806 1326 3870 νέοις
1358 3807 1450 3859 καὶ
1483 3804 1765 3859 εύθαλέσιν

187 3895 439 3963 ὁ,φλοιὸς
471 3895 814 3966 περιτέταται
839 3895 981 3963 (60)°
1023 3901 1133 3960 τοῖς
1175 3898 1229 3950 δὲ
1259 3901 1622 3969 γηράπουσιν
1654 3893 1764 3951 οἷον

194 3985 492 4054 ῥυσσοῦται
533 3988 624 4040 καὶ
671 3987 1075 4056 ἐκτραχύνεται.
1112 3992 1220 4042 Καὶ
1261 3991 1329 4043 τὰ
1389 3990 1486 4061 μὲν
1530 3991 1764 4043 κοπέντα

193 4073 579 4127 ἑπιὸλαστάνει
600 4095 612 4105 ·
644 4078 720 4135 τά
736 4078 789 4131 δὲ
819 4077 964 4147 μένει
992 4077 1260 4148 ἀδιάδοχα,
1292 4080 1478 4151 ὥσπερ
1507 4082 1625 4134 τινὰ
1666 4081 1762 4135 Θά-

192 4185 357 4221 νατον
387 4168 486 4238 τὴν
517 4168 683 4238 τομὴν
715 4170 1092 4241 ὑπομείναντα.
1124 4169 1258 4240 Ἴῐδη
1285 4173 1338 4224 δέ
1360 4191 1504 4236 τινες
1529 4176 1762 4245 τετηρή-

195 4278 357 4314 κασιν
408 4260 802 4330 ἐκτεμνομένας
851 4263 882 4334 ἢ
923 4263 1016 4318 καὶ
1050 4262 1433 4331 ἐπικαιομένας
1477 4264 1573 4328 τὰς
1608 4266 1764 4328 πίτυς

194 4355 276 4416 είς
310 4354 601 4423 δρυμῶνας
643 4353 1016 4424 μεθίστασθαι.
1053 4357 1185 4410 Τινά
1224 4355 1280 4409 δὲ
1333 4356 1424 4409 καὶ
1451 4357 1547 4428 τὴν
1574 4359 1635 4410 ὲκ
1667 4359 1765 4426 φύ-

197 4460 340 4506 σεως
397 4450 592 4500 κακίαν
648 4446 980 4515 ἐπιμελείαις
1035 4449 1294 4520 γεωργῶν
1353 4448 1764 4520 θεραπευόμενα

195 4536 444 4605 ἔγνωμεν
464 4554 476 4567 ’
513 4533 622 4592 οἷον
651 4540 745 4600 τὰς
776 4538 952 4602 ὀξείας
989 4540 1158 4609 ῥοιὰς,
1190 4540 1280 4593 καὶ
1306 4538 1411 4593 τῶν
1443 4542 1764 4612 ἀμυγδαλῶν

1946 1959 1999 2012 7.
2067 1958 2260 2012 Verum
2313 1961 2380 2013 ad
2434 1960 2754 2014 artificiosas
2811 1959 3175 2014 ordinationes
3216 1955 3433 2027 perqui-

1869 2049 2067 2103 rendas
2147 2050 2452 2104 redeamus.
2530 2048 2670 2115 Quot
2731 2059 2860 2104 tunc
2915 2051 3168 2103 arborum
3236 2061 3435 2116 genera

1867 2158 2163 2208 emersere,
2219 2142 2322 2196 alia
2376 2142 2588 2212 quidem
2631 2141 2929 2211 frugifera,
2984 2142 3090 2195 alia
3133 2154 3262 2193 vero
3309 2154 3438 2191 con-

1868 2235 2139 2288 struendis
2189 2235 2347 2288 tectis
2396 2235 2611 2298 idonea,
2645 2235 2756 2288 hzrc
2783 2233 2849 2287 ad
2895 2233 3238 2288 fabricandas
3273 2244 3438 2285 naves

1867 2333 1989 2390 apta
2019 2361 2034 2387 ,
2066 2322 2153 2376 illa
2191 2323 2256 2377 ad
2294 2325 2682 2378 cremationem
2728 2325 3028 2380 destinata!
3080 2321 3135 2377 In
3184 2323 3266 2377 bis
3319 2337 3433 2376 rur-

1869 2428 1963 2468 sus
1999 2413 2146 2468 varia
2197 2421 2284 2468 est
2325 2415 2558 2482 partium
2598 2417 3018 2486 uniuscujusque
3058 2414 3269 2468 arboris
3321 2413 3439 2466 dis-

1869 2505 2065 2573 positio
2118 2524 2131 2560 :
2185 2506 2516 2573 singularum
2568 2519 2748 2564 autem
2813 2510 3066 2564 arborum
3130 2506 3438 2577 proprietas

1867 2596 1954 2653 vix
2005 2597 2306 2663 invenitur;
2343 2607 2398 2652 et
2435 2614 2620 2653 earum
2664 2615 2782 2669 quze
2809 2600 3006 2653 diversi
3040 2599 3252 2669 generis
3284 2609 3433 2661 sunt,

1867 2685 2158 2741 discrimen
2201 2690 2287 2743 vix
2343 2690 2812 2746 animadvertitur.
2858 2690 3138 2753 Quomodo
3186 2691 3302 2744 alia;
3345 2707 3435 2742 ar-

1867 2778 2028 2833 bores
2078 2779 2129 2832 in
2181 2780 2500 2848 profundum
2560 2792 2719 2852 agant
2769 2785 3000 2850 radices,
3051 2785 3168 2838 alia:
3217 2786 3432 2837 easdem

1869 2869 1921 2926 in
1952 2873 2235 2942 superﬁcie
2268 2874 2529 2929 habeant:
2562 2877 2644 2930 hae
2692 2886 2851 2930 rectae
2883 2887 3189 2945 assurgunt,
3220 2877 3434 2939 sintque

1870 2965 2194 3033 unistirpes,
2241 2967 2346 3021 illae
2391 2966 2764 3035 deprimantur
2804 2966 2990 3030 humi,
3042 2973 3201 3035 atque
3247 2966 3431 3019 statim

1870 3071 1898 3108 a
1943 3059 2127 3112 radice
2173 3058 2226 3111 in
2264 3059 2444 3125 plures
2491 3061 2742 3114 caudices
2784 3059 3108 3114 dividantur.
3157 3057 3432 3125 Quomodo

1867 3161 2095 3214 quarum
2130 3147 2263 3200 rami
2296 3148 2490 3214 prolixi
2528 3157 2685 3212 sunt,
2731 3163 2793 3202 ac
2838 3150 2889 3201 in
2923 3164 3103 3203 aerem
3137 3147 3290 3202 valde
3331 3161 3429 3200 ex-

1869 3235 2249 3305 passi,harum
2299 3237 2463 3290 etiam
2500 3238 2777 3307 profunda:
2809 3238 2918 3292 sint
2965 3239 3194 3302 radices,
3239 3246 3295 3290 et
3344 3236 3424 3288 la-

1871 3329 2076 3384 tissime
2105 3328 2162 3382 in.
2190 3328 2374 3382 orbem
2419 3330 2719 3384 distributa:
2747 3347 2760 3383 :
2792 3330 3013 3398 perinde
3045 3330 3195 3397 quasi
3239 3329 3427 3384 fundu-

1868 3429 2045 3472 menta
2083 3420 2325 3488 quaedam
2371 3421 2522 3473 oneri
2559 3421 2984 3490 impendentium
3028 3421 3432 3476 accommodata

1866 3509 2185 3579 subjecisset
2226 3521 2437 3566 natura.
2465 3513 2605 3577 Quot
2632 3514 2893 3567 corticum
2925 3521 3051 3568 sunt.
3080 3513 3425 3566 diserimiua!

1868 3600 2000 3658 Nam
2032 3601 2153 3657 aliis
2191 3602 2474 3658 arboribus
2513 3603 2667 3668 levis,
2714 3605 2834 3659 aliis
2871 3606 3061 3661 scaber
3090 3615 3172 3660 est
3204 3615 3427 3659 cortex:

1867 3693 1984 3748 alia:
2032 3693 2210 3761 unico,
2259 3693 2373 3748 alite
2418 3695 2697 3762 multiplici
2733 3707 2981 3765 teguntur
3011 3697 3234 3750 cortice.
3279 3693 3429 3761 Quod

1867 3801 1992 3840 vero
2031 3785 2330 3840 mirandum
2367 3797 2483 3850 est,
2525 3801 2588 3840 ea
2625 3801 2741 3856 quae
2793 3787 2987 3855 plantis
3038 3787 3322 3852 accidunt,
3369 3803 3429 3840 ea

1866 3879 2166 3948 comperias
2207 3879 2364 3933 modo
2409 3880 2550 3934 haud
2595 3880 2795 3949 dispari
2835 3880 3106 3949 juventuti
3152 3879 3427 3932 hominum

1866 4005 1928 4044 ac
1961 3990 2222 4045 senectuti
2269 3991 2538 4045 accidere.
2588 3992 2872 4046 Enimvero
2904 3993 3129 4048 novellis
3157 4009 3219 4048 ac
3247 3993 3428 4064 vigen-

1869 4081 2007 4135 tibus
2061 4090 2253 4135 cortex
2308 4082 2511 4136 circum
2573 4084 2926 4139 extenditur:
2975 4086 3062 4140 ubi
3116 4087 3428 4150 senuerint,

1866 4175 2018 4242 quasi
2072 4189 2298 4245 rugosus
2343 4185 2397 4229 et
2429 4190 2587 4243 asper
2626 4179 2824 4232 evadit.
2875 4178 2941 4230 Et
2967 4176 3086 4230 aliae
3121 4179 3429 4247 germinant

1865 4261 1991 4318 licet
2014 4264 2196 4319 incisa:
2224 4283 2238 4318 :
2269 4265 2387 4319 alize
2417 4277 2593 4321 autem
2625 4269 2758 4320 citra
2792 4269 3189 4323 successionem
3222 4279 3275 4326 et
3312 4285 3431 4340 pro-

1866 4357 2115 4426 paginem
2174 4367 2484 4424 remanent,
2529 4373 2790 4412 casuram
2827 4361 3050 4429 perinde
3102 4370 3159 4415 ut
3200 4372 3427 4418 mortem

1867 4448 2155 4516 quamdam
2205 4464 2489 4517 perpessae.
2532 4447 2647 4503 Jam
2695 4465 2822 4505 vero
2861 4452 3117 4517 succisas,
3151 4463 3243 4506 aut
3269 4456 3427 4509 etiam

1865 4539 2172 4593 combustas
2215 4541 2371 4607 pinus
2401 4541 2618 4608 quidam
2670 4541 3028 4596 observarunt
3074 4545 3124 4597 in
3176 4557 3427 4612 querceta

197 4628 298 4692 τὰς
330 4630 678 4701 πικροτέρας,
713 4632 836 4683 ὅταν
865 4629 1232 4702 διατρηθεῖσαι
1273 4631 1332 4684 τὸ
1380 4632 1515 4703 πρὸς
1542 4637 1606 4704 τῇ
1641 4635 1765 4708 ῥίζῃ

1873 4633 2025 4684 verti.
2071 4630 2240 4685 Porro
2281 4635 2547 4688 naturalia
2602 4636 2958 4703 quarumdam
2997 4637 3250 4688 arborum
3298 4635 3426 4689 vitia

199 4720 452 4791 στέλεχος
474 4723 649 4790 σφῆνα
683 4723 888 4793 πεύκης
919 4721 1025 4792 (61)
1069 4724 1291 4796 λιπαρὸν
1328 4723 1426 4793 τῆς
1450 4726 1767 4799 ἐντεριώνης

199 4817 378 4886 μέσης
406 4811 714 4867 διελαθέντα
741 4814 1013 4879 δέξωνται,
1043 4818 1122 4878 είς
1146 4816 1469 4886 εὐχρηστίαν
1497 4819 1764 4888 μεταϐάλ-

195 4907 351 4958 λουσι
383 4903 502 4955 τότε
532 4905 622 4956 τοῦ
656 4904 827 4974 χυμοῦ
862 4904 958 4973 τὴν
989 4902 1320 4975 δυσχέρειαν.
1349 4906 1554 4976 Μηδεὶς
1583 4905 1673 4960 οὖν
1707 4910 1763 4960 ἐν

196 4998 368 5067 κακίᾳ
391 4995 611 5062 διάγων,
643 4997 830 5049 ἑαυτὸν
860 4999 1298 5063 ἁπογινωσκέτω,
1325 5000 1476 5064 εἰδὼς
1502 5003 1580 5054 ὅτι
1601 5021 1766 5072 γεωρ-

195 5089 289 5154 γία
311 5087 421 5156 (62)
446 5088 541 5158 μὲν
556 5087 653 5150 τὰς
675 5089 778 5141 τῶν
801 5088 978 5156 φυτῶν
997 5089 1280 5160 ποιότητας
1299 5095 1639 5162 μεταϐάλλει,
1657 5099 1687 5167 ἡ
1707 5097 1763 5149 δὲ

304 5249 353 5279 ⁷⁸
376 5246 520 5300 Psal.
549 5263 623 5310 ι.ι,
653 5247 734 5300 10.

407 5385 558 5470 Qu“).
583 5392 852 5448 secundus
879 5394 1097 5450 ἔπαινον
1126 5395 1376 5470 θηράσαι.

167 5521 237 5537 m
271 5457 382 5537 ($9)
426 5458 498 5511 Ita
549 5469 779 5537 quatuor
821 5481 950 5521 mss.
997 5470 1152 5521 Deest
1179 5457 1284 5537 ’μέν
1331 5472 1384 5526 in
1425 5472 1583 5527 editis
1616 5481 1670 5526 et
1710 5474 1760 5527 in

200 5525 351 5579 Coll).
366 5525 640 5583 secundo.

422 5601 495 5682 ita
520 5613 613 5653 sex
640 5618 765 5657 mss.
788 5602 926 5682 Edjti
952 5609 1339 5682 παρατέταται,
1364 5629 1466 5666 non
1494 5615 1559 5665 ita
1597 5624 1760 5667 recte.

295 5669 381 5751 (ii)
413 5671 610 5751 :Otar
758 5673 962 5751 σμῆνα
990 5669 1237 5751 πεύκης,
1264 5669 1368 5737 etc.
1409 5683 1557 5736 Hunc
1589 5683 1760 5737 locum

202 5740 539 5814 pauioaliter
563 5740 1280 5814 exprimitAmbrosius'l’ib.
1317 5766 1372 5805 ιιι
1405 5753 1454 5804 iu
1485 5754 1760 5814 "amem,

201 5825 312 5881 cap.
347 5811 428 5880 15,
471 5828 624 5867 nuru.
655 5813 761 5867 56:
805 5821 1106 5886 Amygdalis
1153 5839 1383 5892 quoque,
1429 5825 1629 5893 inquit,
1667 5811 1761 5877 huc

1873 4723 2230 4793 agricolarum
2263 4727 2540 4797 diligentia
2586 4729 2763 4783 curari
2814 4729 3094 4795 novimus;
3128 4728 3425 4798 cuiusmodi

1866 4824 1994 4869 sunt
2023 4818 2147 4872 mali
2184 4820 2391 4886 punica:
2433 4820 2620 4885 acidae,
2667 4830 2719 4874 et
2766 4822 3061 4891 amygdala:
3103 4826 3424 4887 amariores.

1864 4924 2004 4977 quae,
2050 4911 2136 4964 ubi
2200 4913 2476 4979 perforato
2521 4916 2586 4967 ad
2651 4914 2885 4968 radicem
2936 4926 3130 4970 trunco
3177 4918 3425 4987 pinguem

1865 5002 2029 5070 picea:
2089 5019 2316 5058 cuneum
2377 5020 2471 5073 per
2534 5007 2764 5061 mediam
2829 5009 3117 5063 medullam
3179 5010 3424 5064 adactum

1867 5097 2231 5166 susceperint,
2280 5108 2407 5154 tunc
2437 5101 2578 5156 succi
2611 5099 2718 5171 47
2743 5104 3090 5158 acerbitatem
3137 5104 3189 5157 in
3230 5105 3427 5158 bonum

1871 5424 2053 5480 genere
2100 5410 2351 5463 medicari
2408 5411 2665 5478 feruntur
2693 5410 2938 5480 agricola:
2959 5449 2976 5480 ,γ
3021 5416 3076 5460 ut
3124 5424 3186 5462 ea:
3232 5413 3428 5464 amaris

1863 5479 2038 5531 dulces
2069 5481 2198 5546 [iant
2224 5481 2449 5547 fructus,
2479 5490 2536 5532 ut
2570 5493 2615 5534 et
2648 5479 2897 5535 terebrent
2930 5479 3045 5547 ejus
3076 5481 3306 5533 radicem
3335 5498 3429 5533 ar-

1864 5550 2020 5609 boris,
2051 5560 2095 5600 et
2135 5551 2188 5601 in
2218 5553 2442 5601 medium
2483 5553 2712 5604 inserant
2747 5549 3014 5603 surculum
3050 5551 3161 5617 ejus
3199 5551 3422 5613 arboris,

1860 5633 2015 5684 quam
2045 5617 2213 5670 Gra'ci
2243 5620 2468 5688 πεύκην,
2503 5638 2594 5673 nos
2631 5625 2828 5688 piceam
2859 5620 3082 5675 dicimus
3108 5633 3126 5671 :
3155 5635 3254 5690 quo
3286 5622 3426 5689 [acto

1861 5690 2000 5738 succi
2031 5690 2327 5743 amaritudo
2358 5694 2649 5754 deponitur.

1936 5757 2046 5829 (62)
2087 5756 2221 5828 Reg.
2254 5760 2492 5831 quintus,
2520 5764 2546 5815 ὁ
2571 5762 2832 5833 γεωργός,
2869 5769 3117 5832 agricota.
