4092 6318
160 378 258 433 113

1286 376 1573 433 ﬂOMlLlA
1622 377 1664 431 ν
1705 376 1771 431 IN
1814 376 2311 432 HEXAEMERON.

3305 373 3405 430 ιιι

151 497 475 568 άραιότητος
536 494 771 565 δαψιλῶς
826 494 1158 565 ὑποδέχηται
1187 511 1200 557 ;
1233 496 1400 548 Οὐδὲν
1454 495 1730 549 ἀναίτιονο

1839 509 2021 557 causa,
2047 496 2177 548 nihil
2208 505 2408 549 temere
2435 494 2629 548 factum
2663 508 2746 551 est
2773 514 2787 549 :
2817 498 3001 551 omnia
3037 497 3104 550 ab
3144 492 3406 554 inclfawli

151 589 304 643 οὐδὲν
365 588 474 643 ἀπὸ
533 587 873 659 ταυτομάτου
903 606 917 619 -
975 588 1152 640 πάντα
1197 586 1309 657 ἔχει
1366 586 1489 640 τινά
1539 586 1730 655 σοφίαν

153 682 487 753 ἀπόρρητον.
517 680 611 744 Τίς
643 679 709 733 ἃν
733 679 974 749 ἐφίκοιτο
1007 677 1198 746 λόγος;
1237 679 1364 743 Πῶς
1394 678 1730 751 ἀνθρώπινος

152 773 280 837 νοῦς
307 772 482 826 πάντα
522 773 639 843 μετ’
673 771 958 843 ἀκριϐείας
1006 772 1245 837 ἐπέλθοι,
1289 770 1429 825 ὥστε
1465 772 1560 825 κα)⁵
1600 789 1730 826 κατ-

153 866 283 919 ιδεῖν
311 866 409 929 τάς
451 864 735 935 ἰδιότητας,
779 865 873 916 καὶ⁵
909 863 1007 927 τάς
1051 864 1187 937 πρὸς
1210 864 1438 917 ἕκαστον
1468 863 1729 935 διαφοράς

151 954 397 1027 ἐναργῶς
419 954 708 1024 διακρῖναι,
731 954 825 1006 καὶ
850 952 948 1016 τάς
979 951 1359 1026 κεκρυμμένας
1382 950 1559 1013 αίτίας
1578 951 1730 1003 ἀνεν-

150 1042 288 1105 δεῶς
334 1043 717 1113 παραστῆσαι;
761 1042 856 1095 Ἕν
887 1040 1053 1115 ὕδωρ,
1082 1042 1170 1096 διά
1198 1042 1295 1112 τῆς
1325 1040 1478 1112 ῥίζης
1502 1040 1729 1112 ἑλκόμε-

151 1152 265 1201 νον,
316 1134 491 1198 ἄλλως
538 1134 635 1204 μὲν
668 1131 859 1204 τρέφει
896 1135 995 1205 τὴν
1041 1135 1197 1206 ῥίζαν
1241 1133 1432 1203 αὐτὴν,
1468 1133 1641 1196 ἄλλως
1671 1132 1729 1186 δὲ

150 1228 247 1281 τὸν
292 1228 477 1296 φλοιὸν
515 1224 608 1278 τοῦ
657 1225 960 1296 στελέχους,
1003 1227 1095 1279 καὶ
1124 1225 1297 1288 ἄλλως
1337 1226 1395 1277 τὺ
1436 1224 1609 1289 ξύλον,
1635 1226 1729 1277 καὶ

150 1320 253 1391 τὴν
286 1316 604 1389 ἐντεριώνην
634 1317 856 1389 ἑτέρως.
891 1318 964 1371 Τὸ
995 1317 1124 1371 αὐτὸ
1154 1317 1245 1369 καὶ
1274 1316 1468 1385 φύλλον
1497 1316 1725 1385 γίνεται,

154 1412 250 1465 καὶ
293 1412 372 1473 είς
413 1408 719 1480 ἀκρέμονας
769 1410 863 1463 καὶ
913 1408 1137 1471 κλάδους
1190 1405 1599 1478 κατασχίξεται,
1636 1410 1731 1461 καὶ

152 1505 265 1566 τοῖς
293 1504 523 1573 καρποῖς
556 1502 783 1573 παρέχει
825 1502 924 1572 τὴν
956 1500 1201 1572 αὔξησιν,
1242 1503 1334 1555 καὶ
1363 1501 1596 1572 δάκρυον
1632 1499 1726 1554 τοῦ

154 1594 325 1663 φυτοῦ
355 1593 445 1646 καὶ
468 1594 598 1658 ὀπὸς
624 1596 687 1647 ἐκ
709 1596 808 1665 τῆς
834 1595 1003 1663 αὐτῆς
1029 1594 1205 1657 αἰτίας
1229 1594 1340 1663 (70)
1368 1593 1723 1665 προέρχεται*

154 1682 235 1750 οἷς
254 1686 393 1757 πόση
420 1686 553 1758 πρὸς
578 1686 781 1756 ἄλληλά
798 1690 941 1739 ἐστιν
968 1688 999 1757 ἡ
1026 1685 1277 1756 διαφορὰ,
1294 1685 1469 1747 οὐδεὶς
1489 1684 1554 1738 ἂν
1573 1686 1729 1752 λόγος

152 1778 406 1843 ἐξίκοιτο.
440 1778 601 1831 ’Δλλο
630 1778 739 1851 γὰρ
765 1778 856 1831 τοῦ
885 1778 1065 1849 σχίνου
1087 1777 1149 1829 τὸ
1172 1776 1425 1847 δάκρυον,
1455 1778 1550 1829 καὶ
1570 1776 1727 1839 ἄλλος

151 1840 343 1933 ό-όπὸς
380 1870 471 1924 τοῦ
513 1840 787 1942 βαλσάμου
810 1888 822 1901 ·
868 1840 962 1923 κάλ
997 1840 1449 1940 νάρθηκέςπινες
1497 1868 1589 1921 ἐπὶ
1628 1871 1726 1939 τῆς
1758 1840 1802 1894 Β

151 1962 432 2031 Αἰγύπτου
487 1965 580 2017 καὶ
624 1962 829 2033 Λιϐύης
882 1963 1067 2031 ἓτερον
1122 1959 1270 2013 ὀπῶν
1315 1960 1471 2029 γένος
1527 1960 1729 2013 ἀποδα-

152 2051 403 2125 κρύουσι.
426 2055 594 2123 Λόγος
615 2055 671 2108 δέ
693 2056 775 2116 τίς
802 2055 915 2106 ἐστι
942 2053 1037 2106 καὶ
1060 2052 1121 2105 τὸ
1148 2053 1411 2126 ἧλεκτρον
1436 2054 1567 2107 ὀπὸν
1591 2050 1729 2107 εἶναι

153 2143 338 2213 φυτῶν
366 2145 446 2207 εἰς
470 2143 617 2196 λίθου
645 2141 805 2210 φύσιν
847 2141 1321 2214 άποπηγνύμενον.
1355 2145 1638 2216 Μαρτυρεῖ
1673 2144 1729 2198 δέ

153 2232 232 2302 τῷ
265 2234 411 2302 λόγῳ
444 2232 512 2285 τά
558 2234 931 2303 ἐμφαινόμενα
968 2234 1148 2307 κάρφη
1183 2236 1277 2289 καὶ¹
1314 2236 1382 2289 τὰ
1431 2235 1732 2291 λεπτότατα

150 2324 261 2376 τῶν
310 2310 485 2389 ζώων,
532 2324 697 2397 άπερ,
746 2324 953 2379 ἁπαλοῦ
996 2326 1148 2390 ὄντος
1200 2325 1293 2380 τοῦ
1337 2327 1490 2390 ὀποῦ,
1532 2329 1729 2381 ἐναπο-

153 2415 429 2486 ληφθέντα
454 2417 759 2487 κατέχεται.
783 2420 890 2472 Καὶ
931 2418 1065 2482 ὅλως
1096 2418 1194 2488 τὴν
1220 2417 1359 2471 κατά
1396 2417 1494 2482 τάς
1516 2419 1735 2490 ποιότη-

152 2526 253 2572 τας
285 2507 396 2563 τῶν
430 2511 576 2563 ὀπῶν
605 2510 865 2581 διαφορὰν
895 2512 921 2562 ό
947 2510 1020 2581 μὴ
1046 2513 1111 2580 τῇ
1143 2509 1307 2582 πείρᾳ
1328 2510 1595 2581 διδαχθεὶς
1617 2512 1736 2565 ούδ-

154 2602 251 2655 ένα
298 2601 456 2670 λόγον
488 2602 709 2673 εὑρήσει
753 2602 849 2672 τὴν
891 2602 1170 2673 ἐνέργειαν
1203 2601 1572 2672 παριστῶντα.
1610 2602 1735 2668 Πῶς

155 2693 322 2748 πάλιν
352 2694 458 2746 ἀπὸ
494 2694 592 2765 τῆς
618 2692 788 2763 αὐτῆς
812 2693 1013 2757 νοτίδος
1040 2696 1096 2747 ἐν
1124 2694 1221 2765 μὲν
1256 2697 1320 2765 τῇ
1348 2694 1573 2765 ἀμπέλῳ
1595 2690 1735 2757 οἶνος

156 2786 492 2851 συνίσταται,
526 2788 582 2839 ἐν
630 2785 686 2841 δὲ
722 2789 790 2858 τῇ
826 2786 982 2858 ἐλαίᾳ
1005 2787 1065 2841 τὸ
1092 2786 1297 2853 ἔλαιον;
1343 2788 1453 2841 Καὶ
1483 2787 1543 2840 ού
1578 2785 1736 2841 τοῦτο

158 2878 322 2948 μόνον
373 2877 704 2949 θαυμαστὸν,
744 2879 859 2939 πῶς
901 2872 1002 2933 ὦδε
1048 2880 1147 2949 μὲν
1191 2880 1249 2933 τὸ
1294 2880 1457 2950 ὑγρὸν
1499 2879 1738 2949 ἀπεγλυ-

155 2967 355 3037 κάνθη,
398 2971 512 3021 ἐκεῖ
549 2969 605 3021 δέ
646 2969 872 3040 λιπαρὸν
898 2969 1138 3037 γέγονεν,
1169 2968 1282 3019 ἀλλ’
1314 2969 1394 3021 ὅτι
1429 2970 1520 3022 καὶ
1548 2969 1605 3022 ἐν
1626 2972 1737 3033 τοῖς

156 3060 383 3130 γλυκέσι
411 3062 642 3131 καρποῖς
671 3059 1000 3131 ἀμύθητοςή
1030 3059 1351 3132 παραλλαγὴ
1392 3063 1490 3130 τῆς
1523 3060 1738 3132 ποιότη-

1830 587 2065 655 quadam
2112 585 2376 654 sapientia
2435 585 2869 654 proﬁciscuntur.
2915 587 3172 653 Quanam
3222 592 3399 644 oratio

1829 679 2001 749 possit
2030 678 2209 733 omnia
2240 677 2493 746 assequi?
2519 676 2797 743 Quomodo
2822 678 2999 731 omnia
3030 691 3285 734 accurate
3314 695 3392 734 re-

1829 785 2052 825 censere
2080 768 2251 838 possit
2290 783 2441 823 mens
2477 767 2733 830 humana,
2771 770 2904 823 adeo
2935 778 2993 822 ut
3034 771 3396 839 proprietates

1830 871 2141 930 cognoscat,
2186 868 2439 915 secernat
2486 858 2630 912 clare
2664 859 2995 928 singulorum
3043 860 3392 929 differentias,

1828 962 1884 1005 et
1926 952 2165 1005 occultas
2204 965 2394 1005 causas
2434 960 2585 1003 certo
2629 948 2904 1018 proferat?
2946 951 3067 1006 Una
3112 967 3251 1021 aqua
3300 968 3396 1022 per

1830 1044 2066 1099 radicem
2093 1052 2344 1109 attracta,
2374 1043 2531 1098 aliter
2560 1045 2725 1097 nutrit
2755 1044 2923 1111 ipsam
2952 1042 3214 1105 radicem,
3239 1044 3397 1098 aliter

1829 1140 2005 1195 trunci
2060 1139 2339 1203 corticem,
2389 1139 2546 1193 aliter
2600 1139 2843 1209 lignum,
2898 1138 3052 1193 aliter
3087 1138 3395 1192 medullam.

1830 1232 2027 1287 Eadem
2052 1242 2106 1286 et
2136 1231 2322 1286 folium
2362 1232 2442 1297 ﬁt,
2479 1241 2533 1284 et
2580 1233 2633 1286 in
2676 1232 2912 1300 majores
2955 1247 3016 1287 ac
3063 1230 3118 1285 in
3158 1233 3397 1286 minores

1830 1340 2010 1379 ramos
2040 1324 2386 1387 discinditur,
2414 1323 2527 1397 53
2554 1334 2610 1380 et
2643 1335 2863 1393 praestat
2922 1325 3190 1379 fructibus
3222 1324 3397 1379 incre-

1830 1427 2112 1471 mentum:
2147 1419 2400 1488 lacrymz
2437 1419 2600 1470 etiam
2645 1427 2699 1471 et
2734 1432 2927 1472 succus
2970 1416 3167 1487 plantte
3195 1431 3263 1471 ex
3307 1430 3399 1470 ea-

1829 1507 1948 1560 dem
1977 1520 2138 1559 causa
2171 1506 2494 1574 proveniunt
2523 1522 2537 1559 :
2569 1520 2689 1574 quae
2732 1514 2991 1576 quantum
3023 1504 3166 1560 inter
3195 1518 3254 1559 se
3291 1506 3397 1559 dif-

1830 1598 2023 1661 ferant,
2057 1596 2235 1650 nullus
2260 1612 2445 1651 sermo
2468 1596 2739 1665 explicare
2774 1597 2961 1665 possit.
2992 1596 3111 1650 Alia
3140 1604 3221 1650 est
3251 1596 3393 1650 enim

1830 1689 2038 1743 lentisci
2086 1688 2349 1759 lacryma,
2391 1688 2533 1743 alius
2582 1688 2806 1742 balsami
2860 1702 3057 1742 succus
3101 1689 3393 1756 :qutedam

1829 1782 1992 1833 etiam
2036 1779 2221 1833 ferula:
2261 1778 2314 1833 in
2342 1777 2575 1848 Egypto
2617 1786 2672 1833 et
2704 1778 2756 1831 in
2802 1777 2970 1849 Libya
3017 1777 3222 1831 stillant
3255 1777 3398 1831 aliud

1829 1884 2114 1923 succorum
2152 1884 2340 1939 genus.
2386 1867 2591 1922 Ferunt
2630 1884 2840 1938 quoque
2867 1870 3151 1931 electrum,
3176 1882 3397 1921 succum

1829 1975 1951 2014 esse
2002 1959 2325 2029 plantarum,
2371 1958 2424 2012 in
2491 1959 2685 2027 lapidis
2736 1970 2983 2013 naturam
3052 1967 3393 2014 concretum.

1831 2052 2001 2109 Porro
2036 2051 2306 2121 opinionis
2335 2048 2494 2117 bujus
2528 2052 2893 2106 testimonium
2923 2062 3047 2105 sunt
3077 2050 3296 2105 festuca:
3338 2052 3392 2103 in

1832 2147 1952 2215 ipso
1990 2154 2327 2212 apparentes,
2361 2157 2424 2196 ac
2456 2141 2690 2195 bestiolae
2724 2143 3072 2208 tenuissimas,
3100 2157 3241 2212 quae,
3273 2156 3400 2212 pro.

1830 2250 2015 2306 pterea
2052 2237 2195 2305 quod
2238 2237 2289 2289 in
2335 2245 2521 2289 tenero
2555 2250 2619 2289 ac
2653 2234 2796 2289 molli
2834 2250 2995 2290 succo
3023 2237 3395 2299 consederint,

1832 2330 2140 2386 detinentur
2178 2327 2419 2382 inclusae.
2460 2328 2526 2381 Et
2556 2329 2608 2382 in
2641 2343 2875 2391 summa,
2907 2327 2999 2397 qui
3036 2344 3140 2382 non
3182 2330 3400 2396 experi-

1831 2433 2015 2479 mento
2058 2423 2284 2478 edoctus
2331 2432 2445 2487 est,
2492 2429 2752 2489 quantum
2801 2420 2943 2473 inter
2986 2436 3045 2475 se
3093 2421 3402 2489 discrepent

1838 2532 2128 2574 succorum
2184 2514 2503 2586 qualitates,
2548 2512 2595 2567 is
2642 2512 2707 2566 ad
2744 2526 2929 2566 eorum
2975 2514 3079 2566 vim
3121 2521 3175 2567 et
3216 2511 3400 2567 edica-

1834 2611 1972 2663 ciam
2018 2608 2395 2677 explicandam
2448 2605 2652 2660 nnllum
2706 2615 3018 2674 reperturus
3061 2617 3144 2659 est
3189 2620 3403 2660 sermo-

1834 2715 1978 2755 nem.
2021 2698 2303 2765 Quomodo
2341 2698 2535 2751 iterum
2580 2699 2648 2751 ab
2704 2697 2893 2751 eodem
2936 2696 3161 2753 humore
3200 2698 3253 2751 in
3296 2697 3405 2752 vile

1836 2794 2052 2863 quidem
2098 2792 2279 2844 vinum
2327 2790 2663 2857 producitur,
2712 2790 2763 2842 in
2795 2789 2911 2843 olea
2958 2801 3136 2844 autem
3184 2788 3407 2843 oleum?

1835 2886 2012 2953 Atque
2042 2898 2148 2938 non
2185 2882 2235 2936 id
2266 2880 2436 2934 solum
2486 2880 2790 2934 mirandum
2819 2890 2921 2945 est,
2966 2895 3199 2950 quonam
3246 2889 3405 2948 pacto

1840 2977 2034 3030 humor
2060 2975 2145 3028 hic
2175 2973 2365 3037 dulcis,
2406 2972 2513 3026 illic
2562 2974 2774 3041 pinguis
2813 2973 3084 3026 evaserit:
3120 2971 3214 3027 sed
3260 2974 3402 3041 quod

1836 3067 2001 3120 etiam
2042 3067 2095 3120 in
2144 3066 2391 3119 dulcibus
2432 3063 2699 3118 fructibus
2734 3064 3112 3118 inenarrabilis
3152 3073 3234 3117 est
3268 3078 3404 3132 qua—

155 3171 271 3217 τος.
308 3152 469 3205 ’Λλλο
491 3151 600 3223 γάρ
627 3152 690 3205 τὸ
714 3155 770 3204 ἐν
810 3152 1039 3225 ἀμπέλῳ
1060 3154 1253 3221 γλυκὺ,
1282 3152 1373 3205 καὶ
1409 3152 1536 3206 ἄλλο
1578 3154 1639 3207 τὸ
1679 3155 1737 3207 ἐν

1839 3159 2005 3213 litatis
2045 3157 2416 3211 commutatio.
2458 3158 2576 3210 Alia
2620 3167 2703 3209 cst
2744 3156 2886 3209 enim
2929 3155 2981 3207 in
3020 3158 3125 3208 vite
3158 3154 3403 3218 dulcedo,

161 3246 361 3319 μηλέᾳ,
397 3247 489 3299 καὶ
526 3245 696 3316 σύκῳ,
722 3247 816 3299 καὶ
845 3247 1063 3316 φοίνικι.
1097 3248 1215 3301 Ἔτι
1240 3264 1299 3308 σε
1328 3246 1585 3319 βούλομαι
1608 3248 1736 3319 περὶ

156 3340 261 3409 τὴν
286 3338 528 3402 ἐξέτασιν
552 3338 753 3409 ταύτην
779 3337 1175 3409 φιλοτεχνῆσαι,
1202 3339 1316 3403 πῶς
1349 3340 1406 3393 τὸ
1438 3340 1568 3395 αὐτὸ
1594 3339 1738 3413 ὕδωρ

159 3429 259 3482 νῦν
292 3430 389 3501 μὲν
433 3430 572 3483 λεῖόν
614 3434 729 3484 ἐστι
772 3432 838 3501 τῇ
881 3431 1146 3502 αίσθήσει,
1173 3432 1300 3485 ὃταν
1335 3435 1392 3485 ἐν
1418 3433 1590 3487 τοῖσδέ
1630 3450 1738 3485 τισι

158 3528 276 3587 τοῖς
303 3527 491 3593 φυτοῖς
514 3524 803 3595 γενόμενον
845 3523 1228 3594 ἀπογλυκανθῇ
1253 3542 1267 3554 ·
1315 3526 1410 3578 νῦν
1434 3526 1490 3579 δὲ
1514 3526 1739 3596 πληκτι-

160 3617 261 3671 κόν
292 3620 409 3669 ἐστι
432 3621 529 3688 τῆς
554 3619 811 3686 γεύσεως,
837 3620 966 3672 ὅταν
1005 3618 1071 3673 δι’
1110 3619 1283 3675 ἄλλων
1308 3619 1488 3687 φυτῶν
1526 3619 1741 3690 ἐνεχθὲν

1840 3253 1943 3308 alia
1977 3252 2027 3305 in
2060 3248 2222 3311 malo,
2253 3249 2302 3301 in
2329 3249 2535 3307 lico,ae
2568 3247 2621 3300 in
2661 3247 2859 3315 palma.
2902 3244 3033 3299 Volo
3072 3246 3307 3314 insuper,
3350 3256 3408 3298 nt

1843 3347 1954 3400 haec
1999 3341 2188 3410 majori
2227 3340 2403 3395 studio
2432 3348 2486 3392 et
2532 3347 2649 3392 arte
2698 3336 3098 3404 perscruteris:
3140 3336 3408 3406 quomodo

1842 3453 1978 3507 aqua
2016 3436 2200 3491 eadem
2237 3450 2377 3489 nunc
2408 3432 2589 3490 sensui
2644 3431 2779 3485 lenis
2821 3430 2916 3493 sit,
2943 3443 3063 3483 cum
3096 3429 3149 3483 in
3185 3428 3409 3496 quibus-

1842 3529 1965 3582 dam
2026 3526 2221 3593 plantis
2290 3538 2634 3580 commorans
2694 3518 3015 3576 dulcescit:
3069 3532 3212 3571 nunc
3274 3530 3409 3572 vero

1842 3629 2048 3689 pungat
2105 3629 2349 3687 gustum,
2401 3630 2523 3671 cum
2578 3629 2674 3683 per
2734 3611 2868 3665 alias
2924 3610 3134 3679 plantas
3194 3606 3409 3661 diducta

160 3706 519 3776 ἀποξύνηται.
551 3710 660 3762 Καὶ
693 3710 857 3763 πάλιν
908 3712 989 3772 είς
1032 3710 1130 3780 τὴν
1164 3708 1396 3779 ἐσχάτην
1439 3708 1739 3779 πικρότητα

1845 3710 2066 3766 acescit.
2114 3710 2191 3764 Ac
2262 3723 2447 3762 rursus
2512 3707 2565 3759 in
2620 3714 2919 3758 extremam
2991 3699 3408 3754 amaritudinem

166 3798 505 3871 μεταϐάλλον
538 3802 857 3870 ἐκτραχύνει
881 3803 979 3873 τὴν
1008 3800 1278 3869 αἴσθησιν,
1306 3801 1432 3853 ὅταν
1457 3801 1513 3851 ἐν
1537 3799 1739 3870 ἀψινθῳ

1850 3818 2035 3867 versa,
2071 3816 2288 3857 sensum
2335 3806 2656 3869 exasperat,
2708 3810 2830 3851 cum
2884 3792 2937 3847 in
2992 3791 3267 3845 absinthio
3321 3799 3411 3842 aut

162 3896 197 3967 ἢ
225 3892 561 3964 σκαμμωνία
589 3892 697 3962 (7|)
722 3893 945 3962 γένηται
967 3910 979 3922 '
1010 3894 1099 3947 καὶ
1122 3896 1178 3945 ἐν
1206 3893 1303 3965 μὲν
1344 3894 1463 3954 ταῖς
1494 3890 1739 3960 βαλάνοις

1847 3908 2192 3951 scammonea
2234 3890 2513 3946 insederit.
2542 3886 2847 3955 Quinetiam
2883 3884 2936 3938 in
2984 3881 3290 3953 glandibus,
3322 3891 3413 3933 aut

162 3988 197 4059 ἢ
223 3986 302 4057 τῷ
322 3983 522 4057 καρπῷ
537 3985 633 4055 τῆς
659 3983 915 4055 κρανείας
940 3984 1074 4054 πρὸς
1093 3984 1189 4055 τὴν
1215 3985 1418 4055 στυφὴν
1440 3985 1532 4036 καὶ
1548 3984 1748 4054 αὐστη-

168 4082 274 4151 ράν
300 4078 559 4148 ποιότητα
585 4076 932 4149 μεταϐάλλει·
965 4078 1022 4128 ἐν
1046 4076 1103 4127 δὲ
1144 4079 1266 4139 ταῖς
1289 4076 1619 4149 τερεϐίνθοις
1653 4076 1750 4129 καὶ

166 4176 291 4238 ταῖς
322 4172 550 4244 καρύαις
588 4173 726 4245 πρὸς
764 4168 975 4243 ἁπαλὴν
1000 4170 1094 4222 καὶ
1154 4168 1382 4241 ἐλαιώδη
1415 4170 1575 4239 φύσιν
1615 4169 1752 4240 μεθ-

172 4267 413 4320 ίσταται.

243 4351 297 4405 9.
342 4355 452 4408 Καὶ
494 4355 547 4407 τί
582 4354 664 4407 δεῖ
709 4353 776 4407 τὰ
808 4355 995 4425 πόρρω
1030 4355 1232 4423 λέγειν,
1262 4352 1393 4405 ὅπου
1434 4369 1497 4419 γε
1537 4354 1629 4406 ἐπὶ
1654 4354 1754 4424 τῆς

1851 3988 1903 4041 in
1933 3987 2080 4040 corni
2122 3986 2321 4051 fructu,
2352 3985 2419 4037 ad
2465 3982 2849 4050 astringentem
2891 3989 3250 4044 asperamque
3280 3986 3414 4040 qua-

1853 4081 2053 4133 litatem
2100 4075 2333 4129 transit:
2366 4074 2420 4126 in
2476 4071 2794 4125 tereliintliis
2822 4082 2953 4120 vero
2989 4075 3044 4121 et
3077 4065 3327 4127 nucibus,
3361 4064 3414 4116 in

1854 4183 2089 4225 teneram
2120 4176 2173 4221 et
2201 4166 2435 4220 oleosam
2468 4173 2717 4217 naturam
2759 4167 3169 4215 transmutatur.

1922 4355 1975 4409 9.
2016 4353 2080 4407 Et
2109 4350 2239 4420 quid
2271 4365 2407 4418 opus
2432 4358 2508 4401 est
2541 4344 2728 4417 procul
2758 4343 2943 4397 dissita
2994 4336 3262 4409 proferre,
3294 4349 3418 4390 cum

168 4443 347 4513 αὐτῆς
370 4446 538 4515 συκῆς
564 4446 699 4515 πρὸς
722 4444 819 4508 τάς
849 4446 1241 4509 ἐναντιωτάτας
1267 4442 1578 4515 μεταϐαίνει
1604 4446 1739 4498 ποιό-

1854 4448 1906 4500 in
1966 4446 2153 4499 eadem
2216 4443 2319 4495 licu
2380 4441 2434 4493 in
2487 4438 2773 4506 qualitates
2827 4432 3063 4486 maxime
3120 4429 3422 4484 contrarias

169 4552 381 4608 τηταςς
415 4536 744 4607 Πικρότατον
776 4538 873 4607 μὲν
893 4537 1000 4607 γάρ
1022 4538 1169 4591 ἐστιν
1197 4539 1253 4590 ἐν
1278 4536 1353 4606 τῷ
1385 4535 1521 4605 ὀπῷ,
1552 4534 1739 4602 γλυκύ-

1856 4538 2210 4599 commigret?
2240 4534 2335 4588 Est
2380 4536 2519 4587 enim
2557 4530 2607 4581 in
2658 4541 2819 4580 succo
2861 4524 3197 4579 amarissima
3238 4538 3251 4574 :
3285 4536 3419 4574 con-

170 4646 337 4684 τατον
359 4626 413 4680 δὲ
436 4629 491 4679 ἐν
517 4630 664 4699 αὐτῷ
688 4628 797 4699 (72)
822 4628 899 4699 τῷ
927 4628 1143 4698 καρπῷ.
1185 4628 1293 4681 Καὶ
1322 4627 1414 4679 ἐπὶ
1446 4626 1543 4697 τῆς
1568 4625 1749 4694 ἀμπέ-

172 4721 269 4774 λου
293 4717 730 4773 στυπτικώτατον
771 4721 872 4792 μὲν
896 4721 988 4773 ἐπὶ
1026 4720 1134 4773 τῶν
1158 4720 1497 4791 ἀκρεμόνων,
1534 4716 1749 4787 ἥδιστον

172 4812 235 4865 δὲ
268 4814 327 4865 ὲν
357 4816 467 4877 τοῖς
497 4811 765 4883 βότρυσιν.
790 4815 854 4867 Αἱ
898 4815 953 4868 δὲ
989 4812 1130 4866 κατὰ
1169 4814 1269 4875 τὰς
1306 4813 1469 4882 χρόας
1501 4812 1753 4881 διαφοραὶ

176 4904 381 4957 πόσαιί
416 4904 573 4966 Ἵδοις
600 4902 664 4954 ἂν
697 4906 753 4956 ἐν
792 4904 1014 4974 λειμῶνι
1049 4903 1107 4955 τὸ
1149 4904 1277 4956 αὐτὸ
1318 4903 1461 4975 ὕδωρ
1499 4901 1753 4975 ἐρυθραι-

175 4996 409 5064 νόμενον
438 4995 534 5063 μὲν
565 4996 621 5047 ἐν
661 4996 795 5063 τῷδε
834 4995 910 5065 τῷ
943 4993 1110 5056 ἄνθει,
1144 4994 1238 5044 καὶ
1268 4995 1325 5047 ἐν
1359 4994 1500 5060 ἄλλῳ
1547 5010 1754 5061 πορφυ-

180 5083 311 5154 ροῦν
347 5083 478 5152 (75),
513 5085 603 5137 καὶ
630 5084 826 5137 κυανδν
855 5086 911 5137 ἐν
939 5084 1091 5156 τῷδε,
1125 5082 1218 5135 καὶ
1252 5085 1307 5134 ἐν
1336 5085 1504 5152 ἐτέρῳ
1530 5084 1715 5135 λευκόν
1737 5098 1752 5113 ⁸

180 5174 280 5227 καὶ
313 5173 533 5226 πλείονα
568 5174 726 5227 πάλιν
758 5178 855 5244 τῆς
887 5176 943 5227 ἐν
984 5179 1103 5237 ταῖς
1140 5173 1325 5243 χρόαις
1360 5173 1625 5236 ποικιλίας
1652 5175 1750 5245 τὴν

181 5264 327 5322 κατά
364 5265 458 5326 τὰς
494 5265 662 5337 όὸμάς
706 5265 963 5336 διαφορὰν
1002 5263 1389 5335 παρεχόμενον.
1448 5263 1605 5316 Ἀλλὰ
1645 5265 1753 5335 γὰρ

260 5446 374 5519 (70)
414 5442 548 5513 Reg.
580 5446 769 5519 tertius
802 5446 866 5498 ἐκ
904 5444 1004 5515 τῆς
1031 5444 1286 5515 τοιαύτης
1318 5443 1520 5508 αἰτίας.
1550 5442 1752 5500 Ibidem

184 5516 320 5583 Reg.
351 5516 572 5587 quintus
603 5516 980 5587 προσέρχεται.

260 5584 379 5656 (71)
413 5586 565 5641 Colb.
612 5584 875 5639 secundus
908 5585 940 5654 ἢ
974 5584 1366 5656 ἀσκομμωνίᾳ*
1416 5600 1574 5650 quant
1619 5599 1755 5653 quo-

186 5672 291 5727 que
326 5656 863 5727 lectionem_e_xliibet
891 5656 1103 5720 quidem
1142 5659 1269 5724 lteg.
1301 5664 1514 5727 sentos,
1536 5656 1627 5709 sed
1666 5670 1753 5727 se-

188 5722 378 5783 cundis
404 5728 573 5784 curis.
606 5722 765 5789 Editi,
798 5726 957 5779 Cnisl.
987 5722 1240 5795 uterque,
1273 5734 1328 5779 et
1365 5724 1519 5793 llegii
1563 5725 1751 5778 tertius

190 5808 242 5851 et
295 5798 518 5866 quintus
577 5796 925 5866 σκαμμωνία.
969 5795 1312 5866 scammonia
1382 5805 1604 5866 autem,
1657 5808 1750 5847 seu

198 5864 561 5934 scammonea,
597 5869 761 5921 herba
797 5864 892 5921 est
920 5864 1195 5933 regionum
1233 5865 1746 5930 transmarinarum,

1857 4646 1959 4691 tra,
1984 4629 2290 4681 dulcissima
2318 4635 2401 4679 est
2432 4624 2483 4675 in
2517 4622 2632 4687 ipso
2666 4618 2867 4673 fructu.
2895 4616 2961 4671 Et
2987 4618 3039 4669 in
3070 4616 3201 4677 vite,
3229 4614 3425 4667 astrin-

1856 4724 2164 4796 genttssima
2214 4728 2297 4775 est
2344 4719 2395 4769 in
2438 4715 2633 4778 ramis,
2679 4713 2732 4765 in
2769 4712 2887 4765 uvis
2917 4723 3044 4762 vero
3076 4704 3420 4761 suavissima.

1857 4794 1996 4883 Quot
2023 4824 2202 4867 autem
2232 4806 2545 4863 dill'erentite
2577 4812 2701 4859 sunt
2732 4799 3008 4856 colorum!
3046 4798 3242 4852 Videas
3276 4794 3422 4847 enim

1859 4912 1910 4964 in
1943 4917 2096 4979 prato
2135 4901 2381 4957 eamdem
2410 4912 2601 4967 aquam
2631 4896 2680 4947 in
2710 4895 2812 4948 hoc
2854 4891 3067 4960 quidem
3103 4886 3233 4979 ﬂore
3265 4886 3427 4979 rube-

1859 4972 2119 5053 scc'ntem,
2166 4989 2219 5042 in
2265 4987 2371 5041 alio
2414 4997 2762 5055 purpuream,
2794 4982 2847 5032 in
2892 4981 2991 5030 hoc
3020 4976 3335 5037 caeruleam,
3368 4972 3427 5027 in

1860 5084 1964 5136 alio
2012 5082 2188 5135 albam
2230 5094 2246 5133 :
2284 5090 2443 5145 atque
2492 5076 2687 5127 iterum
2744 5068 3104 5123 diﬂ'crentiam
3163 5063 3422 5134 majorem

1858 5175 2076 5228 exhibet
2112 5174 2163 5227 in
2217 5171 2505 5229 odoribus,
2554 5181 2714 5234 quam
2759 5165 2873 5233 ipsa
2916 5171 2997 5216 est
3042 5158 3279 5213 colormn
3327 5170 3423 5207 va-

1864 5266 2045 5321 rietas.
2078 5263 2182 5318 Sed
2213 5263 2355 5316 enim
2400 5257 2699 5313 orationem
2747 5271 2920 5310 meam
2956 5265 3121 5305 cerno
3162 5252 3230 5304 ob
3274 5247 3427 5301 incs-

1850 5458 1971 5511 qnze
2014 5440 2314 5512 przesertim
2350 5437 2402 5489 in
2430 5435 2558 5512 Asia
2594 5442 2649 5489 et
2680 5432 2732 5512 i_n
2766 5444 2900 5512 agro
2935 5422 3281 5512 .Colopli‘onio
3307 5436 3431 5512 ore:

1849 5492 1987 5577 ἓέίἷ,
2014 5492 2199 5577 litim;
2220 5521 2412 5563 succus
2471 5506 2612 5559 valet
2646 5504 2709 5555 ad
2757 5492 3070 5577 incdtciuas.
3123 5495 3287 5545 Plura
3335 5492 3430 5560 qui

1850 5572 2050 5651 cupiet,
2083 5572 2347 5651 Rnellium
2387 5576 2567 5651 [egere
2606 5572 2818 5651 poterit.

1919 5631 2050 5723 δίὲῖ
2074 5631 2547 5723 I't‘a'editjo‘llfsil.
2580 5631 3184 5723 cbnrcndicepombel'.
3215 5640 3272 5686 et
3301 5646 3427 5685 cum

1849 5708 1968 5777 aliis
2002 5708 2093 5775 sex
2128 5734 2255 5775 mss.
2288 5718 2464 5771 Editio
2499 5714 2671 5769 Paris.
2701 5714 2759 5782 ἐν
2787 5708 2951 5763 αὑτοῦ
2985 5709 3077 5778 τῷ.
3340 5770 3367 5782 _

1920 5792 2032 5861 (Ἱὸ)
2072 5790 2252 5861 Codex
2282 5784 2525 5861 Combel'.
2554 5800 2674 5839 cum
2706 5781 2841 5861 Reg.
2866 5791 3060 5837 octavo
3085 5781 3424 5850 πορφυροῦν.

1850 5850 1988 5916 Εόίιι
2014 5850 2142 5917 ἐυιιι
2177 5859 2309 5928 Reg.
2336 5858 2522 5927 quinto
2557 5850 2848 5923 πορφυρόν.
