4100 6312
651 340 758 398 υἷι

651 566 1012 607 excrescere:
1049 569 1209 623 quam
1258 556 1360 609 nisi
1412 559 1737 629 astrinxero,
1790 583 2221 648 revocaveroque

650 643 716 697 ad
766 645 1060 700 creationis
1123 646 1333 717 legem,
1384 650 1505 706 dies
1564 669 1650 708 me
1698 659 1913 720 deficiet
1977 643 2223 739 magnam

649 738 805 790 vobis
843 738 1164 807 sapientiam
1212 757 1278 796 ex
1333 744 1572 800 minimis
1627 752 1789 808 rebus
1856 759 2222 822 exhibentem.

653 826 923 883 (Inminet
955 839 1097 885 terra
1131 834 1329 902 lignum
1363 835 1719 908 fructiferum,
1760 845 1959 914 faciens
1997 854 2225 922 fructum

651 937 810 988 super
859 933 1072 980 terram.
1128 925 1190 980 Et
1245 927 1425 983 subito
1473 934 1736 990 montium
1801 947 2079 998 cacumina
2131 964 2225 1003 co-

655 1014 856 1068 mantia
907 1017 1330 1085 comparebant,
1375 1028 1428 1074 et
1479 1024 1702 1080 solerter
1756 1034 2229 1094 concinnabantur

652 1105 829 1168 horti.
883 1118 938 1162 et
989 1109 1275 1166 fluviorum
1331 1113 1457 1183 ripa:
1510 1117 1748 1176 infuiitis.
1815 1125 2228 1183 adornabantur

651 1199 957 1270 plantarum
993 1203 1302 1270 generibus.
1322 1207 1499 1277 Atque
1551 1211 1632 1265 ha:
1672 1215 1888 1281 quidem
1949 1220 2016 1273 ad
2069 1235 2229 1276 exor-

654 1292 887 1346 nandam
918 1293 1196 1348 hominum
1231 1312 1470 1351 mensam
1504 1303 1894 1360 ordinabuntur
1921 1327 1935 1362 :
1968 1310 2069 1364 illa
2099 1327 2226 1367 vero

650 1400 718 1436 ex
772 1383 1052 1440 frondibus
1114 1387 1491 1457 fructibusque
1556 1393 1872 1462 alimentum
1942 1403 2226 1469 pecoribus

650 1477 1007 1544 praestabant.
1044 1477 1178 1531 Alia:
1221 1481 1508 1535 conferunt
1548 1483 1704 1540 nobis
1737 1490 2019 1545 medicina:
2053 1495 2230 1547 subsi-

652 1566 765 1631 dia,
795 1581 1008 1630 succos,
1046 1568 1306 1636 liquores,
1346 1569 1612 1640 festucas,
1652 1579 1910 1647 cortices,
1943 1581 2178 1638 fructum
2210 1605 2223 1640 :

650 1667 707 1712 et
738 1673 845 1712 uno
875 1660 1062 1724 verbo,
1087 1677 1420 1733 qumcunqtte
1457 1668 1614 1722 nobis
1647 1669 1854 1726 invenit
1888 1676 2094 1730 diutina
2133 1691 2229 1731 ex-

652 1751 954 1819 perientia,
1004 1754 1130 1808 dum
1177 1753 1288 1827 49
1332 1773 1395 1811 ex
1450 1760 1677 1829 singulis
1723 1766 1939 1820 casibus
1982 1768 2033 1822 id
2082 1769 2227 1838 quod

1994 358 2052 417 ε.
2095 361 2342 417 ΒΑδιιιι
2381 363 2596 433 ItAGNl

649 458 849 530 plebile
899 459 998 514 ista
1039 460 1354 532 speculandi
1393 465 1719 527 desiderium
1743 516 1773 542 ,.
1811 477 1946 535 ultra
2006 489 2221 545 modum

2328 493 2437 566 όρῶ
2466 513 2556 565 μοι
2587 497 2677 549 τὸν
2711 496 2823 568 (74)
2851 494 3008 566 λόγον
3035 503 3100 571 τῇ
3134 501 3276 573 ἀπλη

3818 380 3922 437 HG

3285 503 3405 576 στίᾳ
3437 507 3533 578 τῆς
3567 507 3803 577 θεωρίας
3839 515 3922 575 εἰς

2325 587 2596 657 ἀμετρίαν
2630 588 2981 651 ἐκπίπτοντα,
3005 590 3062 643 ὃν
3090 590 3185 644 ἐὰν
3213 595 3286 664 μὴ
3308 595 3473 665 δήσας
3494 599 3627 669 πρὸς
3661 601 3926 671 ἀνάγκην

2325 679 2601 748 ἀπαγάγω
2631 681 2730 751 τῆς
2758 683 3008 749 κτίσεως,
3036 686 3302 756 ἐπιλείψει
3327 705 3393 758 με
3421 693 3453 760 ἡ
3479 692 3660 762 ἡμέρα
3680 692 3784 764 τήν
3823 711 3927 762 μεθ

2325 773 2498 843 γάλην
2523 774 2712 842 σοφίαν
2739 774 2849 843 (75)
2874 777 2937 828 ἐκ
2961 776 3069 830 τῶν
3093 779 3432 849 μικροτάτων
3457 783 3582 849 ὑμῖν
3603 784 3931 854 παριστῶν-

2326 880 2414 918 τα.
2453 865 2862 933 Βλαστησάτω
2908 868 2957 934 ἡ·
2982 868 3057 937 τῆ
3107 868 3298 933 ξύλον
3341 871 3655 941 κάρπιμον,
3689 875 3930 928 ποιοῦν

2328 957 2559 1026 καρπὸν
2590 959 2696 1012 ἐπὶ
2735 958 2844 1027 τῆς
2874 959 3006 1028 τῆς.
3041 963 3152 1018 Καὶ
3203 962 3366 1026 εὐθὺς
3415 967 3468 1016 al
3516 969 3746 1036 κορυφαὶ
3800 968 3926 1019 τῶν

2329 1051 2496 1123 ὀρέων
2530 1053 2742 1123 ἐκόμων
2765 1071 2784 1084 ι
2814 1054 2908 1107 καὶ
2958 1053 3392 1129 ἐφιλοτεχνοῦντο
3435 1059 3777 1129 παράδεισοι,
3820 1063 3927 1113 καὶ

2331 1146 2589 1214 ποταμῶν
2642 1146 2798 1216 ὄχθαι
2857 1147 3069 1218 μυρίοις
3122 1148 3301 1216 γένεσι
3354 1150 3532 1219 φυτῶν
3589 1149 3920 1221 ὡραῖζοντο.

2331 1233 2441 1285 Καὶ
2472 1234 2540 1286 τὰ
2576 1235 2670 1303 μὲν
2700 1237 2797 1306 τὴν
2832 1237 3174 1308 ἀνθρωπίνην
3207 1237 3534 1308 ηὐτρέπιστο
3555 1241 3929 1310 ,κατακοσμῆο

2334 1344 2421 1382 σαι
2443 1327 2747 1398 τράπεζαν·
2771 1329 2837 1385 τὰ
2856 1331 2910 1383 δὲ
2934 1330 3241 1403 βοσκήμασι
3271 1331 3473 1403 τροφὴν
3497 1333 3924 1403 παρεσκεύαζεν

2331 1437 2394 1472 εκ
2427 1420 2534 1473 τῶν
2570 1420 2802 1487 φύλλων,
2853 1422 2915 1472 ἐκ
2946 1422 3052 1476 τῶν
3087 1424 3333 1493 καρπῶν,
3375 1424 3541 1478 Ἀλλα
3578 1425 3676 1489 τὰς
3711 1427 3774 1479 ἐκ
3809 1427 3925 1495 τῆς

2334 1513 2578 1583 ἰατρικῆς
2603 1511 2865 1580 ὡφελείας
2892 1513 3020 1583 ἡμῖν
3045 1513 3322 1583 προεξένει
3341 1531 3352 1545 ·
3382 1518 3506 1579 τοὺς
3532 1518 3742 1589 χυλοὺς,
3781 1519 3925 1582 τοὺς

2331 1604 2515 1670 όποὺς,
2573 1603 2642 1658 τὰ
2684 1605 2891 1674 κάρφη,
2943 1605 3068 1666 τοὺς
3113 1606 3348 1672 φλοιοὺς,
3403 1610 3496 1663 τὸν
3529 1611 3772 1681 καρπόν·
3815 1612 3925 1663 καὶ

2332 1696 2664 1761 ἁπαξαπλῶς
2695 1697 2793 1749 ὅσα
2825 1699 2955 1766 ἡμῖν
2981 1699 3012 1766 ή
3044 1696 3232 1767 χρονία
3266 1704 3425 1766 πεῖρα
3453 1699 3687 1772 ἐξεῦρεν,
3706 1706 3769 1758 ἐκ
3800 1702 3924 1754 τῶν

2331 1790 2471 1842 κατά
2505 1790 2670 1860 μέρος
2702 1787 3091 1861 περιπτώσεων
3123 1789 3488 1860 συλλεγομένη
3527 1793 3585 1843 τὸ
3613 1796 3919 1864 χρήσιμον,

652 1842 785 1896 utile
812 1852 893 1896 est
936 1843 1169 1912 colligit;
1210 1849 1322 1902 haec
1362 1849 1541 1903 omnia
1591 1854 1876 1921 perspicax
1913 1856 2224 1915 Conditoris

2328 1842 2560 1951 ταῦτέή
2582 1842 2734 1946 δξεῖα
2762 1842 2854 1935 τοῦ
2887 1881 3172 1946 κτίσαντος
3203 1842 3311 1951 (76)
3354 1842 3922 1955 ⁵πρόνοιαίῖξ.ἀρχῆς

653 1931 1023 1999 providentia,
1070 1935 1138 1988 ab
1191 1936 1343 1990 initio
1380 1952 1467 1992 res
1528 1944 1897 2010 pr05piciens,
1944 1948 2113 2000 edidit
2160 1964 2222 2002 ac

654 2024 927 2090 produxit.
954 2024 1031 2079 Tu
1062 2041 1192 2080 vero
1217 2043 1339 2081 cum
1373 2030 1572 2085 videris
1601 2033 1900 2102 hortensia,
1932 2038 2227 2105 silvestria,

653 2118 925 2185 aquatica,
961 2121 1265 2186 terrestria,
1309 2119 1550 2178 ﬂorifera
1587 2137 1681 2178 aut
1721 2143 1826 2180 non
1863 2127 2135 2194 florentia,
2175 2130 2226 2184 in

652 2223 822 2280 parvo
857 2225 1106 2278 maguum
1149 2227 1474 2283 agnoscens,
1515 2233 1732 2289 semper
1766 2230 1910 2275 tuam
1964 2223 2133 2291 magis
2165 2239 2228 2278 ac

652 2303 821 2372 magis
879 2304 1126 2360 intendas
1174 2307 1632 2380 admirationem,
1684 2328 1748 2367 ac
1804 2315 1962 2367 velim
2031 2332 2227 2386 augeas

652 2409 893 2449 amorem
945 2397 995 2449 in
1045 2396 1356 2453 Creatorem
1411 2410 1581 2455 tuum.
1650 2403 1925 2470 Expende,
1961 2408 2228 2474 quomodo

651 2487 784 2540 alias
833 2487 1054 2542 arbores
1088 2479 1347 2556 perpetuo
1391 2492 1650 2557 virentes,
1699 2496 1832 2548 alias
1869 2511 2001 2548 vero
2054 2497 2222 2549 nuda-

655 2579 784 2632 tioui
831 2578 1095 2633 obnoxias
1147 2581 1456 2636 condiderit
1501 2600 1513 2635 :
1553 2594 1607 2637 et
1640 2586 1910 2652 quomodo
1953 2586 2092 2639 inter
2134 2602 2228 2641 eas

652 2683 774 2739 qua:
805 2684 1021 2738 semper
1058 2671 1351 2736 virescunt,
1396 2672 1515 2726 aliae
1554 2675 1803 2729 amittant
1838 2676 2074 2741 frondes,
2112 2678 2230 2732 alia:

653 2775 870 2830 semper
927 2762 1072 2832 ipsas
1130 2775 1368 2818 servent.
1425 2764 1719 2820 Enimvero
1791 2767 1908 2820 olea
1960 2777 2016 2821 et
2071 2769 2228 2836 pinus

652 2861 928 2909 exuuntur
962 2853 1137 2919 foliis;
1175 2856 1389 2909 tametsi
1421 2856 1624 2910 sensim
1666 2858 1981 2926 occulteque
2010 2859 2228 2914 frondes
2257 2879 2298 2936 ρ

657 2945 918 2967 -..,ηη.
973 2945 1100 2967 __.-_-
1541 2963 1589 2967 _-
1968 2949 2198 2967 σ
2356 2951 2359 2953 -

653 2945 943 3009 alternam,
971 2945 1106 2999 adeo
1139 2954 1198 2998 ut
1227 2962 1502 3014 nunquam
1534 2963 1686 3002 coma
1719 2949 1980 3003 denudari
2017 2949 2229 3004 videan-

659 3046 767 3092 tur.
806 3037 992 3091 Palma
1036 3048 1214 3090 autem
1269 3049 1525 3105 perpetuo
1576 3040 1704 3092 folia
1771 3041 1988 3102 retinet,
2036 3051 2222 3105 utpote

655 3141 777 3194 qua:
825 3140 947 3179 cum
1009 3125 1211 3180 eisdem
1260 3127 1404 3180 foliis
1443 3143 1471 3180 a
1508 3129 1680 3197 prima
1720 3131 2109 3197 germinatione
2151 3132 2217 3185 ad

657 3220 816 3272 tinem
852 3235 1020 3290 usque
1072 3229 1405 3291 permaneat.
1458 3219 1658 3275 Deinde
1703 3232 1759 3275 et
1810 3223 1937 3277 ilhtd
1984 3223 2229 3277 animad-

656 3322 825 3376 verte,
862 3315 1130 3379 quomodo
1177 3312 1379 3384 myrica
1427 3322 1510 3366 est
1558 3312 1720 3366 veluti
1772 3320 2017 3382 auceps:
2060 3329 2230 3366 annu-

653 3414 895 3458 meratur
929 3405 1178 3459 nimirum
1221 3415 1275 3460 et
1315 3406 1456 3460 inter
1496 3406 1767 3475 aquatica,
1797 3415 1852 3459 et
1891 3407 1943 3460 in
1980 3405 2228 3460 solitudi-

2332 1973 2769 2044 προϐλεψαμένη,
2804 1976 2883 2040 είς
2931 1976 3140 2044 γένεσιν
3173 1977 3365 2047 ἤγαγε.
3404 1977 3473 2030 ΣΞ)
3513 1977 3568 2030 δὲ
3618 1978 3744 2030 ὅταν
3789 1980 3923 2051 ἴδῃς

2329 2064 2397 2115 τὰ
2429 2065 2632 2134 ἥμερα,
2687 2065 2754 2116 τὰ
2786 2067 2972 2137 ἄγρια,
3012 2067 3078 2120 τὰ
3132 2067 3383 2141 φίλυδρα,
3428 2066 3498 2120 τά
3546 2071 3797 2139 χερσαῖα,
3846 2069 3922 2122 τὰ

2331 2155 2762 2227 ἀνθοφοροῦντα,
2799 2156 2831 2227 ἦ
2866 2157 2935 2209 τὰ
2985 2159 3184 2228 ἀνανθῆ
3209 2199 3223 2222 ,
3264 2161 3321 2212 ἐν
3378 2158 3556 2230 μικρῷ
3597 2158 3687 2213 τὸν
3735 2161 3923 2230 μέγαν

2331 2246 2729 2316 ἐπιγινώσκων,
2780 2247 3014 2319 πρόσθες
3052 2251 3136 2303 ἀεὶ
3164 2251 3241 2321 τῷ
3270 2250 3528 2322 θαύματι,
3553 2254 3645 2306 καὶ
3671 2252 3923 2324 αὖξήσόν

2332 2359 2420 2412 μοι
2451 2342 2551 2413 τὴν
2591 2341 2808 2412 ἀγάπην
2837 2341 2928 2394 τοῦ
2956 2342 3255 2406 κτίσαντος.
3277 2343 3542 2421 Ἐξέταζε,
3571 2346 3686 2408 πῶς
3711 2345 3778 2398 τὰ
3813 2347 3921 2416 μὲν

2329 2432 2552 2501 ἀειθαλῆ
2585 2432 2828 2501 ἐποίησε,
2856 2431 2923 2484 τὰ
2953 2431 3008 2484 δέ
3036 2433 3384 2504 γυμνούμενα
3410 2452 3422 2464 ·
3458 2437 3549 2488 καὶ
3583 2436 3692 2488 τῶν
3722 2437 3918 2490 ἀειθα-

2329 2522 2434 2576 λῶν
2461 2522 2527 2574 τὰ
2563 2522 2661 2592 μὲν
2691 2523 3004 2591 φυλλοόόλα,
3044 2524 3113 2578 τὰ
3162 2525 3217 2578 δὲ
3261 2525 3542 2594 ἁείφυλλα.
3589 2526 3919 2578 Φυλλοῦολεί

2330 2617 2439 2689 γὰρ
2476 2620 2568 2670 καὶ
2599 2617 2752 2670 ἐλαία
2785 2619 2887 2673 καὶ,
2908 2619 3086 2681 πίτυς,
3117 2621 3162 2670 εί
3190 2620 3282 2671 καὶ
3313 2619 3610 2686 λεληθότως
3636 2619 3918 2672 ὑπαλλάτ-

2333 2727 2412 2763 σει
2444 2709 2513 2762 τὰ
2552 2708 2743 2778 φύλλα,
2777 2707 2915 2761 ὥστε
2949 2709 3215 2779 μηδέποτε
3245 2709 3418 2761 δοκεῖν
3443 2711 3538 2778 τῆς
3571 2709 3747 2780 κόμης
3771 2712 3916 2762 ἀπο-

2329 2801 2682 2874 γυμνοῦσθαι.
2735 2799 3042 2870 ⁹Αείφυλλον
3068 2799 3123 2852 δὲ
3153 2801 3180 2852 ὁ
3215 2800 3407 2867 φοίνιξ,
3436 2800 3512 2870 τῷ
3547 2801 3695 2871 αὐτῷ
3730 2802 3918 2874 φύλλῳ

2529 2894 2750 2966 πρώτης
2785 2892 3130 2963 βλαστήσεως
3159 2892 3239 2956 εἰς
3259 2892 3410 2955 τέλος
3439 2909 3500 2944 συ
3510 2893 3910 2964 μπαραμένων,

2333 2991 2564 3042 Ἔπειτα
2604 2988 2714 3060 (77)
2750 2988 2968 3040 κάκεῖνο
3005 2986 3213 3048 σκόπει,
3259 2985 3375 3050 πῶς
3412 2989 3444 3058 ή
3484 2987 3689 3058 μυρίκη
3719 2986 3915 3058 ῶσπερ

2330 3081 2584 3149 ἀμφίὸιόν
2620 3083 2754 3143 ἐστι,
2794 3083 2887 3135 καὶ
2921 3082 3031 3142 τοῖς
3072 3078 3345 3150 φιλύδροις
3376 3079 3913 3151 συναριθμούμενον,

2333 3173 2425 3224 καὶ
2465 3171 2606 3223 κατὰ
2645 3172 2743 3233 τὰς
2776 3172 3015 3241 ἐρήμους
3053 3171 3471 3240 πληθυνόμενον.
3502 3173 3592 3225 Διὸ
3627 3174 3721 3225 καὶ
3749 3175 3776 3225 ό
3815 3173 3918 3225 Ἱε-

2338 3262 2530 3338 ρεμίας
2579 3261 2800 3322 δικαίως
2844 3261 2913 3312 τὰ
2950 3262 3288 3332 πονηρότερα
3317 3263 3426 3332 (78)
3460 3264 3551 3318 καὶ
3593 3266 3916 3335 ἐπαμφοτε-

2340 3356 2557 3428 ρίζοντα
2587 3352 2692 3406 τῶν
2719 3351 2866 3422 ήθῶν
2896 3351 2972 3423 τῷ
3001 3352 3225 3424 τοιούτῳ
3257 3353 3405 3424 φυτῷ
3439 3357 3781 3425 παρεικάζει.

650 3496 813 3552 nibus
845 3498 1099 3550 abundat.
1126 3499 1464 3569 Quapropter
1493 3501 1656 3553 etiam
1689 3499 1952 3556 Jeremias
1993 3501 2203 3571 pejores
2231 3509 2286 3554 et
2323 3495 2603 3562 ambiguos
2634 3507 2812 3545 mores
2842 3491 2967 3545 huic
2998 3491 3189 3560 planta:
3211 3490 3399 3544 merito
3428 3499 3707 3558 comparat
3731 3491 3795 3542 ⁷⁸.

725 3588 812 3645 10.
855 3587 1116 3644 Germinet
1172 3602 1332 3646 terra.
1387 3591 1500 3647 Hoc
1571 3595 1830 3663 perbreve
1894 3607 2220 3664 praeceptum

655 3684 843 3738 statim
884 3699 1074 3751 magna
1107 3696 1293 3738 natura
1328 3696 1382 3740 et
1413 3686 1736 3742 artificiosus
1770 3703 1948 3742 sermo
1975 3699 2111 3752 erat,
2144 3689 2226 3742 in-

657 3789 910 3828 numeras
958 3776 1205 3842 stirpium
1255 3779 1612 3846 proprietates
1665 3782 1992 3851 cogitatione
2045 3791 2226 3833 nostra

655 3868 815 3921 citius
842 3865 1145 3936 proferens.
1174 3867 1504 3938 Prmceptum
1538 3871 1689 3937 illud,
1721 3874 1862 3942 quod
1893 3875 2053 3927 etiam
2087 3888 2229 3927 nunc

655 3969 814 4013 terra:
861 3959 1036 4025 inest,
1085 3973 1203 4013 eam
1253 3961 1547 4027 quotannis
1589 3971 1765 4030 urget,
1809 3971 1867 4014 ut
1907 3961 2222 4015 facultatem

655 4066 808 4106 suam
842 4064 1078 4113 omnem,
1109 4067 1213 4121 qua
1244 4053 1308 4106 ad
1353 4052 1572 4116 herbas,
1618 4053 1850 4118 semina,
1891 4052 2222 4121 arboresque

653 4142 988 4210 generaudas
1039 4142 1261 4208 praedita
1309 4151 1424 4204 est,
1473 4151 1712 4198 exserat.
1760 4142 2219 4208 Quemadmodum

2393 3589 2477 3641 10.
2524 3586 2935 3654 Βλαστησάτω
2970 3588 3008 3655 ἡ
3051 3586 3151 3656 γῆ.
3193 3586 3265 3639 Τὸ
3315 3585 3509 3657 μικρὸν
3554 3585 3710 3639 τοῦτο
3743 3587 3916 3657 πρόσ»

2318 3697 2506 3749 ταγμα
2552 3678 2711 3743 εὐθὺς
2757 3679 2916 3748 φύσις
2961 3679 3170 3748 μεγάλη
3220 3679 3313 3731 καὶ
3345 3678 3498 3747 λόγος
3541 3679 3787 3748 ἔντεχνος
3813 3674 3911 3750 ἦν,

2323 3774 2513 3826 θᾶττον
2565 3772 2658 3824 τοῦ
2724 3770 2991 3841 ἡμετέρου
3047 3773 3316 3843 νοήματος
3371 3773 3471 3834 τὰς
3525 3772 3728 3841 μυρίας
3793 3771 3911 3825 τῶν

2326 3866 2606 3936 φυομένων
2664 3864 2931 3933 ἰδιότητας
2977 3864 3234 3920 ἐκτελῶν.
3296 3865 3501 3917 Ἐκεῖνο
3555 3863 3633 3915 ἐτι
3685 3863 3781 3916 mi.
3811 3865 3911 3918 νῦν

2328 3958 2629 4028 ἐνυπάρχον
2660 3955 2770 4024 (79)
2798 3956 2863 4024 τῇ
2893 3955 2963 4023 γῇ
2996 3955 3055 4005 τὸ
3093 3956 3444 4026 πρόσταγμα,
3490 3957 3700 4024 ἐπείγει
3733 3958 3910 4028 αὐτὴν

2324 4051 2446 4104 καθ’
2495 4049 2731 4116 ἑκάστην
2788 4046 2939 4109 ἔτους
2977 4047 3219 4117 περίοδον
3270 4048 3484 4116 ἐξάγειν
3531 4049 3630 4118 τὴν
3675 4049 3909 4118 δύναμιν

2325 4139 2521 4208 εαυτῆς
2553 4139 2681 4207 ὅσην
2712 4136 2822 4206 ἔχει
2870 4136 3005 4208 πρός
3051 4153 3109 4188 τε
3155 4136 3390 4205 βοτανῶν
3439 4138 3532 4188 καὶ
3572 4139 3909 4206 σπερμάτων

654 4233 800 4288 enim
837 4232 1080 4286 turbines
1109 4247 1171 4286 ex
1210 4232 1384 4301 primo
1411 4233 1518 4285 ictu
1565 4234 1695 4303 ipsis
1726 4235 1968 4298 incusso,
2010 4248 2100 4287 eos
2132 4233 2221 4302 qui

2328 4231 2422 4286 καὶ
2469 4228 2697 4299 δένδρων
2732 4229 2963 4296 γένεσιν.
3008 4229 3094 4291 Ὠς
3143 4227 3252 4298 γὰρ
3291 4229 3340 4280 οἱ
3391 4227 3660 4298 στρόϐιλοι
3696 4231 3760 4281 ἐκ
3805 4231 3909 4298 τῆς

654 4325 909 4391 deinceps
945 4335 1245 4394 sequuntur
1278 4339 1440 4396 gyros
1495 4325 1818 4390 coniiciunt,
1865 4342 1988 4382 cum
2037 4326 2090 4379 in
2143 4340 2226 4378 se-

655 4415 811 4486 ipsis,
857 4415 962 4468 lixo
996 4427 1202 4480 centro,
1247 4417 1706 4472 circumferuntur
1748 4436 1762 4472 :
1797 4419 1876 4473 sic
1912 4427 1968 4474 et
2018 4428 2224 4472 natum

653 4507 786 4562 ordo
833 4506 902 4561 ab
948 4507 1049 4560 hoc
1099 4508 1272 4574 primo
1326 4519 1595 4577 prmcepto
1647 4524 1893 4574 exorsus,
1946 4510 2012 4564 ad
2061 4523 2223 4564 omne

654 4599 906 4667 deinceps
943 4609 1154 4666 tempus
1185 4602 1400 4664 transit,
1429 4600 1598 4655 donec
1628 4601 1692 4654 ad
1731 4615 2071 4654 communem
2106 4601 2225 4653 uni-

657 4691 794 4743 versi
829 4690 1348 4744 cousuminationem
1382 4694 1710 4755 pervenerit.
1741 4692 1821 4745 Ad
1856 4706 2017 4760 quam
2045 4702 2099 4746 et
2129 4705 2226 4745 nos

653 4796 846 4836 omnes
875 4783 1061 4836 referti
1097 4781 1386 4848 fructibus,
1415 4797 1477 4836 ac
1510 4782 1771 4838 bonorum
1806 4798 2028 4852 operum
2077 4781 2218 4852 pleni

653 4872 991 4937 festinemus,
1034 4884 1092 4926 ut
1129 4873 1349 4941 plantati
1397 4876 1450 4928 iu
1492 4875 1649 4928 domo
1693 4874 1925 4938 Domini,
1973 4875 2024 4927 in
2073 4875 2227 4927 atriis

654 4965 750 5020 Dei
797 4964 966 5018 nostri
989 4964 1032 4994 "
1058 4962 1478 5029 efﬂorescamus,
1519 4966 1571 5019 iu
1601 4964 1814 5022 Christo
1853 4965 1977 5023 Jesu
2005 4965 2229 5020 Domino

720 5097 769 5129 "
806 5094 915 5154 Jer.
942 5114 1072 5166 xvn,
1098 5097 1149 5152 6.
1223 5099 1268 5131 ’7
1309 5098 1452 5153 Psal.
1479 5115 1584 5165 xei,
1621 5096 1704 5150 l4.

722 5232 837 5304 (τι)
883 5231 1017 5306 Beg.
1053 5235 1258 5304 primus
1282 5233 1394 5306 ὁρῶ
1433 5249 1534 5302 μου
1569 5235 1679 5288 τόν.
1713 5231 1851 5286 Editi
1880 5250 2000 5288 cum
2033 5233 2216 5287 multis

653 5303 920 5381 ωδξηόρῶ
955 5321 1046 5381 μοι
1077 5306 1186 5357 τόν.
1241 5376 1252 5381 _
1315 5303 1326 5306 “
1531 5373 1566 5381 _
1998 5372 2009 5381 -
2186 5370 2211 5381 _

725 5372 1024 5445 (τδγροιι).
1056 5376 1321 5430 secnndus
1365 5393 1486 5431 cum
1531 5373 1658 5445 Reg.
1690 5383 1843 5430 sexto
1889 5372 2077 5445 σοφίαν
2120 5372 2213 5445 τοῦ

649 5443 954 5508 κτίσαντος.
998 5444 1103 5500 Sed
1139 5445 1288 5512 illud,
1319 5447 1412 5500 τοῦ
1457 5443 1761 5510 κτίσαντος,
1796 5444 2131 5500 desideratur
2163 5444 2214 5496 iu

649 5515 813 5570 editis
838 5524 891 5567 et
921 5515 973 5568 in
1012 5516 1131 5568 aliis
1165 5531 1296 5572 mss.

723 5584 835 5655 (76)
877 5584 1009 5655 Reg.
1037 5586 1257 5653 quintus
1287 5585 1381 5639 τοῦ
1415 5588 1709 5648 κτίσοντος.

723 5654 835 5724 (77)
879 5654 1006 5724 Reg.
1035 5667 1215 5710 sextus
1241 5659 1268 5710 ό
1309 5657 1483 5724 φοίνιξ
1512 5657 1570 5709 τὸ
1615 5657 1743 5709 αὐτὸ
1787 5655 1982 5724 φύλλον
2028 5658 2091 5709 ἐκ
2121 5654 2220 5724 τῆς

651 5723 876 5802 Δπρώτης
911 5723 1254 5802 βλαστήσεως
1293 5723 1371 5790 εἰς
1413 5729 1565 5790 τέλος
1588 5723 2019 5802 ,συμπαραμένον
2060 5723 2217 5795 ἔχων.

661 5740 696 5776 π
749 5742 876 5794 υτης
911 5740 1254 5794 ΡΑασττησεως
1293 5740 1371 5790 εις
1413 5740 1565 5790 τέλος
1600 5740 2019 5802 συμπαραμενον
2060 5740 2217 5795 εχων.

661 5740 913 5861 "Emam,
944 5807 1044 5852 etc.
1090 5771 1278 5852 Palma
1313 5815 1428 5866 qua:
1472 5798 1678 5854 easdem
1723 5798 1936 5868 frondes
1979 5815 2008 5849 a
2051 5812 2220 5866 prima

2330 4322 2552 4395 πρώτης
2584 4323 2766 4383 αὐτοῖς
2793 4321 3098 4393 ἐνδοθείσης
3123 4320 3336 4392 πληγῆς
3358 4320 3454 4385 τὰς
3477 4321 3673 4391 ἐφεξῆς
3697 4320 3910 4374 ποιοῦν-

2327 4431 2416 4466 ται
2453 4410 2842 4483 περιστροφὰς,
2874 4412 3001 4463 ὃταν
3041 4409 3312 4481 πήξαντες
3339 4411 3398 4462 τὸ
3427 4410 3646 4482 κέντρον
3677 4413 3734 4464 ἐν
3773 4413 3906 4465 ἐαυ-

2327 4508 2436 4567 τοῖς
2479 4503 2875 4574 περιφέρωνται
2897 4520 2908 4531 '
2947 4501 3089 4555 οὕτω
3117 4497 3220 4556 και
3251 4505 3283 4573 ὴ
3315 4503 3412 4572 τῆς
3439 4503 3650 4570 φύσεως
3677 4504 3908 4556 ἀκολου-

2329 4597 2437 4658 θία,
2475 4599 2537 4649 ἐκ
2565 4594 2658 4649 τοῦ
2706 4595 2921 4666 πρώτου
2961 4597 3375 4666 προστάγματος
3407 4595 3502 4666 τὴν
3536 4597 3708 4668 ἀρχήν
3749 4597 3908 4663 δεξα-

2327 4690 2618 4760 μένη(80),
2665 4690 2796 4762 πρὸς
2833 4689 3008 4743 πάντα
3041 4689 3132 4742 τὸν
3173 4688 3370 4757 ἐφεξῆς
3416 4688 3748 4760 διεξέρχεται
3784 4691 3904 4760 χρό-

2322 4799 2430 4845 νον,
2459 4783 2648 4853 μέχρις
2677 4781 2739 4835 ἂν
2775 4784 2910 4853 πρὸς
2949 4782 3044 4854 τὴν
3073 4783 3255 4851 κοινὴν
3297 4782 3601 4834 συντέλειαν
3639 4783 3733 4835 τοῦ
3767 4799 3903 4834 παν-

2323 4874 2411 4936 τὸς
2437 4876 2768 4945 καταντήσῃ.
2809 4876 2922 4943 Ἐφ’
2958 4875 3024 4944 ἣν
3068 4877 3161 4928 καὶ
3190 4877 3349 4945 ἡμεῖς
3391 4877 3589 4937 πάντες
3630 4875 3900 4944 ἔγκαρπος

2328 4968 2421 5020 καὶ
2442 4968 2667 5038 πλήρεις
2697 4969 2871 5040 ἐργων
2899 4969 3117 5037 ἀγαθῶν
3158 4967 3522 5039 ἐπειγώμεθα,
3569 4967 3674 5031 ἵνα,
3705 4985 3900 5036 φυτευ-

2324 5232 2656 5300 generatioue
2689 5235 2755 5285 ad
2792 5231 2947 5299 ﬁnem
2992 5247 3150 5300 usque
3177 5239 3535 5298 permanentes
3571 5245 3766 5290 serval.

2395 5305 2516 5373 (78))
2548 5301 2696 5354 Coll).
2728 5301 3086 5373 secundusra
3117 5302 3477 5373 πονηρότατα.
3506 5302 3709 5356 Ibidem
3761 5305 3886 5373 Reg.

2322 5372 2592 5442 secundus
2620 5373 2712 5425 καὶ
2746 5370 3193 5442 ἀμφοτερίζοντα.

2398 5444 2508 5511 (79)
2552 5441 2626 5493 Ita
2662 5440 2796 5496 Duc.
2837 5440 3061 5510 uterQue
3089 5455 3144 5498 et
3173 5442 3261 5496 alii
3311 5440 3549 5511 quinque
3586 5455 3718 5495 mss.
3753 5440 3893 5497 Editi

2325 5513 2587 5582 ὑπάρχον.

2397 5578 2507 5655 (80)
2549 5581 2680 5651 Reg.
2707 5582 3026 5656 seatusshv
3065 5581 3320 5656 ἀπαρχὴν
3356 5582 3664 5656 δεξαμένη.-
3692 5578 3891 5634 Ibidem

2329 5651 2455 5707 mss.
2494 5662 2725 5724 quatuor
2777 5651 3128 5724 διεξέρχεται.
3183 5651 3322 5708 Editi
3373 5668 3493 5709 cuiu
3543 5651 3753 5706 duobus
3801 5662 3896 5706 aut

2330 5725 2498 5780 tribus
2531 5737 2659 5778 mss.
2688 5723 2972 5798 διέρχεται,
