4092 6318
122 385 221 435 H7

1249 385 1531 441 HOMILIA
1571 390 1636 444 Vl
1678 387 1744 442 IN
1786 390 2274 449 HEXAEM'EBON.

3267 393 3370 449 H3

119 500 308 564 (θέντες
339 503 395 554 ὲν
440 501 517 570 τῷ
544 499 677 569 οἴκῳ
705 501 928 571 Κυρίου,
963 506 1018 556 ἐν
1054 505 1172 566 ταῖς
1205 505 1392 568 αὐλαῖς
1429 506 1522 559 τοῦ
1561 507 1695 561 Θεοῦ

1821 519 2004 572 rostro,
2047 511 2132 564 cui
2179 513 2342 579 gloria
2387 519 2438 565 et
2489 508 2772 579 imperium
2821 506 2874 562 in
2909 505 3100 561 saecula
3142 505 3373 561 saeculo-

125 592 281 664 ὴμῶν
328 594 709 664 ὲξανθήσωμεν
763 599 819 650 ὲν
871 597 1091 667 Χριστῴ
1155 596 1327 667 Ἰησοῦ
1381 598 1459 669 τῷ
1511 601 1699 674 Κυρίῳ

1808 616 1944 653 rum.
1978 603 2167 654 Amen.

117 687 306 759 ἡμῶν,
334 681 378 754 ᾧ
408 688 441 756 η
468 685 595 752 δόξα
625 687 718 740 καὶ
747 689 806 742 τὸ
835 691 1035 760 κράτος
1082 691 1162 753 εἰς
1192 691 1318 754 τοὺς
1361 691 1564 755 αἰῶνας
1590 693 1696 746 τῶν
1735 691 1965 746 αἰώνων.
2006 693 2206 764 Ἀμήν.

134 821 3336 848 mm

722 907 962 963 OMlAiA
1016 909 1105 975 ς’.

413 1001 556 1072 Περὶ
597 1003 887 1073 γενέσεως
927 1002 1254 1070 φωστήρων
1286 999 1420 1072 (Si).

203 1090 258 1147 1.
291 1091 394 1147 Τὸν
451 1092 697 1164 ἀθλητῶν
747 1090 944 1161 θεατὴν
1003 1094 1252 1164 μετέχειν
1290 1091 1436 1153 τινὸς
1461 1089 1704 1160 προσῆκε

130 1187 228 1238 καὶ
252 1185 413 1238 αὐτὸν
439 1184 703 1246 εὐτονίας.
742 1183 852 1235 Καὶ
896 1183 1052 1238 τοῦτο
1080 1187 1142 1238 ἐκ
1175 1183 1284 1237 τῶν
1317 1181 1704 1252 πανηγυρικῶν

129 1276 352 1347 θεσμῶν
383 1277 446 1329 ἄν
473 1292 556 1338 τις
607 1275 829 1339 κατίδοι,
860 1275 909 1329 οἳ
936 1279 1060 1340 τοὺς
1089 1273 1589 1343 συγκαθεζομένους
1626 1274 1706 1334 εἰς

129 1368 191 1422 τὸ
228 1367 440 1419 στάδιον
469 1366 579 1436 (82)
630 1369 810 1440 γυμνῇ
881 1369 1149 1439 καθῆσθαι
1178 1369 1242 1435 τῇ
1273 1364 1480 1436 κεφαλῇ
1524 1365 1704 1432 διαγο-

132 1458 417 1530 ρεύουσιν·
469 1460 796 1530 ἐμοὶδοκεῖν
827 1461 956 1532 (85),
1016 1460 1102 1511 ἴνα
1168 1457 1240 1528 μὴ
1299 1457 1495 1527 θεατὴς
1544 1457 1702 1527 μόνον

132 1551 478 1616 ἀγωνιστῶν,
505 1552 640 1606 ἀλλά
689 1553 782 1606 καὶ
828 1550 1130 1620 ἀγωνιστὴς
1178 1549 1408 1611 ἕκαστος
1441 1547 1603 1612 αὐτὸς
1646 1550 1703 1600 ὲν

129 1641 210 1711 τῷ
245 1644 399 1714 μέρει
424 1645 683 1714 τυγχάνῃ.
722 1643 875 1696 Οῢτω
913 1641 1207 1694 τοίνυνκαί
1242 1641 1330 1693 τὸν
1370 1639 1478 1694 τῶν
1533 1641 1704 1711 μεγά-

130 1734 239 1787 λων
273 1737 369 1789 καὶ
395 1735 688 1806 ὑπερφυῶν
720 1733 1004 1802 θεαμάτων
1030 1733 1342 1806 ἐξεταστὴν,
1379 1734 1470 1788 καὶ
1496 1734 1585 1788 τὸν
1606 1737 1704 1805 τῆς

129 1827 310 1897 ἄκρας
337 1826 503 1889 ὅντως
545 1827 639 1878 καὶ
669 1827 978 1898 ἀπορρήτου
1008 1828 1196 1897 σοφίας
1233 1831 1506 1901 ἀκροατὴν
1542 1849 1709 1901 προσο

130 1917 266 1987 ἧκεν
295 1915 503 1969 οἴκοθεν
550 1915 692 1988 ἔχειν
735 1917 935 1988 ἥκοντά
963 1936 1114 1980 τινας
1145 1920 1396 1988 ἀφορμὰς
1429 1921 1562 1989 πρὸς
1611 1921 1707 1988 τὴν

132 2009 369 2078 Θεωρίαν
425 2008 530 2062 τῶν
585 2011 976 2082 προκειμένων,
1007 2010 1102 2061 καὶ
1149 2013 1426 2062 κοινωνεῖν
1467 2011 1588 2078 ἐμοὶ
1613 2011 1710 2079 τῆς

135 2101 380 2170 ἀγωνίας
419 2104 496 2166 εἰς
517 2102 761 2171 δύναμιν,
797 2101 916 2170 οὐχὶ
956 2101 1145 2172 κριτὴν
1183 2099 1381 2170 μᾶλλον
1410 2101 1442 2172 ἢ
1478 2118 1714 2170 συναγω-

133 2193 324 2262 νιπὴν
381 2191 706 2265 παρεστῶτα
730 2209 743 2223 ·
797 2192 1006 2261 μήποτε
1041 2191 1146 2262 ἄρα
1179 2190 1406 2266 διαλάθῃ
1431 2193 1576 2263 ἡμᾶς
1613 2192 1711 2263 τῆς

133 2280 453 2350 ἀληθείαςὴ
493 2279 730 2350 εὕρεσις,
761 2281 853 2334 καὶ
884 2282 944 2333 τὸ
979 2282 1108 2350 ἐμὸν
1147 2281 1368 2350 σφάλμα
1412 2283 1560 2352 κοινὴ
1617 2283 1684 2353 ζη

137 2369 235 2442 μία
262 2369 374 2422 τῶν
404 2370 705 2424 ἀκουόντων
734 2370 977 2442 γένηται.
1008 2369 1150 2440 Πρὸς
1183 2365 1274 2423 οῦν
1327 2370 1378 2422 τί
1432 2371 1605 2424 ταῦτα
1629 2371 1714 2424 λέ-

133 2481 217 2530 γω
246 2480 261 2528 ;
307 2463 452 2528 "Ott,
481 2462 668 2536 ἐπειδὴ
690 2463 976 2538 πρόκειται
1002 2465 1130 2534 ἡμῖν
1162 2465 1241 2526 εἰς
1262 2463 1361 2532 τὴν
1389 2461 1480 2515 τοῦ
1508 2461 1712 2532 κόσμου

136 2554 400 2609 σύστασιν
456 2554 701 2620 ἐξέτασις
747 2557 840 2608 καὶ
882 2556 1081 2626 θεωρία
1112 2553 1204 2607 τοῦ
1253 2555 1476 2622 παντὸς,
1508 2557 1607 2608 οὐκ
1652 2557 1714 2608 ὲκ

136 2644 236 2711 τῆς
268 2642 363 2694 τοῦ
386 2645 588 2713 κόσμου
621 2645 810 2711 σοφίας
829 2644 926 2706 τὰς
956 2644 1129 2715 ἀρχὰς
1162 2643 1381 2714 ἔχουσα,
1409 2645 1524 2699 ἀλλ’
1559 2646 1618 2711 ἐξ
1641 2640 1714 2700 ὧν

136 2734 228 2785 τὸν
265 2733 462 2788 ἑαυτοῦ
493 2733 796 2805 θεράποντα
823 2737 851 2787 6
884 2735 1014 2799 Θεὸς
1048 2735 1446 2802 ὲξεπαίδευσεν,
1497 2739 1554 2792 ὲν
1588 2739 1715 2791 εἴδει

137 2825 386 2898 λαλήσας
414 2828 550 2899 πρὸς·
579 2827 759 2891 αὑτὸν,
786 2828 879 2880 καὶ
908 2828 969 2880 οὐ
1013 2827 1079 2880 δι’
1113 2827 1472 2896 αἰνιγμάτων,
1504 2829 1714 2899 ἀνάγκη

139 2938 244 2973 που
299 2921 517 2986 πάντως
575 2921 700 2985 τοὺς
757 2921 865 2973 τῶν
910 2921 1160 2995 μεγάλων
1201 2921 1598 2993 φιλοθεάμονας
1644 2922 1716 2993 μὴ

139 3011 490 3082 ἀγύμναστον
537 3013 678 3084 ἔχειν
711 3015 800 3068 τὸν
830 3014 953 3068 νοῦν
986 3014 1122 3087 πρὸς
1162 3014 1258 3085 τὴν
1290 3013 1399 3068 τῶν
1426 3014 1721 3088 προκειμέ-

2391 907 2667 964 IIOMILIA
2709 911 2793 966 VI.

2179 1000 2254 1056 De
2287 1003 2617 1071 generatione
2649 1003 3008 1058 iuniiuarium.

1882 1097 1931 1151 1.
1977 1094 2346 1166 Spectatorem
2371 1093 2694 1149 athletarum
2733 1107 2942 1162 oportet
2965 1107 3018 1151 et
3047 1096 3220 1165 ipsum
3248 1110 3378 1149 cono

1809 1190 2066 1245 tentionis
2094 1191 2414 1260 participem
2447 1202 2585 1240 esse.
2628 1187 2792 1256 idque
2819 1203 2882 1240 ex
2912 1187 3256 1260 panegyricis
3296 1185 3377 1240 le-

1809 1282 1962 1350 gihus
1991 1284 2164 1351 quivis
2216 1280 2557 1348 cegnoverit,
2600 1294 2739 1346 quae,
2787 1279 2837 1332 iu
2876 1280 3050 1332 stadio
3083 1280 3378 1335 consideno

1811 1383 1910 1437 tcs,
1942 1375 2085 1426 nudo
2112 1370 2283 1437 capite
2301 1371 2489 1424 sedere
2515 1370 2704 1438 jnhent
2729 1387 2742 1421 :
2774 1379 2829 1423 ut
2848 1369 3101 1440 quisque,
3128 1385 3240 1422 mea
3260 1371 3385 1438 qui-

1809 1466 1928 1520 dem
1963 1464 2250 1527 sententia,
2282 1480 2385 1517 non
2424 1463 2493 1516 sit
2524 1461 2694 1518 solum
2739 1462 3130 1515 decertantium
3171 1471 3379 1528 specta-

1810 1568 1916 1623 tor,
1943 1559 2035 1612 sed
2067 1558 2228 1610 etiam
2267 1557 2444 1625 aliqua
2475 1571 2539 1609 ex
2576 1565 2726 1624 parte
2762 1554 2964 1608 athleta
2997 1554 3242 1607 exsistat.
3288 1549 3381 1604 Sic

1811 1664 1942 1724 sane
1971 1650 2132 1702 etiam
2181 1662 2494 1716 magnorum
2537 1656 2696 1712 atque
2737 1645 3131 1700 admirabilium
3171 1650 3381 1712 speeta-

1812 1741 2055 1793 culorum
2111 1739 2502 1805 inquisitorem,
2539 1738 2788 1806 illiusque
2855 1753 2978 1791 vere
3043 1749 3267 1790 summa:
3316 1749 3379 1789 ac

1816 1829 2099 1886 iueﬂahilis
2144 1830 2422 1900 sapientia}
2474 1829 2798 1892 auditorem,
2847 1829 2973 1882 dum
3013 1828 3244 1893 accedit,
3285 1842 3384 1896 par

1815 1923 1972 1978 fuerit
2002 1924 2239 1993 quaedam
2273 1921 2336 1976 ad
2376 1937 2458 1973 res
2486 1920 2787 1991 propositas
2826 1919 3274 1987 contemplandas
3301 1918 3379 1972 iu,

1813 2017 2104 2069 eitamenta
2135 2030 2199 2068 ex
2229 2030 2286 2068 se
2317 2015 2536 2080 habere,
2570 2028 2632 2066 ac
2668 2028 2875 2065 mecum
2910 2028 3005 2081 pro
3031 2012 3235 2066 viribus
3265 2025 3390 2065 esse

1813 2105 2124 2160 certaminis
2167 2116 2493 2166 consortem,
2531 2119 2628 2158 nec
2674 2104 2844 2173 magis
2893 2104 3128 2170 judicetn
3178 2115 3384 2164 astare,

1813 2212 1971 2266 quam
2006 2205 2402 2249 concertantem
2427 2211 2526 2260 ;ne
2547 2195 2684 2250 forte
2707 2205 2987 2263 praetereat
3016 2209 3114 2249 nos
3144 2195 3390 2249 veritatis

1817 2289 2073 2351 iurentio,
2099 2304 2159 2342 ac
2193 2304 2342 2341 meus
2375 2303 2528 2341 error
2557 2304 2843 2343 commune
2870 2288 3198 2343 audientium
3232 2288 3389 2340 dam-

1815 2397 1939 2433 num
1979 2382 2090 2437 iiat.
2131 2383 2398 2447 Quorsum
2435 2381 2542 2455 50
2571 2383 2682 2436 haec
2724 2381 2972 2436 laudent?
2999 2381 3131 2448 Quia
3162 2396 3282 2434 cum
3315 2380 3392 2433 ἰη-

1816 2471 2077 2540 quircuda
2126 2474 2281 2527 nobis
2316 2486 2645 2541 prepouatur
2690 2475 2871 2526 mundi
2905 2473 3239 2534 constitutio,
3273 2471 3391 2526 uni-

1815 2563 2066 2630 versique
2104 2565 2509 2631 contemplatio,
2543 2579 2660 2632 qua)
2685 2579 2750 2617 ex
2781 2564 2960 2616 mundi
3004 2563 3265 2632 sapientia
3297 2578 3392 2617 ne-

1817 2668 2084 2722 quaquam
2117 2653 2436 2722 principium
2492 2654 2659 2719 dueit,
2702 2655 2796 2707 sed
2833 2669 2899 2706 ex
2947 2654 3029 2708 his
3071 2670 3191 2724 qum
3233 2669 3389 2710 suum

1819 2757 2029 2796 servum
2067 2742 2428 2807 Deusdocuit,
2461 2742 2532 2795 illi
2565 2743 2614 2796 iu
2640 2743 2841 2811 specie,
2868 2757 2973 2795 neu
3005 2757 3099 2810 per
3131 2740 3391 2810 aenigma-

1820 2844 1870 2889 ta
1892 2836 2104 2890 loculus
2136 2853 2150 2889 :
2180 2851 2396 2890 necesse
2431 2847 2513 2888 est
2558 2835 2797 2898 omnino,
2833 2836 3131 2903 ingentium
3175 2842 3390 2903 speeta-

1821 2924 2061 2978 culorum
2087 2939 2355 2979 amatores
2391 2941 2493 2977 non
2523 2925 2761 2977 animum
2808 2924 3009 2975 habere
3045 2924 3109 2974 ad
3143 2922 3392 2989 proposi-

1825 3025 2000 3067 tarum
2071 3015 2225 3068 nobis
2279 3029 2459 3067 rerum
2503 3013 2903 3083 perceptionem
2958 3011 3389 3065 inexercitatum.

140 3122 248 3157 νων
282 3105 419 3174 ἡμῖν
446 3106 790 3176 κατανόησιν.
814 3107 882 3159 Εἰ
907 3123 1035 3159 ποτε
1057 3103 1169 3173 οὖν,
1196 3109 1253 3159 ὲν
1295 3107 1480 3178 αἰθρίᾳ
1533 3123 1717 3159 νυκτε-

1823 3104 2008 3175 Itaque
2038 3105 2080 3159 si
2120 3120 2352 3172 unquam
2386 3106 2436 3157 iu
2465 3113 2723 3158 nocturna
2765 3104 3084 3167 serenitate,
3116 3101 3396 3155 inenarra-

146 3197 290 3266 ρινῇ,
317 3195 455 3266 πρὸς
477 3196 546 3248 τά
569 3195 779 3266 ἄρρητα
813 3196 981 3266 κάλλη
1003 3197 1109 3249 τῶν
1135 3198 1347 3269 ἄστρων
1373 3199 1482 3270 (84)
1534 3201 1719 3254 ὲνατε-

141 3287 319 3351 νίσας,
354 3287 558 3340 ἔννοιαν
606 3285 796 3349 ἔλαϐες
832 3286 924 3339 τοῦ
973 3287 1215 3357 τεχνίτου
1257 3287 1362 3341 τῶν
1391 3289 1557 3352 ὅλων,
1585 3288 1668 3352 τίς
1693 3291 1720 3341 6

140 3382 252 3442 τοῖς
274 3378 464 3432 ἄνθεσι
487 3379 692 3443 τούτοις
715 3379 1050 3443 διαποικίλας
1071 3379 1158 3432 τὸν
1182 3381 1239 3432 οὺ
1251 3380 1427 3451 ρανὸν,
1460 3381 1551 3434 καὶ
1574 3382 1720 3444 ὅπως

142 3473 200 3524 ὲν
240 3473 360 3534 τοῖς
400 3473 694 3544 ὁρωμένοις
738 3473 898 3526 πλέον
941 3471 1035 3526 τοῦ
1066 3473 1297 3545 τερπνοῦ
1337 3475 1398 3527 τὸ
1428 3475 1721 3543 ἀναγκαῖόν

141 3563 296 3618 ἐστι’
367 3564 527 3618 πάλιν
597 3568 653 3620 ἐν
706 3567 888 3639 ἡμέρᾳ
950 3569 999 3621 εἰ
1058 3569 1281 3638 νήφοντι
1344 3566 1423 3638 τῷ
1478 3567 1721 3639 λογισμῷ

142 3657 462 3732 κατέμαθες
517 3658 586 3711 τὰ
621 3660 718 3729 τῆς
757 3660 972 3732 ἡμέρας
1013 3659 1286 3731 θαύματα,
1334 3662 1426 3714 καὶ
1467 3662 1554 3714 διὰ
1613 3661 1721 3714 τῶν

143 3751 443 3823 δρωμένων
500 3737 793 3818 ἀνελογίσω
839 3753 927 3804 τὸν
982 3754 1078 3822 οὐχ
1123 3751 1416 3824 ὁρώμενον,
1449 3753 1723 3824 ἐμπαρα-

149 3863 343 3910 σκευος
375 3845 533 3915 ἥκεις
575 3844 847 3916 ἀκροατὴς
891 3845 983 3897 καὶ
1008 3844 1231 3914 πρέπων
1278 3844 1355 3913 τῷ
1403 3843 1724 3916 πληρώματι

149 3937 242 3990 τοῦ
272 3935 478 4008 σεμνοῦ
507 3935 696 3989 τούτου
737 3936 829 3990 καὶ
862 3935 1131 4006 μακαρίου
1167 3935 1413 4006 θεάτρου.
1451 3935 1619 4006 Δεῦρο
1660 3935 1723 4006 δὴ

148 4024 261 4092 οὖν,
289 4028 484 4100 ῶσπερ
527 4029 574 4080 οἱ
613 4028 739 4089 τοὺς
777 4027 963 4098 ἀήθεις
1002 4026 1108 4080 τῶν
1137 4025 1344 4078 πόλεων
1391 4025 1490 4094 τῆς
1547 4026 1726 4097 χειρὸς

151 4120 442 4192 λαϐόμενοι
489 4119 897 4192 περιηγοῦνται,
933 4120 1071 4172 οὓτω
1101 4118 1165 4189 δὴ
1192 4120 1285 4171 καὶ
1326 4117 1486 4179 αὐτὸς
1543 4119 1634 4171 ἐπὶ
1659 4117 1729 4169 τὰ

152 4214 515 4285 κεκρυμμένα
577 4214 826 4285 θαύματα
878 4213 1020 4282 ὑμᾶς
1072 4213 1170 4281 τῆς
1227 4211 1468 4281 μεγάλης
1527 4210 1728 4278 ταύτης

153 4305 363 4369 πόλεως
396 4303 696 4374 ξεναγήσω.
739 4305 825 4357 Ἐν
843 4307 908 4376 τῇ
934 4303 1082 4355 πόλει
1110 4301 1370 4373 ταύτῃ.ὲν
1464 4305 1496 4371 ὴ
1529 4301 1728 4372 ἀρχαία

154 4398 355 4471 πατρὶς
385 4400 418 4468 ἡ
430 4396 542 4466 μῶν
577 4395 708 4467 (85),
747 4391 814 4473 ἧς
846 4395 1240 4466 μετανέστησεν
1266 4396 1412 4465 ἡμᾶς
1463 4394 1490 4445 6
1523 4393 1728 4464 ἀνθρω-

1822 3195 1982 3249 bilem
2032 3205 2298 3248 astrorum
2342 3193 2793 3263 pulchritudinem
2838 3193 3059 3246 intentis
3101 3192 3273 3247 oculis
3299 3207 3394 3246 su-

1822 3287 2079 3356 spiciens,
2111 3287 2177 3341 de
2225 3287 2601 3339 universorum
2633 3286 2822 3354 opiﬁce
2852 3284 3117 3353 cogitasti,
3148 3284 3393 3352 quisnam

1825 3381 1870 3434 is
1901 3381 1993 3442 sit,
2023 3380 2111 3448 qui
2147 3380 2230 3433 his
2254 3377 2476 3432 ﬂoribus
2506 3377 2699 3431 caelum
2733 3378 2998 3440 distinxit,
3035 3385 3090 3430 et
3123 3378 3396 3444 quomodo

1825 3474 1876 3526 iu
1923 3471 2082 3527 rebus
2127 3472 2423 3525 visihilibus
2466 3469 2635 3538 major
2673 3471 2741 3523 sit
2778 3470 3005 3533 utilitas,
3053 3483 3216 3538 quam
3247 3467 3398 3520 volu-

1822 3577 1973 3634 ptas;
2006 3578 2191 3618 rursus
2232 3563 2277 3616 si
2313 3562 2544 3616 interdiu
2581 3561 2685 3613 diei
2721 3560 2976 3613 miracula
3009 3559 3264 3622 didicisti,
3303 3574 3398 3627 per

1826 3657 2134 3725 diligentem
2163 3655 2594 3717 meditationem,
2622 3651 3054 3720 iuvisibilemque
3082 3665 3178 3720 per
3210 3648 3398 3703 visibi-

1824 3747 1892 3800 lia
1921 3745 2220 3810 wstimasti,
2243 3756 2462 3813 paratus
2485 3743 2698 3797 accedis
2732 3743 2966 3807 auditor,
2994 3757 3057 3797 ac
3085 3743 3280 3813 dignus
3305 3741 3396 3810 qui

1826 3838 2188 3891 Venerandqu
2240 3837 2368 3890 illud
2411 3851 2471 3889 ac
2528 3836 2739 3888 beatum
2779 3834 3046 3889 theatrum
3095 3832 3395 3902 compleas.

1825 3931 1937 3999 Age
1990 3929 2174 3998 igitur,
2207 3928 2658 3998 quemadmodum
2716 3928 2806 3993 qui
2869 3927 3079 3981 urbium
3133 3928 3398 3989 insuetos,

1829 4039 1986 4074 uianu
2056 4023 2412 4092 apprehensa,
2448 4019 2996 4074 cirmnuducuntzita
3057 4027 3111 4072 ct
3163 4017 3280 4088 ipse
3331 4018 3399 4070 ad

1827 4115 2034 4165 occulta
2094 4127 2299 4179 magum
2335 4111 2487 4163 istius
2542 4110 2778 4163 civitatis
2827 4108 3082 4162 miracula
3137 4124 3233 4163 vos
3290 4118 3403 4162 tan-

1829 4220 1987 4274 quam
2024 4203 2333 4272 peregrinos
2374 4205 2692 4257 conducant.
2737 4202 2794 4255 lu
2825 4201 3041 4256 civitate
3070 4200 3180 4265 illa,
3211 4202 3262 4255 in
3295 4216 3401 4270 qua

1831 4307 1913 4350 est
1937 4305 2090 4350 vetus
2125 4297 2295 4366 patria
2343 4302 2552 4361 nostra,
2585 4309 2649 4349 ex
2687 4310 2790 4364 qua
2823 4294 3033 4365 expulit
3062 4309 3160 4349 nos
3189 4294 3398 4348 damon

1832 4388 2098 4442 homicida
2131 4387 2240 4455 ille,
2279 4389 2367 4458 qui
2415 4388 2526 4442 suis
2568 4387 2838 4443 illecebris
2886 4387 3158 4441 hominem
3197 4385 3402 4455 redegit

155 4491 415 4553 πσκτόνος
435 4489 661 4559 δαίμων,
688 4491 798 4550 τοῖς
832 4488 1020 4541 ἑαυτοῦ
1050 4489 1406 4558 δελεάσμασιν
1454 4487 1717 4557 ἀνδραπο-

1833 4479 1883 4532 in
1915 4481 2224 4533 servitutem
2268 4481 2589 4533 :intuebere
2632 4479 2720 4532 hic
2767 4479 2996 4547 primam
3035 4477 3266 4530 hominis
3313 4491 3404 4546 ge-

153 4582 305 4646 δίσας
332 4582 429 4636 τὸν
459 4580 768 4652 ἄνθρωπον·
815 4578 1047 4633 ἐνταῦθα
1097 4579 1317 4649 κατόψει
1369 4580 1465 4650 τὴν
1505 4577 1726 4649 πρώτην

153 4674 244 4727 τοῦ
271 4671 561 4746 ἀνθρώπου
590 4673 822 4741 γένεσιν,
864 4672 955 4725 καὶ
986 4671 1074 4723 τὸν
1110 4671 1268 4734 εὐθὺς
1298 4672 1445 4740 ἡμᾶς
1467 4673 1728 4724 ἐπικατα-

154 4763 388 4820 λαϐόντα
431 4764 537 4837 (86)
582 4765 835 4818 θάνατον·
866 4764 923 4816 δν
971 4763 1254 4833 ἐγέννησεν
1302 4765 1335 4834 ἠ
1370 4765 1629 4835 ἁμαρτία,
1670 4765 1730 4817 τὸ

153 4858 506 4930 πρωτότοκον
561 4857 780 4924 ἔκγονον
821 4854 914 4908 τοῦ
964 4857 1272 4928 ἀρχεκάκου
1320 4854 1588 4922 δαίμονος.
1619 4853 1729 4909 Καὶ

153 4948 449 5020 γνωρίσεις
489 4948 679 5002 σαυτὸν
724 4948 907 5019 γήινον
964 4946 1060 5020 μὲν
1095 4949 1164 5018 τῇ
1213 4946 1401 5015 φύσει,
1455 4945 1612 5014 ἔργον
1670 4945 1728 4997 δὲ

155 5039 312 5094 θείων
339 5041 544 5111 χειρῶν
562 5057 575 5070 ο
598 5041 820 5111 δυνάμει
856 5040 952 5110 μὲν
974 5039 1064 5099 καὶ
1082 5037 1364 5110 παραπολὺ
1393 5037 1499 5089 τῶν
1522 5038 1727 5106 ἀλόγων

155 5132 516 5196 λειπόμενον,
559 5132 793 5207 ἄρχοντα
844 5132 901 5184 δὲ
961 5130 1334 5203 χειροτονητὺν
1369 5129 1478 5182 τῶν
1520 5130 1726 5197 ἀλόγων

157 5226 249 5280 καὶ
297 5225 415 5279 τῶν
471 5222 726 5294 ἀψύχων·
769 5226 886 5287 ταῖς
930 5225 1027 5293 μὲν
1069 5224 1133 5276 ὲκ
1171 5223 1269 5294 τῆς
1303 5221 1515 5291 φύσεως
1547 5239 1725 5293 παρα-

230 5385 341 5453 (8|)
383 5382 502 5454 Illa,
539 5383 654 5454 Kal
675 5377 826 5436 εἶπεν
857 5386 885 5436 6
918 5384 1081 5446 Θεόςο
1112 5381 1492 5454 Γενεθήτωσαν
1523 5383 1731 5454 φωστῆ-

165 5451 254 5526 ρες
277 5451 334 5507 ὲν
355 5451 439 5526 τῷ
465 5451 800 5526 περεὼματι
825 5455 917 5526 τοῦ
938 5453 1188 5526 οὐρανοῦ,
1213 5451 1554 5526 reperiuntur
1581 5451 1730 5507 initio

165 5522 425 5577 orationis
467 5523 520 5575 in
567 5522 685 5576 uno
712 5535 804 5576 aut
833 5522 1016 5578 ιιΙιοῐσ
1036 5525 1219 5578 codice
1257 5538 1274 5579 :
1311 5522 1402 5575 sed
1438 5523 1625 5575 desunt
1677 5526 1726 5576 in

167 5594 588 5662 antiquioribus,
634 5601 760 5662 puta
809 5594 860 5646 in
905 5603 1126 5662 utroque
1177 5591 1338 5648 Coisl.
1397 5591 1504 5645 Nos
1542 5593 1727 5648 omisi-

235 5732 348 5875 (8Ξέ
389 5735 497 5798 Εἰς
534 5731 600 5786 τὸ
628 5731 893 5796 στάδιον,
922 5743 1024 5786 etc.
1058 5730 1197 5799 Lege
1234 5732 1504 5787 Dircaeum.

236 5803 324 5875 (83
389 5803 527 5872 Reg.
555 5811 738 5860 sextus
771 5803 893 5875 ἐμοὶ
920 5803 1081 5858 δοκεῖ.
1114 5803 1230 5858 Mox
1273 5819 1412 5858 unus
1455 5819 1504 5860 m

236 5803 346 5875 (83)
389 5803 527 5872 Reg.
555 5811 738 5860 sextus
771 5803 893 5875 ἐμοὶ
920 5803 1081 5858 δοκεῖ.
1114 5803 1230 5858 Mox
1273 5819 1412 5858 unus
1455 5819 1555 5860 ms.
1586 5803 1722 5870 ἀγω-

1831 4573 2180 4638 neratiouem,
2221 4584 2274 4628 et
2310 4574 2452 4629 illam
2511 4590 2629 4642 quae
2672 4589 2770 4626 nos
2809 4573 2992 4626 statim
3043 4572 3404 4643 apprehendit

1832 4679 2057 4722 mortem
2091 4688 2103 4723 :
2131 4686 2289 4738 quam
2318 4671 2524 4739 peperit
2559 4680 2864 4738 peccatum,
2887 4668 3273 4738 primogenitus
3312 4666 3402 4722 ille

1833 4763 2086 4816 dirinonis
2111 4763 2374 4816 malorum
2405 4761 2641 4815 auctoris
2665 4772 2870 4830 partus.
2900 4761 3037 4829 Quin
3065 4773 3120 4814 et
3146 4770 3198 4816 te
3227 4762 3399 4829 ipsum

1835 4871 2022 4910 nosces
2054 4865 2112 4907 ut
2154 4864 2344 4908 natura
2389 4864 2644 4918 terreum,
2678 4854 2748 4909 ita
2794 4870 3049 4909 manuum
3094 4853 3398 4908 divinarum

1833 4964 1967 5018 opus
1997 4966 2010 5002 :
2038 4948 2242 5001 viribus
2277 4947 2490 5016 quidem
2534 4946 2689 5017 longe
2735 4947 2910 5001 brutis
2941 4945 3263 5000 animalibus
3295 4945 3399 4999 int-

1832 5056 2038 5111 parem,
2067 5039 2455 5094 irrationalium
2499 5054 2625 5093 vero
2653 5048 2707 5093 et
2750 5039 3167 5093 inanimatorum
3201 5038 3399 5108 princi-

1833 5146 1952 5201 pem
1979 5130 2327 5184 constitutum
2356 5147 2368 5182 :
2399 5130 2704 5184 inferiorem
2735 5131 2950 5199 quidem
2971 5129 3200 5183 naturali
3229 5145 3398 5199 appa-

1833 5233 1979 5288 ratu,
2019 5237 2141 5276 eum
2180 5236 2328 5285 vero,
2361 5222 2450 5293 qui
2491 5222 2717 5276 rationis
2767 5220 3076 5290 praestantia
3113 5222 3287 5289 possis
3328 5223 3398 5276 ad

1826 5381 2022 5436 νιστῶν
2055 5381 2298 5444 ἕκαστος.

1900 5449 2011 5522 (84)
2053 5451 2298 5522 Nonnulli
2341 5467 2470 5505 mss.
2496 5451 2604 5504 τῶν
2637 5450 2897 5522 ἀστέρων.

1900 5520 2010 5592 (85)
2030 5523 2229 5593 γίίοιιεκ
2267 5521 2418 5576 Bodl.
2449 5524 2482 5592 ἡ
2512 5521 2714 5593 ἀρχαία
2749 5520 2963 5589 πατρὶς,
2989 5520 3187 5591 πατρὶς
3215 5520 3391 5591 ήμῶν,

1827 5603 1971 5644 vetus
1999 5592 2090 5644 illa
2124 5593 2319 5658 patria,
2349 5593 2524 5657 patria
2557 5592 2759 5645 nostra.

1901 5661 2012 5731 (86)
2053 5663 2124 5714 lla
2164 5660 2409 5731 Combel'.
2439 5677 2560 5716 cum
2609 5663 2726 5718 aliis
2774 5671 3005 5731 quatuor
3051 5675 3165 5716 mss
3217 5660 3394 5717 Editio

1829 5730 1999 5789 Paris.
2022 5730 2411 5788 καταλαϐόντα.
