4092 6318
125 385 231 439 121

1224 366 1520 425 IlOMlLiA
1562 365 1629 420 Vl
1669 364 1736 421 ΙΝ
1776 358 2251 417 ΗΕΧΔΕΜΕΚΟΝ

3265 347 3367 404 129.

123 499 289 568 εἴπερ
323 495 395 566 μὴ
433 489 679 563 ἑπόμεθα
717 491 836 553 ταῖς
870 487 999 562 παρ’
1030 481 1157 555 ύμῖν
1191 482 1440 550 ἐκλογαῖς
1470 478 1578 532 τῶν
1612 480 1701 550 ῥη-

1809 492 1986 531 eorum
2015 474 2399 533 constructioni
2436 472 2737 527 studemus.
2774 468 2926 540 Apud
2960 482 3057 523 nos
3084 466 3226 522 enim
3262 482 3367 519 nun

126 588 340 659 μάτων,
370 584 507 656 μηδὲ
525 584 587 636 τὸ
617 581 718 652 τῆς
748 580 949 642 θέσεως
990 575 1168 631 αὐτῶν
1197 572 1468 646 εὔρυθμον
1504 574 1698 642 ἐπιτη-

118 678 373 748 δεύομεν.
401 677 477 730 Οὐ
504 675 614 746 γὰρ
634 672 885 745 τορευταὶ
909 669 1106 735 λέξεων
1135 667 1264 740 παρ’
1296 668 1426 738 ἡμῖν
1454 680 1467 694 ·
1499 662 1700 717 οὐδὲτὸ

120 769 323 841 εὔηχον
368 767 476 820 τῶν
532 764 747 836 φωνῶν,
797 761 933 816 ἀλλὰ
970 760 1031 813 τὸ
1054 758 1303 830 εὔσημον
1351 755 1459 809 τῶν
1499 753 1699 825 ὀνομά-

118 878 235 913 των
262 859 365 930 (95)
388 855 658 928 πανταχοῦ
686 852 1091 927 προτιμότερον.
1120 850 1316 904 Σκόπει
1348 847 1525 902 τοίνυν
1553 848 1600 899 εί
1626 845 1700 917 μὴ

119 951 216 1004 διὰ
281 952 377 1021 τῆς
407 952 683 1019 ψαύσεως
726 944 1039 1016 ἀρκούντως
1094 936 1696 1011 ἐνέφηνενὸἐὸούλετοο

120 1043 251 1096 ἀντὶ
278 1048 383 1115 γάρ
407 1042 501 1095 τοῦ
530 1036 806 1109 φωτισμοῦ
837 1036 935 1108 τὴν
970 1035 1200 1105 φαῦσιν
1218 1031 1620 1107 εῐρηκεν.Ἔστι
1643 1026 1701 1083 δέ

118 1137 281 1190 οὐδὲν
317 1135 617 1207 μαχόμενον
645 1131 802 1184 τοῦτο
826 1134 937 1195 τοῖς
969 1130 1097 1202 περὶ
1134 1126 1225 1182 τοῦ
1263 1126 1437 1196 φωτὸς
1471 1122 1700 1192 εἰρημέ-

120 1246 259 1291 νοις.
281 1228 413 1281 Τότε
440 1228 535 1297 μὲν
556 1225 663 1296 γὰρ
687 1224 822 1293 αὑτὴ
844 1222 938 1275 τοῦ
965 1221 1141 1291 φωτὸς
1169 1221 1202 1291 ἡ
1230 1220 1391 1289 φύσις
1421 1213 1698 1286 παρήχθη·

117 1319 222 1372 νῦν
263 1319 316 1372 δὲ
350 1319 408 1371 τὸ
433 1315 652 1387 ἡλιακὸν
681 1313 842 1368 τοῦτο
868 1312 1025 1383 σῶμα
1057 1312 1239 1382 ὅχημα
1267 1304 1406 1362 εἶναι
1441 1304 1519 1376 τῷ
1553 1320 1703 1374 πρω-

118 1411 330 1481 τογόνῳ
380 1407 569 1479 ἐκείνῳ
601 1407 738 1477 φωτὶ
772 1403 1233 1477 παρεσκεύασται.
1280 1401 1368 1463 Ὧς
1414 1399 1524 1469 γὰρ
1576 1396 1703 1450 ἄλλο

120 1503 184 1556 τὸ
225 1502 356 1571 πῦρ.
388 1500 483 1553 καὶ
503 1500 632 1555 ἄλλο
659 1502 687 1553 ό
714 1497 908 1569 λύχνος
927 1514 939 1527 ο
973 1496 1034 1550 τό
1064 1497 1161 1567 μὲν
1197 1494 1292 1565 τὴν
1317 1492 1412 1546 τοῦ
1446 1489 1701 1559 φωτίζειν

116 1597 354 1665 δύναμιν
415 1595 555 1665 ἐχον,
614 1594 677 1647 τὸ
733 1592 791 1646 δὲ
851 1589 1209 1661 παραφαίνειν
1261 1587 1372 1647 τοῖς
1428 1581 1705 1653 δεομένοις

119 1685 523 1756 πεποιημένον·
555 1684 697 1740 οὕτω
728 1683 823 1738 καὶ
852 1683 931 1753 τῷ
961 1678 1332 1750 καθαρωτάτῳ
1365 1676 1557 1746 ἐκείνῳ
1608 1674 1705 1728 καὶ

117 1781 411 1850 εἰλικρινεῖ
461 1780 554 1832 καὶ
612 1778 765 1849 άῢλῳ
812 1774 950 1845 φωτὶ
999 1774 1183 1843 ὄχημα
1210 1772 1301 1825 νῦν
1328 1773 1377 1825 oi
1417 1768 1701 1839 φωστῆρες

119 1872 665 1941 κατεσκευάσθησαν.
705 1871 789 1932 Ὠς
814 1867 921 1937 γὰρ
954 1868 983 1919 ὁ
1030 1864 1348 1927 ’Λπόστολος
1373 1862 1521 1928 λέγει
1552 1857 1702 1918 τινὰς

119 1965 422 2035 φωστῆρας
451 1963 507 2013 ἐν
538 1961 745 2032 κόσμῳ,
768 1957 894 2012 ἄλλο
922 1956 977 2009 δέ
1003 1957 1118 2010 ἐστι
1143 1972 1258 2025 φως
1287 1952 1379 2007 τοῦ
1403 1951 1608 2021 κόσμου
1641 1948 1703 2001 τὸ

117 2055 402 2126 ἀληθινὸν,
432 2044 494 2105 οῦ
556 2050 695 2105 κατὰ
753 2047 969 2119 μέθεξιν
1026 2048 1075 2101 oi
1108 2047 1252 2115 άγιοι
1285 2045 1568 2115 φωστῆρες
1591 2040 1705 2108 ἐγί-

115 2165 278 2204 νοντο
304 2147 413 2200 τῶν
462 2143 669 2215 ψυχῶν,
694 2140 761 2204 ἃς
801 2140 1103 2204 ἐπαίδευον,
1129 2138 1224 2192 τοῦ
1266 2137 1489 2199 σκότους
1532 2132 1705 2197 αὑτὰς

115 2242 223 2312 τῆς
252 2239 472 2308 ἀγνοίας
499 2236 781 2307 ῥυόμενον
822 2233 964 2287 οῦτω
999 2233 1092 2286 καὶ
1124 2230 1218 2284 νῦν
1269 2231 1359 2283 τὸν
1404 2228 1552 2298 ἥλιον
1582 2224 1705 2279 τοῦ-

113 2349 215 2385 τον
248 2331 326 2399 τῷ
353 2326 638 2397 φανοτάτῳ
672 2326 867 2395 ἐκείνῳ
909 2323 1276 2384 ἐπισκευάσας
1330 2319 1470 2389 φωτὶ
1522 2319 1551 2370 ό
1595 2314 1702 2369 τῶν

118 2425 264 2479 ὅλων
290 2420 622 2492 δημιουργὸς
646 2421 773 2491 περὶ
809 2419 901 2471 τὸν
929 2416 1133 2487 κόσμον
1165 2412 1389 2483 ἀνῆψεν.

191 2515 247 2570 3.
282 2515 394 2567 Καὶ
418 2513 606 2585 μηδενὶ
629 2511 854 2565 ἄπιστον
880 2506 1015 2563 εἶναι
1042 2505 1266 2561 δοκείτω
1286 2504 1348 2557 τὸ
1392 2501 1701 2575 εἰρημένον,

111 2606 204 2659 ὅτι
233 2602 364 2658 ἄλλο
412 2602 512 2673 μέν
544 2619 596 2655 τι
629 2599 724 2654 τοῦ
755 2598 930 2669 φωτὸς
958 2599 991 2670 ἡ
1025 2596 1365 2669 λαμπρότης,
1399 2593 1527 2649 ἄλλο
1557 2592 1615 2646 δέ
1650 2607 1704 2645 τι

113 2698 182 2751 τὸ
215 2695 578 2765 ὑποκείμενον
610 2692 686 2766 τῷ
711 2692 850 2763 φωτὶ
871 2692 1049 2763 σῶμα.
1083 2689 1305 2760 Πρῶτον
1341 2686 1441 2758 μὲν
1468 2681 1562 2739 οὖν
1594 2683 1706 2754 (94)

116 2792 185 2844 ἐκ
232 2788 327 2844 τοῦ
374 2787 445 2842 τά
495 2786 725 2841 σύνθετα
774 2786 949 2841 πάντα
1002 2784 1145 2838 οὕτω
1196 2781 1325 2853 παρ’
1364 2778 1521 2850 ἡμῶν
1564 2778 1703 2831 διαι-

119 2882 363 2954 ρεῖσθαι,
386 2880 468 2944 εἷς
483 2897 542 2933 τε
573 2879 671 2951 τὴν
694 2878 947 2947 δεκτικὴν
971 2876 1158 2927 οὐσίαν
1186 2874 1280 2925 καὶ
1323 2872 1403 2935 είς
1434 2869 1531 2940 τὴν
1586 2870 1706 2922 ἐπι-

120 2974 417 3045 συμὸᾶσαν
444 2973 579 3042 αὐτῇ
615 2969 892 3038 ποιότητα.
930 2966 1015 3028 ὀς
1054 2960 1144 3017 οῦν
1176 2962 1360 3035 ἕτερον
1392 2959 1491 3033 μέν
1539 2978 1592 3014 τι
1636 2962 1703 3032 τῇ

118 3064 287 3135 φύσει
331 3066 366 3134 ή
411 3061 692 3130 λευκότης,
725 3057 911 3130 ἕτερον
972 3055 1029 3109 δέ
1068 3073 1121 3109 τι
1172 3055 1235 3109 τὸ
1275 3050 1710 3122 λελευιιασμένον¹

1799 580 1925 626 sunt
1976 572 2070 641 qui
2129 569 2293 624 verba
2337 569 2602 621 tornaudo
2640 565 2975 633 esspoliant,
3024 574 3201 631 neque
3225 573 3372 614 curse

1798 670 1927 715 sunt
1953 675 2163 715 sonoras
2191 675 2370 724 voces,
2398 659 2489 714 sed
2522 657 2723 725 ubique
2753 655 3032 710 nominum
3065 651 3371 705 claritatem

1799 754 2195 819 anteponimus.
2231 752 2364 807 Vide
2391 752 2575 819 igitur,
2610 764 2739 802 num
2792 747 2929 801 satis
2956 745 3099 813 quod
3137 742 3371 805 volebat,

1801 858 1898 911 per
1922 844 2062 897 hanc
2090 857 2275 897 vocem
2308 841 2745 895 illuminationem
2772 829 3101 907 expresserit
3132 852 3147 890 :
3175 834 3374 904 quippe

1809 950 1907 1005 pro
1936 934 2219 1004 splendore
2248 932 2686 987 illuminationem
2720 930 2872 982 dixit.
2904 928 3015 982 lloc
3044 937 3219 980 autem
3248 940 3372 979 cum

1803 1026 1868 1081 iis
1901 1041 2021 1095 qua:
2051 1026 2117 1080 de
2141 1025 2257 1079 luce
2286 1022 2428 1079 dicta
2454 1035 2599 1087 sunt,
2634 1021 2765 1077 nihil
2794 1028 3017 1092 pugnat.
3052 1018 3201 1075 Tunc
3225 1017 3370 1072 enim

1804 1119 2062 1187 producta
2092 1128 2175 1171 est
2200 1118 2314 1186 ipsa
2337 1115 2474 1169 lucis
2511 1124 2701 1168 natura
2732 1132 2747 1168 :
2783 1127 2924 1166 nunc
2954 1123 3134 1165 autem
3166 1121 3249 1163 est
3279 1123 3372 1162 so-

1805 1208 1920 1262 lare
1950 1207 2081 1262 illud
2120 1220 2319 1275 corpus
2362 1208 2665 1268 conditum,
2701 1204 3006 1258 vehiculum
3045 1213 3102 1256 ut
3142 1205 3214 1257 sit
3262 1201 3375 1271 pri—

1804 1300 2090 1367 mogeuitte
2129 1298 2204 1352 illi
2250 1298 2376 1353 luci.
2407 1297 2872 1364 Quemadmodum
2911 1295 3057 1348 enim
3099 1292 3244 1347 aliud
3292 1302 3378 1349 est

1803 1392 1967 1462 ignis,
2022 1391 2168 1446 aliud
2210 1392 2428 1445 lucerna
2459 1390 2572 1444 :illi
2608 1389 2828 1459 quidem
2862 1388 2947 1441 vis
2990 1388 3130 1441 inest
3178 1384 3377 1439 illumi-

1806 1486 1990 1551 naudi,
2030 1486 2145 1539 haec
2202 1500 2331 1537 vero
2368 1483 2432 1537 ad
2486 1482 2668 1537 lumen
2706 1483 2991 1553 egentibus
3024 1480 3373 1552 praebendum

1804 1576 2066 1632 fabricata
2098 1586 2221 1631 est:
2256 1577 2335 1630 sic
2382 1578 2544 1630 etiam
2580 1574 2687 1629 luci
2727 1575 2799 1628 illi
2843 1574 3147 1643 purissimae
3204 1571 3376 1625 since-

1806 1683 1988 1737 raque
2026 1676 2083 1721 et
2122 1667 2364 1721 materirc
2402 1668 2608 1734 experti
2644 1680 2743 1721 ceu
2769 1664 3074 1718 vehiculum
3101 1664 3187 1716 illa
3210 1663 3371 1716 lumi-

1807 1761 1956 1813 naria
2009 1774 2150 1813 nunc
2181 1770 2485 1828 praeparata
2533 1768 2679 1813 sunt.
2726 1758 2877 1813 Sicut
2903 1757 3046 1813 enim
3088 1755 3376 1825 Apostolus

1802 1851 2065 1920 quosdam
2114 1850 2193 1904 ait
2228 1865 2351 1906 esse
2391 1852 2677 1906 luminaria
2729 1852 2781 1905 in
2832 1854 3034 1907 mundo
3053 1851 3133 1916 ⁶¹;
3166 1852 3259 1905 sed
3289 1856 3374 1905 est

1805 1952 1983 1997 tamen
2024 1942 2130 1997 alia
2181 1942 2271 1997 lux
2329 1942 2513 1996 mundi
2564 1957 2725 2005 vera;
2753 1943 2905 2012 cujus
2932 1943 3370 2012 participatione,

1804 2037 1981 2092 sancti
2025 2035 2153 2092 facti
2197 2044 2326 2090 sunt
2368 2036 2672 2090 animarum
2705 2050 2841 2104 quas
2867 2034 3184 2089 erudiebant
3214 2034 3375 2089 Iunti-

1805 2129 1977 2195 naria,
2006 2129 2132 2183 dum
2159 2142 2254 2182 eas
2283 2127 2602 2195 ignorantiae
2655 2126 2891 2181 tenebris
2919 2127 3219 2181 eximerent
3250 2144 3263 2179 :
3301 2125 3374 2180 ita

1802 2223 1966 2276 etiam
2000 2236 2143 2275 nunc
2162 2221 2327 2276 solem
2365 2220 2530 2283 hunc,
2559 2229 2681 2289 post
2712 2218 3204 2288 splendidissimam
3230 2217 3373 2272 illam

1803 2312 1978 2366 lucem
2024 2313 2323 2377 conditum,
2356 2312 2409 2365 in
2457 2312 2659 2365 mundo
2713 2310 3072 2365 exsuscitavit
3127 2309 3379 2364 conditor

1803 2404 2208 2459 universorum.

1875 2520 1930 2579 3.
1973 2519 2082 2574 Nec
2103 2519 2353 2589 cuiquam
2375 2518 2693 2575 incredibile
2718 2518 2964 2572 videatur
2997 2517 3139 2586 quod
3163 2517 3373 2573 dictum

1805 2622 1908 2677 est,
1944 2612 2082 2667 lucis
2111 2611 2318 2667 scilicet
2349 2611 2691 2679 splendorem
2741 2611 2886 2664 aliud
2916 2611 3172 2679 quiddam
3204 2622 3371 2665 esse:

1806 2703 2008 2771 aliquid
2048 2717 2178 2756 vero
2228 2700 2394 2763 aliud,
2431 2700 2607 2769 ipsum
2661 2714 2860 2767 corpus
2911 2700 3011 2753 luci
3048 2698 3375 2768 subjectum.
3459 2699 3462 2701 ⁴

1806 2794 2045 2849 Primum
2076 2792 2295 2864 quidem
2323 2806 2388 2847 es
2418 2808 2485 2848 eo
2514 2791 2655 2863 quod
2706 2792 2999 2860 composita
3028 2791 3208 2846 omnia
3234 2792 3315 2847 sic
3343 2807 3375 2847 a

1805 2884 1963 2940 nobis
2008 2882 2343 2948 dividantur,
2393 2892 2448 2937 et
2500 2885 2554 2939 in
2607 2885 2955 2953 recipientem
2986 2883 3374 2948 substantiam,

1805 2984 1861 3029 et
1888 2975 1942 3029 in
1977 2975 2297 3044 qualitatem
2344 2975 2448 3045 ipsi
2479 2974 2877 3029 advenientem.
2909 2974 3376 3041 Quemadmodum

1811 3067 1975 3137 igitur
2010 3067 2157 3121 aliud
2201 3077 2395 3122 natura
2438 3076 2521 3123 est
2555 3067 2728 3131 albur,
2754 3067 2898 3120 aliud
2932 3081 3131 3136 corpus
3162 3068 3381 3122 dealba-

122 3158 311 3226 σῶμα,
347 3153 488 3207 οῦτω
518 3152 612 3206 καὶ
658 3149 727 3204 τά
748 3149 843 3203 νῦν
885 3149 1169 3221 εἰρημένα,
1198 3146 1431 3218 διάφορα
1461 3144 1589 3198 ὄντα
1636 3144 1701 3213 τῇ

1809 3168 1923 3213 tum
1955 3175 1969 3210 :
2000 3160 2078 3213 sic
2105 3160 2267 3213 etiam
2304 3174 2425 3228 qua:
2482 3162 2640 3213 modo
2686 3159 2993 3223 retulimus,
3026 3158 3151 3213 licet
3185 3169 3377 3213 natura

122 3248 290 3318 φύσει
319 3244 454 3316 (95),
501 3244 705 3315 ἠνωται
752 3245 818 3315 τῇ
851 3242 1077 3313 δυνάμει
1125 3238 1217 3294 τοῦ
1260 3238 1565 3299 κτίσαντος.
1594 3233 1703 3287 Καὶ

1809 3250 2041 3312 diversa,
2072 3257 2250 3303 tamen
2283 3248 2558 3305 Creatoris
2587 3251 2821 3320 petentia
2872 3248 3023 3305 luere
3067 3248 3378 3319 conjuncta.

126 3342 203 3413 μή
246 3356 340 3412 μοι
372 3338 495 3407 λέγε
526 3337 761 3392 ἀδύνατα
798 3331 935 3389 εἴναι
965 3333 1138 3388 ταῦτα
1172 3333 1266 3386 ἀπ’
1291 3328 1533 3401 ἀλλήλων
1572 3327 1707 3380 διαι-

123 3430 368 3505 ρεῖσθαι.
396 3428 531 3483 Οὐδέ
575 3426 683 3498 γάρ
710 3424 821 3494 ἐγὼ
852 3423 950 3496 τὴν
975 3422 1237 3495 διαίρεσιν
1262 3421 1357 3476 τοῦ
1384 3419 1559 3490 φωτὸς
1600 3417 1709 3472 ἀπὸ

121 3522 221 3577 τοῦ
242 3519 470 3595 ἡλιακοῦ
498 3517 743 3588 σώματος
774 3515 897 3584 ἐμοὶ
920 3514 1011 3567 καὶ
1034 3514 1115 3565 σοὶ
1130 3512 1356 3581 δυνατὴν
1382 3507 1519 3564 εἷναί
1543 3526 1704 3579 φημι,

122 3614 243 3668 ἀλλ’
272 3614 361 3667 ὅτι
388 3609 425 3665 ά
454 3611 586 3680 ἡμῖν
622 3610 690 3679 τῇ
722 3606 934 3677 ἐπινοίᾳ
962 3605 1076 3658 ἐστὶ
1112 3603 1376 3675 χωριστὰ,
1404 3601 1576 3655 ταῦτα
1625 3600 1711 3655 δύ-

124 3722 289 3761 ναται
322 3703 416 3758 καὶ
459 3702 595 3773 αὐτῇ
622 3703 689 3772 τῇ
743 3698 993 3772 ἐνεργείᾳ
1046 3695 1199 3769 παρὰ
1221 3693 1317 3749 τοῦ
1353 3693 1578 3766 ποιητοῦ
1611 3693 1711 3764 τῆς

126 3798 352 3869 φύσεως
388 3793 566 3850 αὐτῶν
591 3793 889 3864 διαστῆναι.
924 3791 1076 3844 Ἐπεὶ
1121 3789 1215 3843 καὶ
1245 3789 1326 3842 σοὶ
1360 3789 1459 3860 τὴν
1487 3802 1712 3841 καυστι-

125 3894 235 3962 χὴν
260 3890 493 3958 δύναμιν
528 3885 623 3939 τοῦ
664 3884 834 3955 πυρὸς
860 3882 967 3935 ἀπὸ
1020 3882 1121 3951 τῆς
1163 3880 1545 3951 λαμπρότητος
1599 3896 1709 3949 χω·-

129 3984 283 4056 ρίσαι
314 3980 626 4049 ἀμήχανονο
660 3976 688 4027 ὁ
737 3974 795 4027 δὲ
846 3972 997 4035 Θεὸς,
1031 3971 1320 4042 παραδόξῳ
1366 3970 1599 4041 θεάματι
1620 3969 1711 4022 τὸν

124 4069 333 4129 ἐαυτοῦ
377 4068 683 4141 θεράποντα
724 4065 1048 4137 ἐπιστρέψαι
1078 4064 1416 4135 βουλόμενος,
1464 4062 1577 4135 πῦρ
1615 4064 1713 4117 ἐπ-

126 4167 303 4238 έθηκε
338 4168 409 4237 τῇ
455 4162 603 4234 βάτῳ
652 4159 762 4215 ἀπὸ
797 4160 964 4232 μόνης
1008 4160 1109 4231 τῆς
1138 4160 1522 4231 λαμπρότητος
1562 4158 1714 4229 ἐνερ-

127 4256 288 4323 γοῦν,
323 4254 423 4326 τὴν
453 4252 509 4307 δὲ
556 4250 650 4303 τοῦ
680 4248 856 4303 καίειν
886 4247 1113 4319 δύναμιν
1169 4246 1533 4318 σχολάζουσαν
1568 4242 1710 4313 ἐχον.

138 4346 236 4407 Ὠς
285 4336 386 4397 καῖ
419 4345 448 4397 ό
478 4340 785 4411 Ψαλμῳδὸς
827 4339 936 4411 (96)
990 4340 1259 4409 μαρτυρεῖ
1300 4336 1501 4405 λέγων·
1540 4333 1712 4400 Φωνὴ

129 4435 364 4506 Κυρίου
408 4432 839 4497 διακόπτοντος
893 4430 1092 4499 φλόγα
1136 4427 1345 4496 πυρός.
1398 4425 1560 4480 Ὀθεν
1617 4424 1714 4478 καὶ

1805 3340 1917 3397 Nec
1948 3342 2078 3395 mihi
2104 3341 2310 3397 dixeris
2341 3342 2457 3397 fieri
2493 3357 2596 3396 non
2642 3356 2822 3410 posse,
2855 3351 2912 3395 ut
2947 3342 3062 3396 lucc
3084 3355 3115 3395 a
3143 3357 3205 3397 se
3236 3344 3379 3396 invi-

1809 3446 1924 3485 cem
1957 3441 2295 3499 separentur.
2325 3430 2508 3499 Neque
2538 3432 2680 3486 euim
2703 3433 2790 3486 aio
2826 3432 2961 3486 lucis
2991 3447 3021 3486 a
3055 3432 3219 3487 solari
3248 3449 3373 3489 cor-

1812 3534 1944 3588 pore
1996 3522 2390 3589 separatlonem
2445 3523 2574 3576 mihi
2611 3533 2667 3578 et
2714 3524 2807 3577 tibi
2861 3538 2982 3579 esse
3017 3525 3375 3593 possibllem:

1812 3614 1909 3670 sed
1947 3629 2068 3683 quae
2106 3626 2292 3670 nostra
2322 3618 2652 3687 cogitatione
2679 3618 2843 3672 dividi
2872 3628 3118 3687 possunt,
3148 3634 3210 3673 ea
3260 3620 3384 3675 diro

1810 3722 1840 3760 a
1876 3705 1982 3778 53
2002 3719 2211 3761 naturre
2237 3709 2519 3763 conditore
2548 3709 2711 3762 etiam
2739 3709 2916 3778 reipsa
2951 3708 3160 3778 sejuugi
3194 3724 3377 3780 posse.

1812 3798 1948 3853 Nam
1984 3809 2038 3855 et
2070 3809 2125 3854 tu
2152 3800 2259 3853 vim
2315 3800 2456 3866 ignis
2494 3800 2811 3856 adurentem
2836 3818 2865 3854 at
2903 3802 3189 3872 splendore
3227 3816 3383 3873 sepa-

1812 3904 1935 3945 rare
1977 3904 2318 3960 nequaquam
2356 3899 2547 3960 potes:
2593 3892 2730 3948 Deus
2781 3908 2932 3957 vero.
2965 3894 3057 3965 qui
3118 3894 3381 3953 famulum

1813 3996 1969 4035 suum
2014 3983 2279 4051 stupentlo
2317 3983 2581 4039 miraculo
2636 3987 2912 4041 attrahere
2942 3986 3172 4051 volebat,
3207 3988 3385 4057 ignem

1814 4073 1870 4128 in
1928 4073 2063 4127 rubo
2126 4072 2400 4143 imposuit,
2442 4079 2533 4144 qui
2596 4074 2890 4131 ellicaciam
2939 4092 2971 4131 a
3032 4078 3146 4133 solo
3198 4079 3385 4149 splen-

1815 4165 1946 4220 dore
2024 4166 2393 4225 mutnabatur.
2465 4166 2570 4220 vim
2641 4174 2823 4221 autem
2895 4169 3087 4224 ttrendi
3154 4170 3385 4228 habebat

1813 4255 2065 4310 otiosam.
2117 4253 2277 4308 Velut
2336 4255 2500 4309 etiam
2576 4255 2783 4311 Psaltes
2857 4267 3102 4322 testatur,
3150 4261 3383 4316 dicens:

1830 4342 1939 4399 Vox
1989 4343 2201 4397 Domini
2238 4344 2594 4401 intercidcnlis
2630 4348 2899 4417 ﬂammant
2958 4348 3095 4419 ignis
3114 4348 3182 4404 ⁸¹.
3235 4349 3390 4408 Unde

1817 4437 1981 4491 etiam
2013 4450 2133 4490 cum
2178 4451 2358 4491 rerum
2399 4438 2450 4491 in
2502 4439 2610 4491 vita
2648 4448 2919 4508 gestarum
2972 4455 3181 4498 merces
3228 4445 3388 4499 retri-

133 4529 194 4579 ἐν
246 4525 369 4586 ταῖς
431 4521 539 4574 τῶν
590 4519 936 4593 βεϐιωμένων
987 4518 1119 4589 ἡμῖν
1184 4514 1571 4570 άνταποδόσεσι
1626 4512 1706 4567 λό-

1822 4526 2057 4589 buetur,
2120 4540 2350 4581 arcanus
2397 4527 2613 4596 quidam
2688 4543 2867 4583 sermo
2923 4545 3020 4585 nos
3087 4531 3241 4588 docet
3292 4549 3389 4587 na-

132 4634 234 4686 γος
252 4632 341 4679 τις
365 4614 512 4686 ἡμᾶς
544 4614 602 4665 ἐν
628 4613 924 4685 άπορῤήτῳ
948 4610 1223 4675 παιδεύει,
1273 4606 1711 4681 διαιρεθήσεσθαι

131 4708 234 4763 τοῦ
257 4708 430 4779 πυρὸς
453 4707 552 4779 τὴν
585 4704 764 4776 φύσιν,
800 4706 896 4758 καὶ
926 4704 988 4759 τὸ
1022 4704 1120 4776 μέν
1146 4704 1261 4774 φῶς
1303 4704 1383 4767 εἰς
1417 4702 1714 4756 ἀπόλαυσιν

133 4803 252 4865 τοῖς
272 4798 524 4863 δικαίοις,
550 4798 613 4853 τὸ
638 4797 695 4851 δέ
733 4796 833 4868 τῆς
874 4796 1122 4861 καύσεως
1168 4796 1425 4868 ὀδυνηρὸν
1459 4796 1573 4858 τοῖς
1621 4811 1714 4849 κο-

135 4890 460 4965 λαζομένοις
492 4887 987 4962 άπσταχθήσεσθαι.
1025 4889 1254 4944 Ἔπειτα
1286 4889 1467 4960 μέντοι
1509 4888 1602 4941 καὶ⁵
1652 4890 1717 4943 ἐκ

136 4988 250 5041 τῶν
285 4984 415 5057 περὶ
448 4985 677 5057 σελήνην
724 4980 912 5037 παθῶν
943 4980 1165 5034 δυνατὸν
1223 4983 1371 5054 ἡμᾶς
1402 4980 1500 5053 τὴν
1533 4980 1715 5035 πίστιν

135 5078 248 5132 τῶν
274 5074 621 5149 ζητουμένων
650 5074 932 5147 εὕρασθαι.
968 5072 1220 5144 Δήγουσα
1246 5074 1353 5145 γὰρ
1371 5113 1386 5135 ,
1410 5073 1505 5126 καὶ
1535 5090 1714 5140 μειου-

141 5170 306 5240 μένη,
338 5168 458 5239 οὐχὶ
497 5164 575 5236 τῷ
633 5166 795 5221 παντὶ
846 5166 1043 5238 ἐαυτῆς
1094 5161 1305 5233 σώματι
1358 5164 1661 5218 δαπανᾶται
1698 5202 1713 5229 ,

196 5392 261 5425 ,ιι
286 5390 520 5462 Philipp.
555 5406 617 5457 ιι,
648 5389 736 5445 15.
811 5392 857 5424 ⁶¹
881 5390 1025 5451 Psal.
1059 5406 1249 5453 sunt.
1279 5389 1308 5441 7

218 5597 335 5738 (93)
376 5596 508 5667 Reg.
535 5598 753 5666 quintus
779 5596 840 5651 τὸ
862 5596 1103 5670 εὔσημον
1131 5597 1239 5651 τῶν
1264 5598 1568 5669 νοημάτων.

218 5669 312 5733 (94
375 5668 467 5724 Sic
501 5668 740 5738 quinque
768 5683 901 5722 mss.
928 5669 1083 5724 Deest
1108 5665 1199 5723 οὖν
1228 5670 1280 5724 in
1306 5672 1483 5723 editis.
1514 5672 1568 5724 SI

172 5739 185 5756 ἱ
218 5665 335 5738 (94)
375 5665 476 5724 Sic
495 5668 740 5791 quinque
768 5683 901 5722 mss.
928 5665 1083 5724 Déést
1108 5665 1199 5723 οῦν
1228 5670 1280 5724 in
1306 5665 1483 5723 editis.
1514 5670 1710 5724 Statim

172 5741 492 5810 .olb._secun
536 5753 599 5810 us
626 5741 754 5809 παρ’
778 5740 927 5810 ἡμῖν.
1284 5809 1291 5810 ί
1672 5808 1678 5810 Α

147 5741 300 5795 Colit.
329 5741 599 5795 secundus
626 5741 754 5809 παρ’
778 5741 927 5810 ἡμῖν.

216 5808 334 5879 (95)
373 5812 451 5866 tta
485 5808 661 5866 codex
690 5807 933 5868 Combel.
968 5824 1093 5866 cum
1119 5825 1213 5867 sex
1248 5809 1367 5865 aliis
1395 5824 1522 5865 mss.
1552 5807 1702 5873 Illud,

1822 4628 1996 4672 turam
2059 4618 2199 4688 ignis
2268 4618 2497 4673 divisum
2550 4619 2666 4687 iri,
2716 4630 2769 4678 et
2832 4621 3004 4677 lucem
3058 4625 3271 4693 quidem
3332 4625 3387 4682 in

1820 4708 2133 4765 l'ruitionem
2158 4708 2662 4778 justis,adustionis
2711 4727 2840 4767 vero
2884 4714 3235 4771 acerbitatem
3286 4734 3390 4787 pu-

1823 4801 2034 4856 niendis
2093 4800 2464 4855 destinandam
2510 4818 2651 4858 esse.
2701 4802 2901 4862 Deinde
2941 4822 3069 4862 vero
3119 4810 3280 4864 etiam
3321 4827 3390 4868 ex

1824 4892 1965 4947 luna:
2016 4891 2486 4948 vicissitudinibus
2551 4894 2710 4951 iidem
2759 4900 3000 4968 quaesitis
3033 4900 3227 4957 afferre
3268 4919 3395 4974 pos-

1825 4998 2032 5038 sumus.
2073 4982 2365 5041 Enimvero
2403 4987 2527 5041 dum
2583 4989 2817 5053 desinit,
2852 5000 2909 5046 et
2950 4994 3234 5061 decrescit,
3282 5011 3391 5054 ttou

1828 5088 1942 5131 tcto
1996 5077 2078 5131 sui
2113 5077 2281 5147 ipsius
2314 5094 2539 5150 corpore
2590 5085 2953 5148 consumitur.
3010 5088 3104 5142 sed
3153 5089 3389 5144 circum-

1827 5168 2057 5238 positam
2099 5170 2272 5225 lucem
2314 5174 2604 5242 deponens,
2642 5185 2697 5231 et
2728 5176 2921 5232 iterum
2948 5195 3254 5246 assumens,
3294 5185 3390 5239 de-

1818 5601 1884 5670 τῇ
1919 5599 2097 5669 φύσει,
2142 5599 2480 5656 desideratur
2514 5602 2566 5655 in
2603 5602 2781 5657 editis.
2818 5601 3015 5658 Ibidem
3049 5604 3188 5660 idem
3220 5606 3395 5661 codex

1818 5670 2144 5742 Continget
2173 5672 2262 5725 alii
2294 5672 2400 5726 duo
2424 5673 2683 5742 ἧνωνιαι.

1892 5738 2002 5813 (96)
2044 5738 2291 5798 Nonnulli
2332 5738 2515 5801 mssLti
2547 5741 2779 5813 ψαλμός.
2824 5741 2943 5799 llos
2979 5760 3118 5801 unus
3155 5760 3257 5801 ms.
3288 5745 3400 5802 8w-

1813 5809 2095 5873 κοπόντος.
