4092 6318
696 340 803 396 ιιεδ

2035 345 2094 402 S.
2137 345 2380 401 BASlLll
2419 342 2632 401 MAGNI

3851 351 3939 405 iis

697 451 961 506 crementi
985 451 1222 521 speciem
1247 462 1300 507 et
1325 454 1646 509 incrementi
1677 456 1830 510 nobis
1853 456 2089 512 exhibet.
2119 458 2268 524 Quod

2373 459 2507 513 ἀλλά
2530 460 2590 513 τὸ
2607 461 2985 532 περικείμενον
3017 465 3131 534 φῶς
3151 465 3518 536 ἀποτιθεμένη
3556 466 3654 518 καὶ
3685 464 3944 536 προσλαμ-

696 555 875 599 autem
907 544 1044 598 lunm
1065 561 1284 614 corpus,
1314 546 1430 616 ipsa
1458 547 1672 614 silente,
1703 565 1811 602 non
1842 550 2176 616 absumatur,
2205 567 2268 606 ea

695 651 816 708 qua:
837 637 1137 701 cernimus,
1159 639 1443 693 evidenter
1471 641 1721 710 probant.
1751 640 1883 694 Nam
1909 642 1961 694 in
1986 657 2108 696 aere
2134 658 2270 712 puro

693 730 950 797 omnique
995 730 1186 784 nebula
1240 742 1495 802 purgato,
1554 751 1675 789 cum
1731 737 1970 790 maxime
2019 734 2268 792 ialcatam

688 819 921 890 ‘iiguram
951 822 1109 878 habet
1138 824 1290 888 luna,
1321 822 1452 880 licet
1478 827 1576 881 libi
1612 829 1910 882 observare
1939 842 2002 883 ac
2049 830 2264 895 videre,

694 924 904 981 partem
943 913 1109 982 ipsius
1137 916 1423 969 obscuram
1457 933 1521 971 ac
1547 919 1664 972 luce
1688 919 2029 982 destitutam,
2062 936 2090 972 a
2124 930 2268 974 tanta

695 1014 989 1059 curvatura
1014 1008 1418 1072 circumscribi,
1449 1020 1651 1078 quanta
1684 1011 1736 1064 in
1768 1011 2078 1079 pleniluuiis
2103 1022 2268 1066 totam

695 1093 868 1163 ipsam
896 1097 1098 1165 explet.
1134 1097 1498 1164 Quamobrem
1536 1101 1774 1155 circulus
1803 1101 2084 1156 absolutus
2123 1101 2271 1156 clare

694 1188 1049 1259 conspicitur,
1091 1190 1139 1244 si
1183 1192 1341 1246 modo
1374 1195 1522 1247 visus
1555 1210 1782 1262 opacum
1819 1205 1874 1248 et
1917 1195 2270 1263 caliginosum

687 1280 875 1334 sinum
917 1281 982 1335 ad
1025 1292 1234 1351 partem
1277 1284 1637 1339 illuminatam
1675 1283 1896 1339 referat.
1933 1286 2044 1341 Nec
2086 1288 2269 1351 dicas,

693 1386 896 1444 quaeso,
931 1374 1105 1429 lucem
1143 1375 1282 1429 lunae
1322 1377 1682 1430 adventitiam
1712 1391 1855 1443 esse,
1887 1393 1951 1430 eo
1995 1378 2137 1446 quod
2175 1380 2274 1432 im-

695 1467 978 1531 minuitur,
1009 1467 1134 1520 dum
1180 1468 1244 1520 ad
1285 1468 1454 1521 solem
1489 1463 1723 1533 accedit,
1768 1468 1963 1520 iterum
1997 1484 2127 1522 vero
2175 1480 2272 1520 an-

694 1569 877 1628 getur,
918 1559 1043 1613 dum
1093 1560 1344 1616 discedit.
1394 1556 1578 1626 Neque
1635 1559 1780 1612 enim
1832 1560 1961 1612 illud
2019 1561 2175 1613 nobis
2219 1562 2270 1613 iu

693 1651 945 1718 praesenti
977 1651 1414 1717 investigandum
1450 1651 1792 1718 proponitur,
1833 1652 1926 1704 sed
1955 1653 2096 1720 quod
2125 1651 2270 1703 aliud

691 1751 778 1794 est
817 1754 1016 1810 corpus
1063 1740 1256 1809 ipsius,
1306 1741 1452 1794 aliud
1489 1743 1568 1794 vis
1606 1741 1940 1798 illuminaus,
1976 1742 2119 1797 Sane
2167 1742 2274 1797 tale

2379 551 2613 605 δάνουσα
2644 553 2827 616 πάλιν,
2862 556 3210 621 ἐλαττώσεως
3237 560 3367 627 ἡμῖν
3417 561 3512 611 καὶ
3539 557 3824 628 αὐξήσεως
3866 560 3947 619 τὰς

2379 647 2676 714 φαντασίας
2698 651 3011 719 παρέχεται.
3036 651 3141 703 Τοῦ
3169 651 3223 703 δὲ
3253 653 3325 722 μὴ
3357 652 3487 704 αὐτὸ
3509 652 3570 704 τὸ
3602 652 3766 722 σῶμα
3801 652 3949 720 αὑτῆς

2377 735 2648 806 ληγούσης
2674 739 3381 810 ἀπαναλίσκεσθαιὲναργές
3417 739 3807 810 μαρτύριοντά
3839 733 3946 807 ὀριὲ

2383 847 2538 899 μενα.
2587 830 2802 894 Ἔξεστι
2831 833 2938 901 γάρ
2977 850 3056 885 σοι
3103 833 3193 886 καὶ
3239 835 3296 885 ἐν
3327 831 3554 904 καθαρῷ
3581 823 3664 902 τῷ
3691 833 3816 900 ἀέρι
3875 834 3951 884 καὶ

2382 925 2559 992 πάσης
2588 924 2781 993 ἀχλύος
2799 925 3220 996 ἀπηλλαγμένῳ,
3249 928 3375 979 ὅταν
3409 926 3648 996 μάλιστα.
3684 925 3952 994 μηνοειδὴς

2377 1017 2624 1087 τυγχάνῃ
2655 1017 2792 1070 κατά
2822 1018 2881 1071 τὸ
2916 1019 3102 1089 σχῆμα
3133 1021 3524 1090 ἐπιτηρήσαντι
3559 1018 3701 1084 (97),
3733 1016 3954 1069 κατιδεῖν

2376 1110 2438 1162 τὸ
2471 1109 2722 1180 ἀλαμπὲς
2771 1112 2940 1180 αὐτῆς
2990 1121 3083 1164 καὶ
3136 1111 3436 1180 ἀφώτιστον
3484 1112 3590 1164 ὑπὸ
3633 1109 3955 1179 τηλικαύτης

2379 1201 2565 1270 ἁψῖδος
2605 1203 3095 1272 περιγραφόμενον,
3149 1204 3306 1276 ἡλίκη
3353 1203 3461 1273 (98)
3514 1205 3572 1255 ἐν
3605 1205 3728 1265 ταῖς
3765 1218 3953 1254 πανσε-

2379 1293 2559 1364 λήνοις
2608 1293 2706 1364 τὴν
2754 1296 2931 1348 πᾶσαν
2960 1296 3126 1368 αὐτὴν
3161 1295 3446 1366 ἐκπληροῖ.
3476 1295 3641 1348 Ὥστε
3679 1295 3954 1363 τηλαυγῶς

2381 1385 2782 1456 ἀπηρτισμένον
2808 1383 3139 1456 καθορᾶσθαι
3163 1387 3253 1440 τὸν
3283 1387 3480 1439 κύκλον
3510 1386 3590 1455 τῷ
3621 1385 3956 1456 περιλαμπο-

2384 1475 2529 1545 μένῳ
2568 1477 2722 1547 μέρει
2753 1476 2845 1528 τὸν
2882 1477 3096 1542 σκιερὸν
3130 1478 3225 1531 καὶ
3260 1475 3470 1548 ἀερώδη
3505 1477 3710 1529 κόλπον
3741 1493 3954 1529 συνανα-

2383 1570 2654 1640 φερούσης
2701 1569 2801 1638 τῆς
2832 1568 3026 1637 ὄψεως.
3081 1563 3186 1621 rm
3237 1571 3308 1639 μή
3343 1588 3431 1640 μοι
3476 1569 3599 1637 λέγε
3640 1570 3954 1621 ἐπείσακτον

2381 1656 2519 1713 εἶναι
2566 1665 2663 1731 τῆς
2713 1663 2942 1734 σελήνης
2972 1662 3030 1714 τὸ
3063 1660 3197 1730 φῶς,
3229 1653 3363 1714 διὸτι
3393 1662 3639 1737 μειοῦται
3678 1665 3777 1732 μὲν
3833 1662 3954 1732 πρὸς

2380 1752 2528 1822 ἥλιον
2553 1753 2829 1822 φερομένη
2882 1751 3101 1816 αὒξεται
3133 1749 3186 1804 δέ
3221 1754 3380 1806 πάλιν
3415 1753 3790 1823 ἀφισταμένη.
3833 1752 3953 1805 υὺδὲ

695 1833 970 1902 quidpiam
1002 1833 1130 1886 mihi
1166 1834 1339 1902 cogita
1369 1844 1423 1888 et
1448 1834 1511 1888 de
1539 1835 1653 1889 sole
1681 1853 1693 1888 :
1734 1847 2090 1904 praeterquam
2126 1838 2266 1905 quod

2382 1840 2488 1912 γὰρ
2521 1842 2694 1894 ἐκεῖνο
2723 1844 2853 1912 ἡμῖν
2880 1841 3153 1906 ἐξεταζειν
3197 1844 3253 1892 ἐν
3275 1842 3350 1911 τῷ
3395 1844 3627 1912 παρόντι
3654 1843 3951 1914 πρόκειται,

696 1925 787 1981 hic
811 1926 985 1981 lucem
1010 1967 1024 1990 ,
1070 1944 1228 1996 quam
1266 1928 1430 1982 semel
1471 1931 1681 1998 accepit
1715 1945 1776 1983 ac
1808 1930 1910 1983 sibi
1941 1940 2270 1996 attempera-

693 2026 806 2074 tam
841 2020 1048 2085 habuit,
1088 2021 1310 2074 minime
1353 2021 1613 2089 deponit:
1655 2020 1743 2071 illa
1778 2035 1930 2082 vero,
1965 2020 2090 2072 dum
2132 2020 2274 2074 assi-

695 2113 799 2166 due
828 2109 976 2166 velut
1002 2113 1154 2165 exuit
1178 2121 1231 2166 et
1257 2127 1443 2165 rursus
1469 2112 1642 2164 induit
1670 2109 1869 2176 lucem,
1915 2125 2010 2180 per
2038 2112 2273 2178 seipsam

698 2219 764 2259 ea
810 2206 998 2272 etiam,
1028 2220 1150 2275 quae
1197 2205 1260 2259 de
1289 2205 1403 2259 sole
1437 2204 1578 2260 dicta
1627 2213 1776 2267 sunt,
1810 2205 2116 2259 conﬁrmat.
2150 2197 2274 2258 Harc

691 2296 979 2351 luminaria
1004 2296 1155 2364 jnssa
1194 2310 1321 2352 sunt
1353 2314 1567 2366 quoque
1598 2297 1739 2350 diem
1778 2312 1842 2352 ac
1873 2307 2087 2351 noctem
2127 2297 2271 2349 inter

692 2396 754 2438 se
785 2397 1060 2451 separare.
1097 2383 1314 2438 Etenim
1351 2388 1603 2455 superius
1645 2402 1673 2439 a
1717 2387 1955 2441 tenebris
1985 2386 2156 2439 lucem
2186 2387 2267 2439 di-

694 2476 821 2531 visit
847 2479 1016 2544 Deus;
1043 2489 1282 2544 tuncque
1311 2489 1562 2530 naturam
1593 2480 1830 2546 ipsorum
1856 2479 1907 2531 in
1937 2478 2270 2532 contrarium

694 2572 930 2638 partitus
950 2578 1068 2624 est:
1097 2581 1156 2624 ut
1181 2571 1323 2624 inter
1352 2571 1466 2639 ipsa
1494 2571 1798 2622 intercedat
1827 2569 2082 2622 admistio
2105 2568 2271 2632 nulla,

694 2671 750 2714 et
792 2661 896 2715 luci
928 2676 1051 2714 cum
1097 2662 1334 2716 tenebris
1367 2663 1508 2714 nulla
1544 2668 1616 2716 sit
1654 2663 1907 2716 societas.
1942 2663 2092 2729 Quod
2127 2661 2270 2715 enim

694 2762 781 2806 est
821 2754 871 2806 in
917 2753 1003 2808 die
1039 2754 1252 2819 umbra,
1294 2755 1527 2824 idipsum
1559 2771 1680 2810 esse
1715 2765 1875 2810 noctu
1923 2756 2271 2810 tenebrarum

697 2854 945 2899 naturam
970 2848 1268 2916 putandum
1296 2857 1402 2901 est.
1429 2843 1561 2902 Nam
1589 2849 1633 2901 si
1661 2848 1837 2901 omnis
1859 2849 2069 2910 umbra,
2100 2849 2272 2914 splen-

696 2937 829 2990 dore
868 2936 1048 3004 aliquo
1081 2938 1451 3001 illucescente,
1495 2939 1548 2990 in
1597 2949 1808 3007 partem
1842 2939 1944 2992 luci
1989 2940 2268 2992 advers-im

699 3039 731 3078 ι
763 3027 1082 3094 corporibus
1110 3026 1335 3090 excidit,
1367 3035 1421 3080 et
1465 3042 1623 3081 mane
1654 3029 1870 3096 quidem
1908 3029 1974 3081 ad
2014 3043 2269 3082 occasum

700 3117 1062 3185 protenditur,
1093 3132 1318 3186 vespere
1348 3132 1476 3173 vero
1503 3121 1568 3172 ad
1611 3121 1878 3173 orientem
1924 3133 2110 3174 versus
2154 3135 2270 3174 ver-

695 3211 792 3279 git,
836 3207 1003 3278 ﬁtque
1048 3210 1099 3262 iu
1157 3211 1385 3266 meridie
1427 3213 1865 3281 septentrionalis
1905 3227 1918 3265 :
1955 3214 2116 3266 etiam
2167 3228 2270 3266 nox

692 3299 751 3355 in
790 3310 974 3367 partes
1007 3301 1174 3354 radiis
1204 3303 1481 3369 oppositas
1527 3305 1752 3364 secedit,
1809 3320 1930 3356 cum
1970 3305 2267 3357 secundum

695 3402 947 3446 naturam
982 3393 1114 3446 nihil
1153 3392 1298 3446 aliud
1329 3394 1398 3447 sit
1428 3407 1591 3462 quam
1622 3401 1781 3447 terrae
1815 3394 2025 3448 umbra.
2068 3394 2270 3459 Quent-

694 3486 982 3541 admodum
1029 3487 1171 3542 enim
1210 3489 1397 3541 umbra
1448 3487 1568 3541 ideo
1612 3486 1661 3540 in
1710 3486 1795 3540 die
1825 3487 2094 3551 subsistit,
2131 3489 2272 3556 quod

695 3575 903 3645 aliquid
948 3577 1124 3632 lucem
1174 3579 1443 3632 obstruit:
1482 3579 1555 3631 ita
1597 3578 1921 3632 naturaliter
1953 3589 2054 3630 uox
2096 3578 2272 3631 nasci-

695 3673 806 3729 tur,
839 3681 961 3720 cum
987 3681 1082 3720 aer
1109 3675 1268 3720 teme
1294 3666 1654 3720 circumfusus
1685 3666 2058 3719 obumbratur.
2086 3665 2271 3733 itaque

694 3757 926 3826 idipsum
961 3769 1043 3813 est
1074 3758 1216 3828 quod
1263 3759 1466 3811 dictum
1501 3757 1600 3810 fuit
1638 3776 1652 3812 :
1707 3757 1845 3812 Deus
1891 3759 2068 3812 divisit
2101 3757 2269 3811 lucem

693 3867 730 3904 α
761 3852 982 3904 tenebris
1014 3851 1058 3881 "
1091 3869 1103 3881 ·
1140 3851 1576 3920 quandoquidem
1612 3849 1749 3905 lucis
1781 3867 2058 3907 accessum
2107 3849 2272 3904 decli-

694 3953 828 4000 nant
850 3947 1106 4010 tenebrae,
1137 3961 1258 3998 cum
1287 3946 1546 3999 alienatio
1574 3945 1835 3998 naturalis
1861 3945 1912 3998 in
1945 3946 2117 4014 prima
2147 3959 2272 4013 pro-

693 4037 971 4092 creatione
1026 4036 1168 4092 inter
1207 4051 1265 4090 se
1311 4035 1560 4089 instituta
1605 4036 1696 4090 sit.
1739 4037 1893 4091 Nune
1938 4046 2116 4091 autem
2161 4036 2267 4091 dici

692 4131 965 4185 metiendo
1001 4130 1168 4184 solem
1194 4127 1434 4199 praefecit
1474 4149 1484 4182 :
1515 4127 1696 4180 lunam
1724 4142 1876 4190 vero,
1907 4143 2027 4182 cun:
2065 4129 2116 4181 in
2147 4145 2270 4197 pro-

693 4221 813 4292 prio
863 4221 1068 4275 circulo
1096 4222 1346 4276 omnibus
1393 4222 1506 4275 suis
1549 4220 1789 4274 numeris
1844 4220 2087 4274 absoluta
2148 4231 2268 4286 est,

693 4313 871 4366 noctis
916 4313 1330 4367 moderatricem
1364 4311 1468 4383 53
1519 4314 1731 4366 statuit.
1776 4310 1927 4366 Tunc
1960 4313 2104 4366 enim
2156 4312 2268 4368 fere

691 4415 762 4455 ex
798 4402 1065 4455 diametro
1100 4405 1238 4457 inter
1266 4418 1325 4456 se
1354 4404 1598 4473 opposita
1627 4414 1752 4457 sunt
1782 4401 2091 4456 luminaria.
2129 4401 2263 4457 Nam

2375 1931 2488 1984 ἀλλ’
2515 1933 2594 1985 ὃτι
2621 1932 2804 2002 ἓτερον
2832 1933 2930 2002 μὲν
2955 1932 3128 2001 αὐτῆς
3156 1932 3216 1984 τὸ
3239 1931 3415 2002 σῶμα,
3451 1931 3639 2002 ἕτερον
3666 1933 3725 1986 δὲ
3757 1933 3818 1986 τὸ
3850 1950 3951 2002 φω-

2375 2023 2542 2086 τίζον.
2593 2022 2846 2078 Τοιοῦτον
2895 2023 2957 2094 δή
3016 2018 3068 2078 τί
3108 2041 3194 2094 μοι
3224 2024 3331 2076 νόει
3372 2026 3465 2076 καὶ
3521 2025 3616 2076 ἐπί
3654 2025 3752 2077 τοῦ
3791 2025 3948 2095 ἡλίουο

2377 2112 2515 2182 πλὴν
2540 2113 2620 2164 ὅτι
2660 2114 2687 2164 ὁ
2719 2111 2838 2182 μὲν,
2880 2109 3059 2165 λαϐὼν
3087 2113 3232 2176 ἅπαξ
3264 2114 3357 2165 καὶ
3387 2115 3803 2183 ἐγκεκραμένον
3838 2115 3950 2167 ἐαυ-

2375 2200 2452 2273 τῷ
2483 2202 2595 2273 (99)
2639 2201 2699 2255 τὸ
2725 2202 2840 2272 φῶς
2872 2202 3032 2273 ἔχων,
3053 2196 3152 2255 ούκ
3184 2202 3520 2255 ἀποτίθεται’
3554 2205 3588 2272 ἡ
3615 2202 3692 2266 δὲ,
3733 2203 3950 2272 συνεχῶς

2373 2291 2484 2348 οἷον
2529 2295 2874 2365 ἀποδυομένη
2905 2296 2997 2348 καὶ
3031 2295 3190 2347 πάλιν
3222 2293 3684 2366 ἐπαμφιαζομένη
3725 2296 3783 2348 τὺ
3825 2297 3947 2363 φῶς.

2371 2386 2436 2438 δι’
2473 2386 2671 2454 ἐαυτῆς
2702 2385 2792 2439 καὶ
2815 2385 2880 2438 τὰ
2911 2384 3151 2456 περὶτοῦ
3187 2384 3336 2448 ⁷ἡλίου
3360 2385 3478 2456 είρη
3490 2386 3629 2454 μένα
3652 2384 3945 2438 πιστοῦται.

2373 2472 2532 2529 Οὗτοι
2565 2478 2658 2528 καὶ
2681 2475 3024 2547 διαχωρίζειν
3047 2475 3349 2546 ἐτάχθησαν
3379 2476 3483 2528 ἀνὰ
3514 2475 3682 2546 μέσον
3705 2476 3803 2546 τῆς
3823 2474 3946 2547 ἠμέ-

2378 2585 2476 2639 ρας
2500 2569 2593 2620 καὶ
2620 2568 2722 2618 ἀνὰ
2756 2570 2921 2636 μέσον
2950 2569 3048 2637 τῆς
3083 2569 3294 2629 νυκτός.
3330 2570 3476 2621 Ἀνω
3506 2569 3606 2638 μὲν
3635 2569 3748 2640 γὰρ
3774 2568 3948 2640 διεχώ-

2378 2679 2523 2733 ρισεν
2560 2665 2587 2714 ὁ
2608 2661 2739 2722 Θεὸς
2761 2660 2862 2712 ἀνᾶ⁵
2889 2661 3048 2730 μέσον
3070 2660 3161 2712 τοῦ
3195 2663 3370 2728 φωτὸς
3397 2663 3492 2712 καὶ
3534 2662 3642 2714 ἀνὰ
3676 2662 3839 2729 μέσον
3863 2653 3945 2713 τοῦ

2377 2753 2625 2816 σκότους·
2657 2752 2780 2804 τότε
2804 2750 2859 2803 δὲ
2894 2749 2992 2820 τὴν
3029 2750 3102 2820 (l)
3137 2751 3298 2818 φύσιν
3329 2751 3506 2802 αὐτῶν
3540 2749 3676 2820 πρὸς
3720 2752 3781 2803 τὸ
3805 2753 3945 2804 ἐναν-

2370 2843 2483 2895 τίον
2520 2820 2849 2912 ἀπέστησεν
2905 2840 3044 2894 ὥστε
3079 2840 3325 2910 ἀμίκτως
3354 2837 3498 2910 ἔχειν
3543 2840 3679 2910 πρὸς
3736 2841 3943 2911 ἄλληλα,

2372 2934 2469 2987 καὶ
2493 2937 2633 3001 φωτὶ
2681 2935 2819 3005 πρὸς
2855 2931 3043 2997 σκότος
3079 2931 3345 3004 μηδεμίαν
3373 2928 3514 2984 εἶναι
3547 2931 3852 3001 κοινότητα.
3890 2933 3946 2983 ‘0

2373 3027 2482 3096 γὰρ
2513 3029 2569 3077 ἐν
2598 3027 2781 3097 ἡμέρᾳ
2821 3028 2966 3078 ἐστὶν
3021 3028 3054 3097 ἡ
3102 3025 3251 3091 σκιὰ,
3295 3024 3449 3078 τοῦτο
3479 3023 3690 3077 οἴεσθαι
3746 3024 3848 3096 χρὴ
3898 3027 3946 3075 ὲν

2374 3119 2527 3170 νυκτὶ
2575 3115 2667 3170 τοῦ
2712 3118 2933 3179 σκότους
2988 3115 3122 3171 εἶναι
3166 3121 3265 3190 τὴν
3310 3118 3488 3188 φύσιν.
3545 3119 3610 3171 Ei
3644 3117 3754 3186 γὰρ
3813 3119 3948 3170 πᾶσα

2376 3211 2505 3266 σκιά
2534 3211 2632 3282 (2i,
2666 3209 2837 3280 αὐγῆς
2861 3225 3005 3270 τινος
3027 3208 3434 3282 διαφαινούσης,
3463 3211 3857 3280 ἀντικειμένως
3877 3209 3948 3278 τῷ

2372 3304 2510 3371 φωτὶ
2540 3302 2647 3354 ἀπο
2701 3301 2809 3354 τῶν
2863 3300 3129 3370 σωμάτων
3175 3301 3456 3352 ἐκπίπτει·
3517 3303 3612 3354 καὶ
3652 3302 3817 3354 ἕωθεν
3863 3301 3952 3371 μὲν

2373 3394 2510 3464 πρὸς
2558 3392 2772 3462 δυσμὰς
2823 3391 3065 3453 τέταται,
3113 3391 3348 3463 ἑσπέρας
3397 3392 3454 3444 δὲ
3504 3393 3640 3462 πρὸς
3694 3393 3952 3462 ἀνατολὴν

2372 3485 2673 3547 ἀποκλίνει,
2711 3486 2768 3536 ἐν
2790 3477 2846 3537 δὲ
2873 3487 2936 3555 τῇ
2964 3483 3279 3556 μεσημϐρίᾳ
3306 3481 3529 3555 ἁρκτῴα
3557 3479 3790 3551 γίνεται·
3815 3485 3953 3553 καὶή

2373 3577 2469 3642 νὺξ
2518 3577 2609 3629 ἐπὶ
2651 3576 2712 3630 τὸ
2763 3577 3003 3630 ἐναντίον
3047 3577 3164 3641 ταῖς
3198 3577 3409 3630 ἀκτῖσιν
3452 3572 3750 3647 ὑποχωρεῖ,
3807 3575 3950 3629 οὐδὲν

2370 3670 2555 3742 ἓτερον
2594 3666 2730 3724 οὖσα
2755 3669 2897 3724 κατὰ
2928 3671 3025 3740 τὴν
3062 3668 3221 3738 φύσιν
3251 3668 3282 3740 ἢ
3309 3669 3553 3738 σκίασμα
3575 3668 3701 3737 γῆς.
3738 3668 3824 3732 Ὠς
3851 3666 3952 3738 γὰρ

2370 3765 2428 3816 ἐν
2461 3763 2645 3833 ἡμέρᾳ
2679 3764 2711 3832 ὴ
2750 3761 2877 3814 σκιά
2917 3761 2992 3832 τῷ
3023 3761 3441 3831 ἀντιφράσσοντι
3471 3761 3571 3830 τὴν
3613 3761 3791 3832 αὐγὴν
3827 3776 3953 3829 παρ-

2371 3855 2683 3923 υφίσταται,
2727 3850 2898 3918 οὕτως
2935 3857 2968 3925 ἡ
3005 3849 3099 3920 νὺξ
3139 3853 3496 3923 σκιαζομένου
3540 3852 3636 3906 τοῦ
3688 3853 3818 3924 περὶ
3857 3852 3951 3921 γῆν

2375 3944 2536 4018 ἀέρος
2567 3945 2918 4000 συνίστασθαι
2959 3946 3191 4015 πέφυκε.
3228 3943 3399 3999 Τοῦτο
3430 3945 3612 3999 τοίνυν
3639 3947 3756 3998 ἐστὶ
3800 3945 3858 3997 τὺ
3881 3945 3950 3995 εί-

2373 4037 2626 4108 ρημένον,
2678 4035 2759 4089 ὅτι
2817 4033 3171 4103 Διεχώρισεν
3211 4037 3242 4087 ό
3286 4035 3428 4097 Θεὸς
3460 4033 3576 4085 ἀνὰ
3599 4032 3798 4099 μέσον
3851 4031 3948 4085 τοῦ

2371 4127 2563 4197 φωτὸς
2593 4129 2690 4180 καὶ
2722 4126 2839 4180 ἀνὰ
2855 4126 3050 4194 μέσον
3075 4124 3180 4176 τοῦ
3203 4126 3484 4189 σκότους·
3519 4124 3708 4194 ἐπειδὴ
3749 4124 3809 4177 τὸ
3836 4123 3950 4177 σκό-

2368 4233 2461 4282 τος
2484 4217 2781 4287 ὑποφεύγει
2819 4215 2914 4269 τοῦ
2945 4216 3122 4285 φωτὸς
3153 4215 3251 4279 τὰς
3277 4216 3598 4289 ἐπιδρομὰς,
3626 4219 3683 4268 ἐν
3713 4219 3780 4287 τῇ
3819 4214 3948 4288 πρώ-

2367 4328 2437 4385 τῃ
2467 4308 2796 4382 δημιουργίᾳ
2832 4309 3064 4379 φυσικῆς
3097 4309 3279 4373 αὐτοῖς
3310 4310 3407 4380 τῆς
3435 4307 3838 4379 ἀλλοτριώσεως
3860 4326 3946 4364 καρ

2368 4402 2835 4471 τασκευασθείσης
2865 4401 2942 4470 (³5)
2978 4398 3112 4472 πρὸς
3145 4401 3368 4473 ἄλληλα.
3405 4401 3520 4453 Νῦν
3573 4399 3630 4454 δὲ
3670 4402 3821 4470 ἣλιον
3861 4405 3945 4454 ἐπ-

695 4489 821 4547 luna
852 4492 902 4545 in
932 4490 1262 4563 pleniluniis,
1290 4496 1572 4548 exoriente
1597 4497 1731 4556 sole,
1762 4509 1792 4548 e
1819 4505 2109 4561 conspectu
2136 4509 2261 4548 eva-

2373 4498 2524 4562 έταξε
2553 4499 2666 4560 τοῖς
2703 4495 2923 4566 μέτροις
2954 4495 3053 4566 τῆς
3109 4495 3338 4565 ἡμέρας⁸
3397 4493 3493 4547 καὶ
3533 4494 3786 4568 σελήνην,
3830 4497 3942 4549 ὅταν

690 4586 867 4642 nescit
898 4604 912 4640 :
947 4594 1160 4646 contra,
1205 4587 1484 4640 occidente
1529 4586 1666 4649 sole,
1704 4586 1817 4640 haec
1871 4585 1982 4654 ipsa
2017 4601 2264 4655 sazpenu-

692 4695 844 4736 mero
872 4680 940 4734 ab
967 4680 1175 4734 oriente
1204 4679 1449 4748 emergit.
1481 4677 1631 4743 Quod
1662 4680 1705 4733 si
1731 4680 1941 4733 ca‘teris
1985 4679 2038 4732 in
2074 4679 2262 4735 formis

692 4771 882 4827 lunare
908 4772 1083 4824 lumen
1129 4785 1232 4823 una
1270 4783 1392 4822 cum
1433 4778 1591 4822 nocte
1626 4785 1732 4822 non
1766 4785 1829 4824 ex
1862 4786 2021 4841 aequo
2052 4771 2262 4836 perlici-

693 4873 802 4928 tur,
845 4862 979 4917 nihil
1019 4862 1083 4916 ad
1120 4863 1424 4916 institutum
1462 4877 1768 4918 sermonem
1803 4865 1996 4920 refert.
2031 4863 2258 4918 Verum--

693 4964 868 5009 tamen
897 4971 1018 5009 cum
1049 4970 1206 5010 suum
1230 4965 1430 5009 statum
1462 4955 1920 5028 perfectissimum
1949 4958 2164 5027 attigit,
2196 4967 2257 5012 ut

694 5047 865 5100 noctis
879 5047 1084 5102 obtinet
1105 5049 1486 5119 principatum,
1515 5052 1737 5120 proprio
1762 5049 1963 5106 lumine
1987 5068 2051 5106 ac
2074 5050 2253 5120 splen-

753 5231 801 5264 ⁸⁸
836 5231 971 5289 Gen.
995 5248 1036 5298 ι,
1069 5231 1124 5286 ι.

757 5372 868 5442 (97)
895 5371 968 5426 Ita
1000 5370 1162 5428 editio
1189 5371 1349 5429 Basil.
1377 5390 1498 5428 cum
1525 5371 1767 5427 Combef.
1797 5381 1849 5424 et
1873 5388 1992 5426 cum
2019 5373 2136 5426 aliis
2158 5389 2250 5430 sex

685 5442 1111 5516 ms_s_.A_At_ei_litio
1142 5444 1309 5516 Raris.
1341 5446 1481 5499 κατὰ
1511 5445 1571 5498 τὸ
1609 5447 1793 5515 σχῆμα
1827 5444 1859 5514 ή
1894 5445 2114 5516 σελήνη.

759 5461 816 5497 ιε.
850 5461 918 5494 ru
944 5461 1111 5523 cititto
1142 5461 1309 5497 rarts.
1341 5463 1481 5499 κατα
1511 5461 1571 5498 το
1609 5461 1793 5515 σχημα
1827 5461 1859 5514 η
1894 5461 2114 5564 σεληνιγ.

903 5511 1098 5595 ῇΕάιιιο
1124 5514 1308 5595 μοι.
1334 5531 1461 5595 eum
1507 5530 1619 5595 se}:
1640 5516 1839 5595 nostris
1883 5531 2008 5595 mss.
2041 5517 2072 5584 ἡ
2113 5515 2248 5595 ίκον.

683 5581 858 5671 ﬁnitio
886 5581 1073 5671 faris.
1113 5585 1295 5671 ηλίκη.
1333 5585 1530 5641 Ibidem
1579 5586 1730 5640 Colb.
1774 5587 2042 5638 secundus
2062 5581 2252 5640 ’πᾶσαν

683 5653 855 5723 αὐγὴν
882 5651 1162 5725 ἐκπληροῖ.

755 5726 865 5798 (iiii)
877 5725 1049 5798 Δ(3ου).
1065 5724 1362 5798 secundus
1380 5725 1788 5798 ἐγκεκραμένον
1822 5727 1879 5778 ἐν
1912 5724 2108 5794 ἐαυτῷ.

752 5791 832 5863 (Ι)
864 5793 1113 5863 Quinque
1143 5811 1271 5850 mss.
1308 5791 1432 5849 τότε
1472 5791 1568 5863 μὲν
1609 5791 1730 5864 τήν.
1771 5798 1908 5848 Editi
1937 5791 2072 5848 icuui
2121 5796 2248 5866 lleg.

2370 4592 2500 4645 ποτέ
2559 4590 2695 4662 πρὸς
2747 4589 2835 4642 τὸν
2893 4589 3021 4643 [διον
3075 4589 3270 4643 κύκλον
3317 4588 3654 4660 ἀπαρτισθῇ,
3714 4589 3942 4661 ἀρχηγὸν

2368 4686 2594 4756 ἐποίησε
2621 4685 2720 4755 τῆς
2745 4686 2959 4748 νυκτός.
2988 4684 3182 4755 Σχεδὸν
3205 4683 3313 4755 γὰρ
3339 4682 3460 4736 τότε
3482 4685 3628 4737 κατά
3665 4685 3942 4754 διὰμετροϊ

2368 4781 2416 4832 οἱ
2449 4778 2736 4847 φωστῆρες
2770 4777 3018 4848 ἀλλήλοις
3066 4776 3564 4832 ἀντικαθίστανται.
3612 4777 3939 4832 ’Λνατέλλονο

2367 4885 2460 4931 τος
2494 4870 2591 4939 μὲν
2621 4871 2729 4942 γὰρ
2755 4870 2847 4923 τοῦ
2877 4869 3049 4939 ἡλίου,
3083 4871 3140 4922 ἐν
3173 4872 3293 4932 ταῖς
3321 4870 3681 4938 πανσελήνοις
3716 4866 3939 4935 καταφέ-

2369 4977 2521 5029 ρεται
2552 4961 2688 5033 πρὸς
2739 4962 2804 5015 τὸ
2837 4965 3043 5032 ἀφανὲς
3092 4965 3125 5033 ὴ
3172 4961 3388 5032 σελήνη·
3421 4963 3686 5033 δυομένου
3714 4962 3768 5015 δὲ
3797 4959 3940 5012 πάλιν

2360 5050 2454 5105 τοῦ
2486 5053 2659 5124 ἡλίου,
2697 5053 2834 5124 αὕτη
2859 5055 3117 5118 πολλάκις
3143 5053 3203 5117 ἐξ
3223 5054 3494 5108 ἀνατολῶν
3523 5053 3829 5122 ἀντανίσχει
3849 5053 3935 5122 (ἐξ).

2352 5384 2546 5447 octavo
2575 5375 2696 5428 τότε
2727 5375 2800 5447 ,δὲ
2851 5376 2970 5444 τήν.
3025 5377 3316 5440 Aliquanto
3368 5384 3489 5447 post
3539 5374 3676 5446 Reg.
3729 5375 3932 5443 quintus

2352 5443 2489 5500 εἶναι
2517 5446 2824 5500 κοινωνίαν.

2423 5517 2499 5586 (2)
2555 5518 2628 5589 I_Ia
2667 5530 2921 5589 quatuor,
2952 5531 3078 5571 mss.
3140 5516 3318 5589 Editio
3364 5516 3538 5589 Paris.
3578 5521 3611 5589 ή
3662 5516 3765 5587 γὰρ
3807 5513 3926 5566 σκιὰ

2351 5587 2518 5640 πᾶσα.
2557 5587 2718 5639 Deest
2745 5587 2873 5639 σκιά
2911 5587 2962 5639 in
2993 5589 3233 5643 editione
3262 5587 3426 5641 Basil.

2387 5658 2501 5780 0t?)
2559 5656 2712 5710 Colb.
2781 5659 3051 5713 secundus
3118 5656 3531 5728 ἀλλοτριώσεως
3593 5667 3912 5728 παρασκευα-

2422 5743 2593 5780 εστις.

2353 5743 2593 5788 συεισης.

2425 5745 2672 5867 agna-eg.
2712 5797 2918 5865 primus
2957 5799 3191 5867 ἀνίσχει.
