4100 6312
184 353 292 406 125

1281 345 1570 405 ἨΟΜΗᾸΑ
1607 348 1678 405 Ἦ
1719 348 1785 404 ΙΝ
1826 342 2326 404 HEXAEMERON.

3343 347 3454 404 "‘6

184 468 246 520 Εί
269 469 326 521 δὲ
365 469 504 522 κατά
534 462 602 523 τά
629 463 764 523 ἄλλα
806 469 1060 539 σχήματα
1098 467 1159 520 οὐ
1197 467 1654 538 συναπαρτίςεται
1704 470 1756 537 τῇ

1875 467 2007 519 dore
2054 473 2200 518 astra
2245 477 2530 531 superans,
2579 471 2634 516 et
2681 460 2924 516 tellurem
2983 460 3260 517 illustrans
3302 478 3318 517 :
3373 462 3448 516 ita

180 561 341 614 νυκτὶ
369 563 430 614 τὸ
459 562 736 632 σεληναῖον
766 561 900 631 φῶς,
937 561 1089 613 οὐδὲν
1136 560 1272 630 πρὸς
1299 559 1389 611 τὸν
1421 559 1775 630 προκείμενον

1884 557 2140 624 temporis
2169 555 2340 624 spatia
2373 570 2493 608 cum
2526 554 2640 608 sole
2678 569 2742 607 ex
2771 569 2926 622 aequo
2950 554 3204 621 partitur.

176 649 360 720 λόγον.
397 653 541 723 Πλὴν
583 655 685 718 ὃτι,
737 654 864 707 ὃταν
918 652 1116 721 ἑαυτῆς
1147 650 1460 720 τελειοτάτη
1495 666 1756 722 τυγχανῃ,
1795 649 2057 720 κατάρχει
2126 647 2225 716 μὲν
2278 647 2374 716 τῆς
2429 645 2622 708 νυκτὸς
2667 645 2747 714 τῷ
2800 645 2915 715 ἰδίῳ
2950 646 3089 714 φωτὶ
3131 645 3203 699 τὰ
3270 646 3449 715 ἄστρα

182 743 645 814 ὑπεραυγάζουσα
699 745 791 796 καὶ
821 745 919 814 τὴν
954 744 1054 812 γῆν
1093 742 1513 812 περιλάμποντα
1545 743 1642 813 (5),
1676 741 1849 805 ἐξίσου
1875 741 1931 794 δὲ
1966 739 2100 810 πρὸς
2144 739 2234 791 τὸν
2263 738 2414 808 ἣλιον
2443 737 2538 791 τοῦ
2585 738 2778 808 χρόνου
2804 737 3089 807 διαιρεῖται
3135 737 3205 789 τὰ
3247 737 3444 808 μέτρα.

255 853 311 906 4.
333 854 439 907 Καὶ
464 855 742 908 ἔστωσαν
778 858 864 920 εἰς
885 853 1118 922 σημεῖα,
1154 854 1248 906 καὶ
1268 857 1354 920 εἰς
1378 854 1640 922 καιροὺς.
1667 854 1762 907 καὶ

179 945 272 1009 είς
302 943 543 1012 ἡμέρας,
568 945 666 997 καὶ
689 947 774 1010 είς
797 943 1124 1008 ἐνιαυτούς.
1176 945 1489 1012 Ἀναγκαῖαι
1523 945 1657 1016 πρὸς
1673 944 1763 996 τὸν

180 1034 518 1105 ἀνθρώπινον
567 1035 678 1105 βίον
708 1038 760 1088 αἱ
806 1035 910 1087 ἀπὸ
939 1034 1047 1085 τῶν
1079 1037 1377 1106 φωστήρων
1404 1036 1758 1106 σημειώσεις.

193 1125 322 1179 Ἐἀν
350 1127 457 1198 γάρ
501 1129 574 1198 μή
630 1127 704 1198 (6)
741 1145 823 1190 τις
869 1128 1012 1198 πέρα
1041 1123 1136 1180 τοῦ
1175 1129 1371 1198 μέτρου
1406 1128 1471 1180 τὰ
1516 1130 1608 1182 ἀπ’
1664 1131 1761 1182 αὑ-

177 1215 291 1268 τῶν
325 1216 398 1285 (7)
433 1219 630 1286 σημεῖα
655 1215 1100 1287 περιεργάζηται,
1127 1216 1424 1288 χρησίμους
1451 1215 1628 1268 αὐτῶν
1663 1217 1760 1278 τὰς

178 1309 248 1361 ἐκ
291 1308 391 1377 τῆς
446 1308 659 1378 μακρᾶς
716 1308 1008 1378 ἐμπειρίας
1055 1311 1462 1377 παρατηρήσεις
1514 1308 1755 1378 εὑρήσει.

180 1400 363 1454 Πολλὰ
415 1402 509 1472 μὲν
544 1400 650 1470 γὰρ
681 1401 810 1471 περὶ
835 1401 1142 1472 ἐπομϐρίας
1183 1401 1300 1452 ἐστι
1338 1400 1552 1470 μαθεῖν,
1593 1399 1761 1470 πολλά

176 1491 237 1545 δὲ
267 1494 392 1562 περὶ
416 1491 638 1562 αὐχμῶν
669 1494 760 1545 καὶ
791 1493 1111 1563 πνευμάτων
1143 1497 1425 1564 κινήσεως,
1457 1494 1488 1565 ἢ
1522 1494 1761 1565 μερικῶν

179 1585 213 1656 ἢ
263 1585 512 1646 καθόλου,
551 1584 738 1654 βιαίων
768 1586 799 1656 ἦ
830 1585 1147 1655 ἀνειμένων.
1182 1587 1276 1639 Ἓν
1305 1588 1412 1658 γάρ
1439 1605 1491 1639 τι
1524 1587 1629 1639 τῶν
1653 1587 1760 1640 ἀπὸ

178 1674 277 1726 τοῦ
302 1675 451 1742 ήλίου
494 1673 1002 1745 παραδεικνυμένων
1053 1675 1148 1728 καὶ
1197 1675 1224 1727 ὁ
1260 1675 1458 1747 Κύριος
1494 1678 1622 1747 ἡμῖν
1653 1693 1758 1728 πα-

1941 853 1994 908 4.
2029 851 2092 905 Et
2123 852 2223 904 sint
2247 854 2300 904 in
2332 852 2503 917 signa,
2535 861 2583 905 et
2609 855 2662 905 in
2691 862 2948 919 tempora,
2978 861 3026 904 et
3059 852 3273 912 indies,
3302 861 3347 904 et
3387 851 3440 903 in

1865 961 2052 997 annos.
2108 941 2441 998 Necessariae.
2492 953 2616 998 sunt
2665 945 2729 996 ad
2770 945 3055 996 humanam
3093 944 3255 996 vitam
3304 952 3442 996 nota:

1863 1034 2211 1088 luminarimn
2257 1045 2417 1104 atque
2468 1036 2912 1105 signiﬁcationes.
2967 1034 3179 1087 Etenim
3231 1034 3275 1089 si
3318 1035 3443 1102 quis

1862 1130 2013 1197 signa
2038 1142 2223 1182 eorum
2254 1144 2357 1180 non
2392 1127 2528 1180 ultra
2566 1130 2783 1179 modum
2812 1127 3078 1194 explorat,
3106 1126 3263 1179 utiles
3291 1126 3436 1191 ipso.

1864 1236 1980 1273 rmn
2016 1220 2420 1273 observationes
2452 1236 2516 1273 ex
2547 1219 2702 1289 longa
2751 1219 3083 1288 experientia
3115 1221 3432 1288 comperiet.

1862 1308 2022 1363 Multa
2057 1325 2290 1378 namque
2318 1310 2383 1363 de
2413 1308 2630 1378 pluviis,
2672 1309 2837 1363 multa
2868 1310 2932 1363 de
2956 1310 3225 1376 siccitate,
3260 1311 3436 1380 deque

1863 1414 2144 1458 ventorum
2182 1413 2347 1465 motu,
2384 1411 2493 1455 tum
2535 1403 2965 1470 particularium,
2996 1416 3105 1457 tum
3145 1405 3431 1460 universa-

1862 1496 2028 1561 llum,
2066 1497 2425 1550 violentorum
2477 1507 2568 1548 aut
2626 1498 2974 1551 remissorum
3026 1499 3232 1552 discere
3279 1499 3427 1554 licet.

1863 1586 2112 1642 Profecto
2143 1604 2305 1641 unum
2335 1587 2554 1655 aliquod
2583 1587 2710 1641 solis
2751 1589 2963 1655 signum
2995 1591 3158 1643 etiam
3179 1589 3438 1646 Dominus

1866 1681 2018 1734 nobis
2048 1682 2317 1749 exposuit,
2349 1695 2470 1732 cum
2516 1681 2591 1733 ait
2624 1699 2636 1732 :
2671 1678 2970 1749 Tempestas
3001 1682 3139 1736 erit:
3185 1684 3330 1736 triste
3360 1692 3434 1736 est

181 1765 487 1836 ραδέδωκεν
512 1764 586 1837 (8)
625 1764 814 1829 εἰπὼν,
861 1768 940 1819 ὅτι
968 1767 1195 1837 Χειμὼν
1232 1768 1421 1821 ἔσται·
1448 1768 1756 1837 στυγνιίζει

1860 1775 1998 1826 enim
2039 1775 2224 1826 rubens
2267 1773 2452 1827 cretum
2487 1774 2551 1826 ⁸⁸.
2589 1774 2720 1827 Cum
2752 1774 2894 1827 enim
2942 1789 3042 1843 per
3077 1773 3324 1828 nebulam
3378 1775 3440 1830 ιιι

175 1857 291 1924 γὰρ
328 1857 636 1925 πυρῤάζων
663 1861 694 1912 ό
738 1860 1012 1927 οὐρανός.
1055 1860 1304 1912 Ἐπειδὰν
1334 1860 1441 1930 γάρ
1462 1860 1526 1912 δι’
1563 1859 1760 1930 ἀχλύος

177 1949 211 2017 ἡ
242 1949 494 2019 ἀναφορὰ
544 1950 763 2021 γένηται
813 1951 904 2003 τοῦ
937 1953 1110 2020 ἡλίου,
1141 1952 1511 2022 ἀμαυροῦνται
1547 1953 1642 2022 μέν
1702 1954 1758 2005 αἱ

176 2041 416 2103 ἀκτῖνες,
457 2040 807 2111 ἀνθρακώδης
832 2041 887 2094 δὲ
918 2046 1012 2095 καὶ
1033 2041 1272 2112 ὖφαιμος
1305 2044 1402 2114 τὴν
1426 2043 1596 2115 χρόαν
1627 2044 1760 2115 ὁρᾶ-

176 2149 289 2189 ται.
320 2134 420 2203 τῆς
443 2133 747 2203 παχύτητος
780 2132 870 2185 τοῦ
895 2134 1054 2204 ἀέρος
1087 2134 1288 2205 ταύτην
1314 2135 1647 2206 ἐμποιούσης
1662 2136 1760 2207 τὴν

177 2225 483 2292 φαντασίαν
531 2227 650 2288 ταῖς
700 2225 874 2295 ὂψεσι.
932 2229 1021 2300 Μὴ
1073 2227 1347 2297 διαχυθεὶς
1400 2228 1457 2280 δέ
1515 2227 1618 2279 ὑπὸ
1662 2228 1760 2295 τῆς

175 2313 399 2376 ἀκτῖνος
417 2316 444 2366 ὁ
467 2315 889 2385 πεπυκνωμένος
911 2317 1046 2380 τέως
1063 2319 1157 2368 καὶ
1179 2315 1449 2378 συνεστὼς
1473 2315 1579 2386 ἀὴρ
1602 2314 1758 2382 δῆλός

170 2410 294 2461 ἐστι
319 2409 409 2461 διὰ
437 2408 534 2480 τὴν
564 2409 847 2480 ἐπίρῤοιαν
882 2409 986 2462 τῶν
1033 2412 1097 2461 ἐκ
1136 2409 1232 2478 τῆς
1272 2412 1372 2478 γῆς
1402 2407 1589 2477 ἀτμῶν
1619 2426 1756 2476 κρα-

172 2497 411 2566 τηθῆναι
448 2499 520 2566 μὴ
544 2497 808 2567 δυνηθεὶς,
845 2497 980 2550 ἀλλά
1006 2497 1082 2568 τῷ
1115 2496 1436 2566 πλεονασμῷ
1461 2496 1552 2548 τοῦ
1588 2497 1757 2567 ὑγροῦ

171 2588 425 2657 χειμῶνα
455 2586 670 2650 ἐπάξων
703 2591 814 2650 τοῖς
843 2589 1061 2658 χωρίοις
1105 2590 1231 2660 περὶ
1259 2588 1293 2642 ἃ
1324 2590 1754 2661 συναθροίζεται.

159 2675 163 2677 ’
185 2676 422 2746 Ὁμοίως
449 2676 506 2729 δὲ
533 2679 627 2729 καὶ
649 2677 865 2730 ἐπειδᾶν
886 2679 918 2748 ή
943 2677 1139 2749 σελήνη
1167 2696 1230 2731 πε
1243 2679 1643 2750 ρ;λιμνάζηται·
1664 2682 1758 2732 κα)⁴

172 2767 253 2838 τῷ
273 2767 413 2840 ἡλίῳ
439 2768 494 2821 δὲ
523 2770 649 2823 ὅταν
680 2771 735 2822 αἱ
769 2770 1058 2840 λεγόμεναι
1092 2771 1262 2833 ἆλωες
1302 2771 1374 2841 (9)
1408 2771 1758 2842 περιγραφῶ-

175 2877 283 2923 σιν,
315 2860 557 2929 ἢῦδατος
579 2861 760 2933 ἀερίου
795 2862 1014 2932 πλῆθος,
1035 2863 1066 2932 ἢ
1090 2864 1410 2932 πνευμάτων
1443 2863 1754 2933 βιαίωνῌΟ)

173 2953 394 3022 κίνησιν
431 2954 844 3022 ὑποφαίνουσιν·
880 2953 910 3022 ἢ
950 2953 1062 3015 καὶ,
1098 2952 1192 3015 οὒς
1236 2952 1594 3023 ὀνομάζουσιν
1637 2952 1757 3006 ἀνθ’

172 3046 385 3116 ηλίους,
403 3048 531 3100 ὅταν
560 3045 1035 3117 συμπεριτρέχωσι
1056 3049 1120 3117 τῇ
1152 3045 1245 3099 τοῦ
1273 3047 1421 3117 ήλίου
1445 3048 1604 3118 φορᾷ,
1626 3063 1757 3115 συμ-

174 3139 487 3207 πτωμάτων
521 3138 680 3190 τινῶν
716 3138 913 3208 ἀερίων
939 3143 1140 3209 σημεῖα
1163 3141 1390 3208 γίνεται.
1422 3141 1633 3212 ’Ὠσπερ
1662 3135 1754 3192 οὖν

1861 1867 1989 1921 solis
2018 1882 2275 1920 ascensus
2296 1907 2309 1931 ,
2340 1871 2711 1921 obscurantur
2738 1869 2954 1937 quidem
2987 1870 3119 1921 radii
3153 1888 3167 1933 ;
3207 1869 3302 1924 sed
3355 1870 3434 1925 sol

1861 1956 2152 2009 carbonum
2192 1955 2243 2008 in
2275 1970 2478 2009 morem
2515 1958 2743 2009 rutilans
2772 1969 2823 2011 et
2855 1957 3038 2011 colore
3067 1960 3434 2014 subcruentus

1861 2047 2226 2113 conspicitur,
2278 2048 2416 2100 hanc
2463 2047 2636 2101 oculis
2691 2049 2922 2117 speciem
2970 2049 3263 2118 objiciente
3290 2052 3433 2104 aeris

1862 2141 2241 2194 crassitudine.
2276 2141 2500 2195 Constat
2528 2151 2704 2195 autem
2751 2157 2929 2195 aerem
2962 2142 3106 2194 illum
3133 2143 3433 2197 condensa.

1864 2242 1972 2284 tum
2005 2247 2068 2285 ac
2092 2243 2453 2299 compactum,
2484 2248 2602 2284 cum
2625 2249 2652 2284 a
2688 2235 2839 2286 radio
2864 2250 2965 2286 non
2997 2233 3334 2300 diffunditur,
3364 2235 3434 2290 ob

1862 2337 2119 2390 vaporum
2150 2339 2181 2379 e
2217 2335 2360 2378 terra
2400 2328 2809 2397 exsurgentium
2845 2325 3132 2382 ﬂuxionem
3159 2329 3430 2382 contineri

1860 2429 1966 2468 non
1990 2429 2180 2482 posse:
2203 2419 2294 2470 sed
2330 2418 2380 2470 in
2409 2419 2492 2471 liis
2527 2421 2837 2487 regionibus
2859 2419 3004 2473 circa
3036 2434 3170 2486 quas
3197 2420 3427 2489 cogitur,

1861 2514 2246 2574 tempestatem
2285 2509 2353 2562 ob
2387 2509 2630 2562 humoris
2672 2512 2882 2578 copiam
2912 2512 3294 2564 excitaturum.
3337 2511 3430 2564 8i-

1862 2596 2058 2648 militer
2079 2597 2242 2650 etiam
2269 2612 2389 2650 cum
2419 2597 2693 2650 undelibet
2720 2609 2994 2668 restagnat
3018 2599 3164 2656 luna.
3193 2609 3246 2654 et
3269 2615 3429 2665 arcae,

1859 2704 1994 2757 quas
2019 2697 2232 2752 vocant,
2269 2689 2432 2743 solem
2461 2690 2936 2755 circumscribunt,
2976 2701 3101 2746 tunc
3134 2700 3226 2745 aut
3278 2707 3431 2762 aqum

1861 2795 2033 2833 aerea:
2076 2781 2499 2842 abundantiam,
2540 2792 2633 2834 aut
2686 2783 3087 2836 vehementiam
3143 2796 3430 2840 ventorum

1859 2882 2064 2925 motum
2099 2873 2409 2938 signiﬁcant
2440 2891 2454 2926 :
2486 2875 2780 2942 quinetiam
2811 2876 2844 2927 ii
2874 2890 3011 2946 quos
3041 2877 3296 2930 adversus
3346 2892 3430 2930 so.

1859 2962 1935 3017 les
1957 2962 2250 3032 appellant,
2277 2964 2490 3033 quando
2516 2979 2620 3017 una
2647 2981 2765 3018 cum
2791 2966 2920 3021 solis
2946 2969 3296 3022 conversione
3319 2969 3423 3023 cir-

1858 3065 2232 3118 emncursant,
2278 3055 2547 3108 aeriorum
2602 3057 2956 3122 quorumdam
3015 3072 3236 3111 casuum
3295 3061 3429 3112 liunt

1862 3146 2140 3215 praesagia.
2180 3145 2255 3196 Ita
2287 3153 2340 3198 et
2366 3144 2529 3213 virga:
2564 3144 2666 3196 illae
2693 3160 2811 3212 quae
2842 3147 2995 3202 iridis
3027 3150 3309 3203 imitantur
3333 3165 3428 3204 co-

174 3231 274 3282 κα)⁸
295 3231 352 3280 αί
381 3228 582 3297 ῥάϐδοι,
610 3230 664 3281 αί
690 3231 831 3282 κατὰ
859 3230 956 3301 τὴν
989 3233 1151 3302 χρόαν
1174 3232 1272 3301 τῆς
1306 3233 1471 3302 ἴριδος
1499 3233 1577 3294 είς
1599 3232 1755 3302 ὀρθὸν

1860 3236 2050 3298 lurem,
2089 3251 2151 3289 ac
2194 3245 2351 3290 recta:
2387 3236 2439 3289 in
2486 3237 2718 3291 nubibus
2762 3249 3060 3307 apparent,
3092 3241 3302 3309 pluvias
3333 3253 3429 3298 aut

171 3322 292 3381 τοῖς
323 3320 539 3386 νέφεσιν
578 3320 993 3391 ὲμφαινόμεναι,
1035 3320 1327 3392 δμϐρουςῆ
1368 3320 1642 3390 χειμῶνας
1669 3322 1757 3386 ἐξ·

174 3412 412 3474 αισίους,
436 3412 468 3481 ἦ
491 3411 625 3475 ὅλως
653 3413 750 3484 τὴν
775 3414 866 3465 ἐπὶ
900 3414 1144 3466 πλεῖστον
1165 3413 1464 3484 μεταϐολὴν
1489 3413 1580 3464 τοῦ
1598 3413 1757 3483 ἀέρος

177 3503 565 3556 ἐνδείκνυνται.
629 3505 805 3557 Πολλά
860 3506 915 3557 δὲ
951 3507 1045 3558 καὶ
1087 3505 1214 3576 περὶ
1259 3505 1489 3575 σελήνην
1521 3504 1755 3574 αὐξομέ-

175 3612 277 3665 νην
317 3596 482 3667 (inf;
523 3596 792 3666 λήγουσαν
828 3598 876 3650 οἱ
911 3597 1120 3661 τούτοις
1150 3597 1503 3667 ἐσχολακότες
1529 3598 1757 3667 τετηρή-

177 3706 311 3742 κασι
349 3689 644 3761 σημειώδη.
698 3691 772 3752 ὼς
799 3689 892 3741 τοῦ
943 3693 1071 3761 περὶ
1125 3692 1224 3760 γῆν
1260 3691 1419 3761 ἀέρος
1447 3692 1757 3759 ἀναγκαίως

174 3785 294 3845 τοῖς
327 3784 594 3852 σχήμασιν
621 3783 788 3851 αὐτῆς
812 3781 1409 3851 συμμεταϐαλλομένου.
1446 3784 1628 3853 Λεπτὴ
1660 3784 1757 3853 μὲν

176 3870 293 3940 γὰρ
327 3867 460 3922 οὖσα
494 3870 619 3939 περὶ
644 3871 833 3941 τρίτην
855 3869 1069 3942 ἡμέραν
1092 3873 1184 3923 καὶ
1213 3871 1450 3942 καθαρά,
1491 3873 1756 3944 σταθερὰν

177 3963 370 4014 ιῦδίαν
401 3961 917 4030 κατεπαγγέλλεται·
954 3966 1151 4034 παχεῖα
1179 3963 1236 4015 δέ
1262 3967 1378 4026 ταῖς
1393 3964 1639 4034 κεραίαις
1664 3954 1757 4018 καὶ

178 4049 490 4122 ὑπέρυθρος
510 4052 825 4124 φαινομένη,
847 4054 878 4124 ἦ
911 4054 1018 4120 (12)
1041 4052 1182 4124 ὕδωρ
1207 4051 1403 4123 λάϐρον
1429 4053 1535 4105 ἀπὸ
1559 4053 1754 4121 νεφῶν,

267 4142 420 4194 νότου
470 4141 648 4211 βιαίαν
677 4144 889 4214 κίνησιν
945 4143 1172 4196 ἀπειλεῖ.
1206 4142 1315 4213 Τὴν
1353 4142 1408 4194 δέ
1438 4142 1502 4194 ἐκ
1553 4142 1756 4196 τούτων

179 4235 488 4306 σημείωσιν
529 4235 649 4287 ὅσον
687 4235 763 4305 τῷ
796 4235 893 4305 βίῳ
925 4235 1220 4305 παρέχεται
1250 4236 1312 4288 τὸ
1340 4234 1632 4306 ὠφέλιμον,
1673 4234 1756 4299 τίς

176 4327 405 4392 ἀγνοεῖ;
433 4325 646 4389 Ἔξεστι
693 4325 790 4394 μὲν
817 4325 922 4395 γάρ
955 4324 1032 4393 τῷ
1086 4324 1326 4395 πλωτῆρι
1357 4323 1484 4376 εἴσω
1521 4324 1754 4394 λιμένων

1859 3329 2101 3396 ingentes
2160 3330 2443 3396 procellas,
2496 3339 2588 3384 aut
2652 3332 2883 3399 denique
2951 3333 3240 3387 maximam
3285 3336 3428 3391 aeris

1859 3418 2287 3472 immutationem
2336 3422 2690 3488 portendunt.
2741 3422 2902 3474 Multa
2956 3439 3173 3492 quoque
3223 3425 3426 3482 indicia

1857 3508 1999 3560 circa
2028 3517 2362 3560 crescentem
2397 3509 2478 3562 vel
2509 3510 2820 3562 decrescent
2841 3525 2923 3562 em
2957 3510 3134 3564 lunam
3167 3512 3424 3566 observa-

1861 3608 2077 3664 verunt,
2109 3598 2200 3667 qui
2243 3600 2404 3654 rebus
2455 3600 2573 3654 istis
2608 3615 2829 3670 operam
2880 3603 3222 3671 impendere:
3269 3607 3427 3675 quasi

1859 3705 1953 3744 aer
1977 3700 2135 3744 terra:
2157 3691 2540 3755 circumfusus,
2571 3693 2732 3746 simul
2767 3708 2884 3746 cum
2925 3695 3090 3762 ipsius
3115 3697 3300 3765 liguris
3329 3712 3425 3751 ne-

1857 3780 2092 3832 cessario
2127 3791 2481 3848 pet-mutetur.
2525 3781 2657 3834 Cum
2682 3782 2825 3834 enim
2859 3784 3002 3836 circa
3034 3787 3250 3839 tertium
3279 3787 3420 3840 diem

1859 3871 2038 3922 tenuis
2067 3878 2150 3922 est
2180 3879 2234 3923 et
2269 3887 2421 3939 pura,
2466 3871 2673 3925 [inuam
2724 3885 3173 3942 eonstautemqne
3216 3879 3424 3932 sereni-

1861 3968 2023 4012 tatem
2065 3963 2433 4028 prmnuntiat:
2478 3964 2560 4016 sin
2606 3975 2787 4018 autem
2825 3968 3082 4022 cornibus
3117 3982 3300 4024 erassa
3329 4014 3342 4034 ,
3368 3981 3426 4026 et

1857 4049 2261 4104 subrubicunda
2306 4053 2568 4119 cernitur,
2599 4065 2694 4108 aut
2722 4058 2992 4126 copiosam
3024 4072 3218 4124 aquam
3247 4075 3278 4112 e
3317 4075 3423 4115 nu-

1856 4141 2013 4196 bibus
2041 4141 2340 4212 lapsuram,
2371 4156 2464 4199 aut
2495 4147 2783 4201 violentam
2811 4149 2980 4202 austri
3018 4152 3308 4203 motionem
3337 4151 3423 4204 fu-

1854 4240 2034 4288 turam
2066 4236 2318 4289 minatur.
2349 4237 2465 4290 Jam
2498 4251 2626 4290 vero
2658 4248 2918 4307 quantum
2949 4237 3176 4291 all'erant
3208 4240 3413 4293 utilita-

1856 4327 1927 4381 tis
1964 4327 2144 4395 generi
2188 4331 2424 4381 humano
2461 4329 2720 4383 harmnce
2756 4345 2936 4383 rerum
2985 4331 3419 4398 observationes,

178 4418 438 4486 κατέχειν
475 4416 535 4469 τὸ
565 4416 788 4484 σκάφος,
820 4417 945 4479 τοὺς
981 4417 1043 4467 ἐκ
1072 4414 1179 4466 τῶν
1207 4417 1528 4485 πνευμάτων
1572 4415 1751 4467 κινδύ-

1860 4420 1975 4488 quis
2008 4419 2255 4488 ignorat?
2284 4417 2418 4473 Nam
2457 4430 2631 4473 nauta:
2666 4434 2855 4474 navem
2893 4421 3031 4474 intra
3063 4434 3251 4491 portus
3287 4439 3421 4480 con-

177 4525 309 4568 vou;
340 4508 724 4577 προορωμένῳ·
768 4506 942 4573 ἔξεστι
973 4506 1030 4559 δέ
1056 4504 1134 4576 τῷ
1175 4503 1437 4576 ὁδοιπόρῳ
1473 4506 1752 4577 πόρρωθεν

180 4597 452 4651 ἐκκλίνειν
494 4599 591 4660 τὰς
619 4599 839 4668 βλάϐας,
867 4599 928 4651 ἐκ
951 4597 1046 4668 τῆς
1077 4597 1430 4668 στυγνότητος
1471 4597 1564 4650 τοῦ
1595 4599 1752 4668 ἀέρος

175 4691 282 4760 τὴν
320 4687 615 4759 μεταϐολὴν
666 4689 1004 4758 ἀναμένοντι.
1055 4689 1292 4760 Γεωργοὶ
1316 4689 1393 4750 δὲ,
1429 4689 1477 4740 οἱ
1513 4689 1637 4759 περ).
1684 4689 1752 4743 τὰ

179 4783 479 4854 σπέρματα
511 4783 602 4835 καὶ
633 4779 730 4844 τὰς
754 4781 858 4833 τῶν
877 4781 1056 4849 φυτῶν
1086 4780 1378 4854 θεραπείας
1417 4780 1748 4850 πονούμενοι,

180 4878 368 4940 πάσας
419 4875 663 4929 ἐντεῦθεν
697 4875 1006 4946 εὑρίσκουσί
1041 4875 1140 4938 τὰς
1186 4875 1470 4946 εὐκαιρίας
1500 4873 1606 4926 τῶν
1660 4874 1750 4944 ἔρ-

179 4984 320 5036 γων.
353 4965 492 5034 Ἤδη
517 4966 572 5018 δέ
603 4965 696 5017 καὶ
727 4966 824 5036 τῆς
850 4963 941 5018 τοῦ
975 4966 1171 5027 παντὸς
1215 4963 1506 5027 διαλύσεως
1533 4965 1588 5016 ὲν
1616 4961 1750 5034 ήλίῳ

169 5059 281 5111 -καὶ
321 5056 514 5130 σελήνῃ
547 5058 638 5109 καὶ
661 5058 877 5131 ἄστροις
905 5057 1103 5128 σημεῖα
1130 5055 1459 5128 φανήσεσθαι
1492 5057 1520 5108 ὁ
1548 5054 1751 5127 Κύριος

257 5215 305 5244 ³³
341 5214 528 5271 Matth.
557 5231 667 5279 xvi,
701 5213 755 5267 5.

259 5332 339 5403 (5)
381 5331 575 5403 Regius
605 5333 808 5401 primus
830 5340 883 5386 et
906 5329 1058 5386 Colb'.‘
1081 5332 1346 5386 secundus
1377 5328 1466 5381 καὶ
1500 5326 1594 5399 τήν
1627 5327 1740 5380 κτί-

177 5420 269 5457 σιν
307 5402 373 5454 πε
383 5402 720 5472 ριλάμπουσα
732 5443 744 5456 .

256 5472 334 5544 (6)
370 5470 510 5526 Editi
538 5472 632 5524 ἐὰν
665 5473 772 5544 γὰρ
799 5471 892 5539 μή.
928 5471 1082 5524 Deest
1104 5472 1211 5543 γάρ
1239 5472 1288 5524 in
1319 5470 1516 5524 nostris
1546 5478 1749 5540 septem

179 5561 320 5598 11155.

258 5614 338 5695 (7)
381 5610 602 5695 (Indices
626 5611 727 5664 duo
753 5610 1066 5695 ἐπἰαὐτῶν.
1097 5612 1467 5695 ΑΙξῙμηιιτιιιιοι·
1501 5626 1628 5664 mss.

181 5681 386 5739 αὐτῶν.
426 5681 560 5735 Ειιίιί
609 5696 735 5733 vero
776 5682 868 5734 ὑπ’
905 5682 1101 5738 αὐτῶν.
1149 5683 1435 5750 Aliquanto
1467 5692 1583 5750 post
1623 5682 1750 5736 editi

181 5753 358 5807 πολλὰ
389 5754 446 5806 δέ
477 5750 590 5805 καί.
633 5751 782 5803 Deest
811 5752 900 5804 καί
927 5753 974 5802 in
1007 5754 1238 5818 quinque
1271 5767 1396 5804 mss.

256 5825 332 5893 (8)
361 5825 436 5878 lta
482 5832 686 5890 septem
726 5835 848 5876 mss.
899 5821 1031 5875 Editi
1072 5821 1399 5890 παρέδωκεν.
1443 5818 1602 5876 Coisl.
1641 5821 1748 5889 pri-

1859 4514 2027 4564 tinere
2058 4510 2202 4572 licet,
2240 4510 2477 4580 pericula
2517 4525 2548 4564 e
2591 4510 2765 4564 ventis
2811 4510 3176 4581 impendentia
3220 4516 3416 4584 przevi-

1858 4601 2024 4655 denti.
2052 4601 2154 4655 Fas
2181 4611 2264 4656 est
2293 4601 2482 4655 viatori
2516 4603 2729 4657 eminus
2753 4605 3092 4660 incommoda
3120 4605 3417 4676 declinare,

1859 4708 1920 4747 ex
1947 4693 2066 4748 οωιί
2095 4693 2309 4747 tristitia
2339 4693 2481 4748 aeris
2511 4696 2862 4751 mutationem
2881 4701 3233 4766 exspectanti.
3260 4699 3420 4769 Agri-

1858 4782 1988 4837 culte
2015 4796 2249 4853 quoque,
2273 4782 2360 4850 qui
2387 4783 2534 4837 circa
2562 4787 2768 4839 semina
2801 4802 2865 4840 ac
2888 4787 3190 4856 plantarum
3212 4789 3414 4844 enltmn

1857 4882 2209 4940 Ot'cupanlur,
2264 4872 2390 4928 inde
2433 4875 2739 4942 coniectant
2778 4891 2991 4932 omnem
3048 4879 3416 4937 faciendorum

1857 4980 2074 5033 cperam
2120 4967 2597 5035 opportunitatem.
2644 4968 2750 5040 54
2783 4967 2899 5024 Jam
2937 4987 3066 5024 vero
3096 4980 3152 5026 et
3182 4974 3414 5028 dissqu-

1858 5057 2017 5110 tionis
2044 5057 2278 5113 universi
2309 5059 2462 5128 signa
2504 5060 2556 5112 in
2587 5061 2700 5115 sole
2730 5061 2963 5132 lunaque
2994 5072 3051 5118 et
3079 5066 3242 5121 astris
3269 5082 3409 5136 pne-

1847 5330 2307 5403 mus‘rtgpéawxsv
2335 5331 2506 5403 ἡμῖνᾶ

1921 5400 1993 5474 (9)
2024 5400 2248 5474 Codices
2307 5400 2410 5474 duo
2457 5403 2678 5468 ἆλλωες.
2720 5402 2873 5474 Regii
2921 5404 3101 5459 itidem
3147 5404 3253 5460 duo
3286 5421 3408 5462 cum

1848 5469 2013 5524 Coisl.
2043 5471 2280 5525 secundo
2309 5473 2499 5536 ἄλωες.
2530 5475 2668 5528 Editi
2707 5469 2868 5538 ἆλιιῖς.

1919 5540 2031 5616 ([0)
2067 5541 2245 5616 Εδίίίο
2280 5542 2439 5616 Basil.
2466 5560 2586 5616 cum
2621 5547 3017 5616 quinqnemss.
3046 5543 3244 5616 βιαίαν.
3280 5545 3409 5604 Edi-

1847 5609 2130 5684 tiouParis.
2153 5627 2282 5684 cum
2309 5613 2515 5684 duobus
2545 5609 2663 5670 aliis
2693 5609 2815 5668 mss.
2856 5609 3062 5684 βιαίωνζ

2054 5680 2408 5756 (_Jodicgs_du_o
2443 5685 2666 5756 σελήνην
2703 5680 3089 5756 αὐξανομένην.

1917 5752 2027 5820 (12)
2063 5750 2137 5803 Ita
2166 5751 2333 5820 editio
2364 5752 2522 5808 Basil.
2555 5750 2673 5808 eum
2712 5750 3053 5808 multis'mss.
3090 5753 3264 5809 Editio
3305 5754 3408 5810 Pa-

1845 5817 1936 5875 ris.
1965 5821 1995 5871 ἢ
2022 5820 2135 5874 καί.
2165 5817 2363 5874 Ibidem
2391 5823 2540 5877 Colb.
2580 5825 2843 5878 secundus
2869 5822 2973 5874 ὑπὸ
3001 5823 3198 5890 νεςρῶν.
