4100 6312
227 346 333 400 ιεο

1320 348 1604 405 IIOMILIA
1650 347 1716 403 Vl
1759 346 1825 403 IN
1867 346 2364 404 IIEXAEMERON.

3389 349 3481 400 150

217 463 273 515 εί
299 460 397 534 τὴν
429 463 713 534 ἀκρίϐειαν
765 462 966 532 ταύτην
994 461 1087 532 τῆς
1132 460 1221 514 τοῦ
1257 464 1447 534 χρόνου
1488 460 1786 533 διαιρέσεως

1907 476 2036 515 vare
2060 461 2289 530 possint.
2320 460 2453 514 Nam
2482 456 2810 527 simulatque
2859 468 3018 514 natus
3046 465 3129 514 est
3156 472 3310 527 puer,
3339 463 3477 528 quod

217 554 508 609 ἀποσῶσαι
544 557 885 625 δυνήσονται.
932 552 1096 623 Ὀμοῦ
1135 571 1190 607 τε
1236 554 1342 626 γὰρ
1372 552 1566 624 ἐτέχθη
1593 554 1652 605 τὸ
1685 570 1807 607 παι-

213 646 357 707 δίον,
398 647 491 700 καὶ
525 649 557 717 ἠ
597 649 730 716 μαῖα
766 648 1102 699 κατασκοπεῖ
1141 647 1203 699 τὸ
1254 643 1511 714 γεννηθὲν
1556 643 1722 717 ἄρρεν
1774 644 1804 713 ἢ

214 736 379 810 θῆλυ*
407 735 525 791 εἶτα
555 736 813 807 ἀναμένει
839 737 930 790 τὸν
951 737 1246 803 κλαυθμὸν,
1278 738 1415 808 ὅπερ
1450 738 1673 808 σημεῖόν
1693 738 1807 790 ἐστι

212 831 322 900 τῆς
376 830 521 899 ζωῆς
552 829 644 882 τοῦ
676 831 972 900 τεχθέντος.
1010 832 1156 885 Πόσα
1201 829 1376 901 βούλει
1426 832 1484 882 ὲν
1526 830 1698 898 τούτῳ
1728 832 1806 900 τῷ

214 922 399 994 χρόνῳ
425 922 797 994 παραδραμεῖν
829 924 1124 995 έξηκοστάς
1153 918 1285 977 Εἶπε
1320 923 1528 994 (20)τῷ
1556 924 1803 994 Χαλδαίῳ

210 1012 282 1063 τὸ
317 1012 591 1081 γεννηθέν.
624 1012 721 1067 Διά
752 1016 953 1078 πόσων,
974 1015 1171 1085 βούλει,
1201 1012 1383 1084 θῶμεν
1400 1012 1509 1064 τῶν
1539 1013 1799 1068 λεπτοτά-

212 1120 330 1156 των
372 1102 471 1173 τῆς
514 1104 678 1175 μαίας
706 1107 804 1178 τὴν
839 1107 1023 1177 φωνὴν
1065 1106 1377 1178 παρελθεῖν·
1414 1104 1586 1170 άλλως
1618 1124 1678 1159 τε
1708 1108 1807 1159 καὶ·

214 1195 446 1267 εἰτύχοι
492 1198 599 1267 (21)
643 1198 746 1262 ἔξω
796 1198 893 1269 τῆς
944 1196 1384 1267 γυναικωνίτιδος
1429 1196 1597 1260 ἑστὼς
1632 1200 1659 1250 ό
1702 1197 1799 1267 τὴν

213 1286 373 1358 ὤραν
401 1290 819 1361 ἀποτιθέμενος;
851 1293 940 1344 Δεῖ
975 1289 1084 1360 γὰρ
1116 1288 1205 1341 τὸν
1239 1288 1306 1341 τὰ
1334 1288 1674 1359 ὡροσκοπεῖα
1697 1305 1797 1340 κα-

208 1381 485 1452 ταμαθεῖν
522 1381 779 1452 μέλλοντα
804 1383 938 1453 πρὸς
973 1381 1253 1451 ἀκρίϐειαν
1280 1381 1377 1452 τὴν
1397 1380 1542 1453 ὥραν
1564 1379 1800 1450 ἀπογρά-

211 1471 437 1540 φεσθαι,
476 1474 583 1526 εἴτε
618 1472 855 1545 ἡμερινά
884 1471 1077 1535 ταῦτα,
1116 1472 1224 1524 εῖτε
1264 1471 1553 1544 νυκτερινὰ
1596 1470 1798 1539 τυγχάο

211 1580 320 1617 νοι.
351 1564 537 1617 Πόοων
570 1563 877 1636 ἑξηκοστῶν
908 1563 1109 1634 σμῆνος
1142 1564 1197 1615 ὲν
1223 1564 1394 1634 τούτῳ
1437 1564 1595 1617 πάλιν
1625 1580 1797 1632 παρα-

209 1656 399 1727 τρέχει
427 1656 503 1727 τῷ
523 1656 734 1727 χρόνῳ;
765 1655 1003 1725 ’Δνάγκη
1032 1655 1139 1727 γὰρ
1156 1654 1442 1725 εὑρεθῆναι
1459 1655 1551 1708 τὸν
1564 1654 1798 1725 ὡροσκο-

209 1745 424 1799 πιοῦντα
443 1745 646 1815 ἀστέρα
673 1745 731 1797 οὐ
759 1744 917 1814 μόνον
948 1745 1087 1798 κατά
1123 1746 1321 1799 πόστου
1348 1746 1459 1814 (22)
1491 1744 1795 1813 δωδεκατη-

212 1840 408 1913 μορίου
434 1840 603 1902 ὲστὶν,
633 1838 771 1893 ἀλλά
800 1839 893 1892 καὶ
922 1839 1064 1892 κατά
1090 1839 1245 1902 ποίας
1285 1839 1479 1910 μοίρας
1512 1836 1605 1889 τοῦ
1638 1836 1795 1889 δωδε-

208 1933 574 2004 κατημορίου,
606 1933 701 1986 καὶ
731 1932 787 1985 ὲν
834 1932 1017 2003 πόστῳ
1064 1930 1363 2003 ἑξηκοστῷ,
1404 1932 1483 1993 εἰς
1514 1930 1548 1984 ὃ,
1590 1929 1793 1999 ἔφαμεν

206 2023 539 2095 διαιρεῖσθαι
564 2023 660 2095 τὴν
691 2025 881 2095 μοῖραν
901 2024 1012 2095 (25)
1061 2024 1115 2093 ἢ,
1136 2024 1221 2076 ἵνα
1240 2024 1298 2075 τὸ
1322 2022 1546 2093 ἀκριϐὲς
1576 2022 1788 2093 εὑρεθῇ,

206 2117 272 2168 ὲν
326 2116 508 2186 πόστῳ
539 2115 813 2187 ἑξηκοστῷ
869 2116 975 2169 τῶν
1018 2115 1465 2186 ὐποδιῃρημένων
1520 2115 1627 2168 ἀπὸ
1683 2114 1790 2167 τῶν

205 2209 446 2281 «ptirth
487 2210 812 2278 ἑξηκοστῶν.
868 2209 979 2263 Καὶ
1027 2208 1227 2279 ταύτην
1279 2210 1374 2280 τὴν
1404 2209 1545 2262 οὕτω
1593 2210 1790 2279 λεπτὴν

206 2298 312 2351 καὶ
371 2298 749 2367 ἀκατάληπτον
798 2298 1015 2368 εὕρεσιν
1044 2298 1134 2351 τοῦ
1190 2298 1377 2370 χρόνου
1416 2301 1499 2368 ἐφ’
1562 2300 1788 2353 ἑκάστου

205 2388 325 2441 τῶν
368 2386 650 2458 πλανητῶν
690 2389 983 2457 ἀναγκαῖον
1016 2384 1153 2441 εἶναι
1203 2389 1470 2442 ποιεῖσθαι
1522 2389 1787 2456 λέγουσιν,

204 2479 357 2534 ὥστε
414 2480 703 2553 εὑρεθῆναι
756 2480 1002 2551 ποταπὴν
1060 2476 1202 2551 εἶχον
1254 2483 1435 2552 σχέσιν
1486 2483 1621 2554 πρὸς
1668 2484 1791 2544 τοὺς

206 2571 492 2636 ἀπλανεῖς,
523 2573 619 2627 καὶ
647 2572 889 2625 ποταπὸν
922 2566 991 2643 ἦν
1012 2570 1071 2625 τὺ
1106 2573 1289 2645 σχῆμα
1339 2573 1515 2626 αὐτῶν
1539 2573 1673 2645 πρὸς
1699 2575 1790 2627 ἀλ-

205 2662 406 2735 λήλους
438 2666 495 2716 έν
535 2667 601 2735 τῇ
630 2664 750 2716 τότε
789 2663 999 2733 γενέσει
1040 2664 1133 2718 τοῦ
1170 2666 1503 2735 τικτομένου.
1550 2667 1704 2718 Ὥστε
1740 2667 1787 2719 εί

203 2754 310 2823 τῆς
332 2752 481 2824 ὧρας
510 2756 782 2824 ἐπιτυχεῖν
806 2754 1051 2827 ἀκριϐῶς
1075 2756 1352 2819 ἀδύνατον,
1387 2759 1419 2826 ὴ
1444 2756 1501 2810 δὲ
1530 2757 1621 2811 τοῦ
1659 2758 1787 2828 βρα-

204 2845 442 2915 χυτάτου
499 2845 823 2916 παραλλαγὴ
859 2845 951 2898 τοῦ
1008 2847 1204 2909 παντὸς
1255 2848 1570 2917 διαμαρτεῖν
1625 2854 1783 2913 ποιεῖ,

205 2937 604 3005 καταγέλαστοι
638 2938 731 2991 καὶ
774 2940 825 2990 οί
886 2940 1013 3008 περὶ
1062 2940 1161 3009 τὴν
1201 2939 1545 3009 ἀνύπαρκτον
1588 2940 1787 3012 ταύτην

203 3028 407 3100 τέχνην
437 3030 808 3101 ὲσχολακότες,
844 3032 938 3085 καὶ
976 3034 1024 3085 oi
1071 3032 1205 3103 πρὸς
1244 3032 1438 3096 αὐτοὺς
1474 3034 1782 3105 κεχηνότες,

201 3122 285 3187 ὡς
304 3123 631 3194 δυναμένους
664 3124 858 3178 ειδέναι
882 3124 950 3177 τὰ
973 3126 1092 3178 κατ’
1122 3125 1335 3189 αὐτούς.

278 3393 334 3449 6.
376 3388 475 3447 Οἷα
510 3394 567 3447 δὲ
600 3394 694 3448 καὶ
727 3394 795 3449 τά
834 3395 1314 3467 ἀποτελεσματικά
1348 3396 1495 3468 (24);
1539 3398 1596 3451 Ὀ
1636 3398 1782 3452 δεῖνα

201 3481 383 3548 οὖλος,
404 3487 558 3557 φησι,
592 3486 688 3557 τὴν
719 3488 879 3557 τρίχα
905 3488 1039 3558 (25),
1064 3488 1157 3543 καὶ
1191 3489 1426 3560 χαροπός
1479 3488 1650 3560 Κριοῦ
1676 3489 1783 3561 γὰρ

201 3576 322 3647 ἔχει
366 3579 466 3648 τὴν
508 3579 687 3650 ὥραν·
732 3579 973 3634 τοιοῦτον
1006 3581 1063 3634 δέ
1106 3599 1223 3645 πως
1258 3582 1489 3653 ὀφθῆναι
1519 3582 1578 3635 τὸ
1620 3580 1777 3647 ζῶον.

214 3668 380 3721 Ἀλλά
406 3670 499 3723 καὶ
534 3670 917 3743 μεγαλόφρωνο
953 3672 1138 3744 ἐπειδὴ
1170 3674 1495 3744 ἡγεμονικὸν
1525 3677 1554 3727 ό
1582 3676 1775 3745 Κριός·

198 3762 302 3815 καὶ
337 3762 622 3832 προετικδς
650 3763 786 3833 (26),
818 3766 912 3819 καὶ
935 3765 1096 3819 πάλιν
1122 3767 1439 3837 ποριστικός
1459 3784 1473 3797 ·
1503 3768 1688 3839 ἐπειδὴ
1719 3770 1779 3821 τὸ

200 3853 346 3919 ζῶον
376 3852 533 3908 τοῦτο
570 3855 665 3909 καὶ
714 3856 1034 3911 ἀποτίθεται
1080 3857 1301 3921 ἀλύπως
1347 3857 1415 3913 τὸ
1467 3858 1633 3930 ἔριον,
1684 3862 1777 3914 καὶ

200 3942 370 3998 πάλιν
416 3943 568 4015 παρὰ
620 3945 721 4016 τῆς
786 3945 1000 4013 φύσεως
1052 3947 1251 4018 ῥᾳδίως
1318 3948 1771 4017 ὲπαμφιέννυται.

211 4034 377 4089 Ἀλλά
408 4036 501 4088 καὶ
529 4037 556 4088 ὁ
584 4037 882 4108 Ταυριανὸς
903 4038 1181 4110 τληπαοὴς
1204 4038 1337 4109 (27),
1372 4040 1522 4109 φησὶ,
1551 4042 1644 4094 καὶ
1660 4042 1777 4095 δου-

199 4127 383 4191 λικὸς·
436 4128 620 4199 ἐπειδὴ
660 4130 764 4182 ὑπὸ
814 4130 974 4199 ζυγὸν
1022 4132 1051 4183 ό
1093 4130 1309 4203 ταῦρος.
1363 4137 1474 4189 Καὶ
1529 4137 1557 4188 ό
1603 4136 1771 4206 Σκορ-

199 4223 395 4287 πιανὺς
442 4222 687 4295 πλήκτης
729 4222 815 4275 διὰ
862 4222 959 4293 τὴν
995 4222 1130 4293 πρὸς
1163 4224 1222 4276 τὸ
1258 4224 1446 4296 θηρίον
1492 4225 1770 4296 ὁμοίωσιν.

208 4314 268 4366 ’0
296 4313 356 4365 δὲ
382 4313 641 4383 Ζυγιανδς
664 4312 891 4375 δίκαιος,
913 4311 1000 4364 διὰ
1026 4312 1127 4381 τὴν
1151 4312 1278 4384 παρ’
1305 4314 1432 4383 ἡμῖν
1460 4314 1567 4367 τῶν
1595 4313 1773 4383 ζυγῶν

200 4404 444 4474 ἰσότητα.
488 4404 703 4457 Τούτων
753 4403 805 4455 τί
845 4402 909 4457 ἂν
950 4402 1159 4471 γένοιτο
1201 4406 1770 4476 καταγελαστότερον;

1914 553 2160 623 genitum
2184 562 2285 614 est,
2306 554 2427 608 idne
2454 566 2571 606 mas
2595 550 2669 604 sit
2695 565 2763 604 an
2793 550 2990 604 femina
3019 551 3284 607 obstetrix
3305 549 3483 621 explu-

1911 653 1993 697 mt
2040 662 2053 697 :
2106 642 2335 698 subinde
2374 652 2657 713 exspectat
2698 642 2974 712 vagitum,
3011 644 3150 712 quod
3201 644 3324 697 vitae
3363 642 3481 712 (δίας

1908 740 1999 805 qui
2026 746 2189 790 natus
2214 736 2332 800 fuit,
2366 738 2577 806 signum
2611 747 2713 791 est.
2742 736 2883 803 Quot
2914 735 2995 787 vis
3022 750 3114 802 per
3140 735 3242 789 hoc
3266 746 3478 801 tempus

1909 828 2242 898 praeteriisse
2280 830 2647 900 sexagesimas
2687 822 2909 901 partes?
2947 826 3196 882 Chaldaeo
3219 827 3473 889 declarat,

1906 919 2047 988 quod
2086 927 2270 973 natum
2300 931 2403 975 est.
2434 921 2576 988 Quot
2619 920 3015 975 minutissimas
3041 926 3246 988 partes,
3270 917 3471 973 interea

1904 1011 2031 1066 dum
2060 1012 2321 1066 obstetrix
2353 1017 2687 1083 loqueretur,
2732 1012 2812 1065 vis
2843 1025 3103 1081 ponamus
3127 1009 3234 1081 55
3254 1020 3471 1079 prtetcr-

1904 1102 2055 1167 iisse,
2114 1107 2409 1171 praesertim
2450 1108 2494 1160 si
2530 1104 2809 1173 contingat
2833 1144 2847 1168 ,
2886 1112 2942 1157 ut
2969 1112 3125 1159 extra
3163 1118 3473 1173 gynaeceum

1906 1194 2121 1248 steterit
2148 1195 2238 1261 qui
2259 1196 2446 1250 horam
2465 1194 2676 1265 colligit
2705 1207 2767 1247 ac
2794 1193 3049 1261 exponit?
3073 1191 3297 1260 Oportet
3329 1191 3471 1245 enim

1900 1297 2022 1337 eum
2056 1283 2147 1352 qui
2186 1284 2438 1339 horarum
2466 1285 2727 1340 natalium
2765 1282 3049 1337 scientiam
3095 1285 3303 1339 discere
3329 1284 3469 1345 vult.

1900 1384 2111 1443 tempus
2137 1384 2192 1430 et
2216 1376 2404 1430 horam
2434 1383 2687 1431 accurate
2713 1375 3044 1437 describere,
3072 1374 3184 1428 sive
3228 1375 3468 1435 diurnae,

1900 1466 2011 1519 sive
2046 1476 2322 1521 nocturnae
2365 1466 2496 1521 sint.
2536 1466 2746 1533 Quanta
2777 1468 2967 1520 iterum
3005 1467 3461 1535 sexagesimarum

1899 1557 2182 1613 multitudo
2218 1574 2314 1628 per
2342 1559 2441 1613 hoc
2476 1568 2690 1627 tempus
2726 1558 3080 1628 praeterﬂuit?
3120 1558 3351 1614 Necesse
3382 1569 3465 1613 est

1896 1652 2037 1707 enim
2067 1653 2293 1709 inveniri
2338 1654 2487 1709 sidus
2549 1652 2871 1721 natalitium,
2920 1669 3024 1709 non
3055 1652 3211 1723 juxta
3248 1663 3466 1723 quotam

1897 1746 2053 1801 modo
2080 1747 2446 1802 duodecimam
2481 1755 2689 1815 partem
2715 1747 2803 1808 sit,
2833 1748 2925 1801 sed
2945 1747 3097 1817 juxta
3144 1762 3279 1816 quas
3302 1747 3465 1799 etiam

1827 1816 1867 1869 Β
1898 1839 2223 1895 duodecimae
2258 1840 2425 1909 partis
2454 1847 2635 1910 partes
2658 1816 3017 1903 occurrat,ret
3042 1840 3093 1893 in
3119 1850 3279 1909 quota
3308 1854 3465 1894 sesa-

1896 1931 2120 2002 gesima,
2156 1931 2207 1984 in
2240 1944 2377 1999 quas
2417 1939 2600 1998 partes
2649 1940 2857 1999 partem
2900 1945 3334 2001 unamquamque
3381 1934 3465 1986 di-

1898 2016 2000 2069 vidi
2036 2016 2270 2069 diximus
2305 2034 2317 2068 :
2356 2026 2468 2079 aut,
2502 2024 2559 2069 ut
2598 2025 2746 2069 certa
2788 2015 2864 2070 rei
2893 2016 3092 2071 veritas
3119 2017 3462 2077 inveniatur.

1894 2109 1945 2161 in
1970 2117 2132 2177 quota
2156 2122 2494 2177 sexagesima
2538 2123 2603 2161 ex
2646 2108 2712 2163 iis
2748 2122 2870 2178 qua:
2906 2123 2935 2162 a
2966 2110 3160 2179 primis
3189 2113 3464 2180 sexagesi—

1891 2200 1995 2255 mis
2042 2201 2333 2255 subdivisze
2366 2211 2509 2254 sunt.
2546 2199 2612 2254 Et
2658 2200 2797 2255 hanc
2849 2201 2986 2255 adeo
3024 2208 3241 2257 tenuem
3286 2213 3341 2257 et
3385 2205 3463 2258 in-

1890 2292 2438 2361 eomprehensibilem
2468 2293 2728 2361 temporis
2761 2293 3231 2362 investigationem
3263 2297 3315 2350 in
3338 2299 3459 2367 qui-

1893 2385 2100 2452 busque
2142 2383 2371 2453 planetis
2416 2385 2533 2440 ﬁeri
2559 2401 2779 2443 necesse
2825 2403 2947 2444 esse
2986 2389 3167 2451 aiunt,
3215 2398 3273 2444 ut
3308 2407 3458 2444 com-

1892 2483 2103 2543 pertum
2157 2474 2228 2528 sit
2278 2486 2332 2528 et
2380 2476 2744 2545 exploratum,
2790 2480 3006 2550 qualem
3056 2482 3289 2535 habeant
3340 2498 3459 2535 cum

1891 2564 2252 2619 iuerrantibus
2288 2566 2458 2621 stellis
2502 2568 2767 2633 habitum,
2803 2581 2861 2625 et
2889 2572 3066 2640 qualis
3104 2586 3288 2625 eorum
3323 2572 3462 2625 inter

1889 2672 1947 2711 se
1969 2668 2117 2712 esset
2144 2657 2311 2728 ﬁgura
2338 2658 2391 2712 in
2418 2659 2535 2727 ejus
2561 2662 2651 2729 qui
2679 2670 2805 2715 tunc
2828 2673 2985 2717 natus
3005 2674 3090 2718 est
3111 2674 3255 2718 ortu.
3284 2666 3461 2731 Quart!

1887 2750 1933 2804 si
1964 2750 2079 2805 ﬁeri
2113 2766 2217 2805 non
2255 2752 2448 2821 possit,
2480 2761 2538 2806 ut
2564 2754 2753 2808 horam
2796 2766 3049 2812 accurate
3079 2769 3454 2827 assequamur.

1888 2850 1942 2896 et
1977 2849 2155 2896 tamen
2186 2841 2492 2898 brevissimi
2531 2847 2789 2915 temporis
2835 2847 3142 2902 immutatio
3192 2850 3244 2903 in
3290 2866 3383 2905 eat.
3400 2866 3455 2906 sa

1888 2932 1959 2987 sit
1995 2947 2092 2987 cur
2133 2949 2163 2987 a
2213 2943 2325 2989 toto
2357 2935 2660 3002 aberretur,
2706 2939 2985 2995 deridendi
3034 2952 3158 2995 sunt
3205 2952 3259 2997 et
3292 2945 3324 2997 ii
3365 2948 3454 3013 qui

1890 3024 1941 3077 in
1982 3024 2084 3079 hac
2117 3033 2235 3079 arte
2276 3026 2593 3095 imaginaria
2620 3032 2915 3086 excolenda
2942 3034 3184 3088 studium
3223 3049 3454 3105 ponunt,

1885 3124 1943 3169 et
1981 3116 2016 3169 ii
2054 3115 2145 3185 qui
2185 3116 2237 3170 in
2279 3116 2423 3186 ipsos
2458 3130 2644 3189 aperto
2676 3136 2770 3177 ore
2813 3123 3006 3177 intenti
3041 3134 3187 3189 sunt,
3233 3129 3457 3197 perinde

1884 3206 2037 3275 quasi
2067 3221 2131 3262 ea
2173 3222 2295 3277 quae
2336 3210 2466 3279 ipsis
2498 3221 2623 3266 sunt
2650 3226 2913 3269 eventura
2941 3258 2954 3281 ,
2986 3232 3308 3288 cognoscere
3336 3235 3456 3289 pos-

1886 3297 2016 3353 sint.

1953 3390 2006 3444 6.
2048 3389 2243 3457 Quales
2306 3400 2482 3447 autem
2540 3396 2908 3461 producuntur
2971 3397 3232 3454 eil‘eelus?
3290 3401 3456 3470 Hujus

1884 3482 2088 3553 capilli,
2125 3486 2394 3555 inquiunt,
2426 3485 2588 3539 futuri
2618 3498 2744 3543 sunt
2774 3491 2960 3560 crispi,
2991 3493 3199 3548 oculive
3230 3495 3407 3549 decori
3438 3514 3450 3548 :

1883 3574 2086 3631 Arietis
2116 3576 2321 3632 scilicet
2360 3578 2524 3632 habet
2553 3579 2742 3633 horam
2778 3594 2792 3633 :
2826 3597 3056 3652 namque
3090 3586 3287 3639 animal
3327 3589 3453 3642 illud

1883 3670 2284 3738 quodammodo
2308 3683 2393 3727 est
2419 3672 2525 3726 tale
2553 3685 2796 3741 aspectu.
2818 3674 2955 3741 Quin
2975 3678 3137 3732 etiam
3166 3681 3269 3734 erit
3292 3697 3452 3748 grau-

1882 3760 1933 3813 di
1967 3760 2149 3815 animo
2185 3770 2238 3816 ct
2269 3763 2445 3829 elato;
2484 3766 2679 3835 quippe
2711 3781 2877 3835 penes
2909 3769 3144 3823 Arictem
3184 3781 3265 3825 est
3299 3774 3447 3841 prin-

1880 3854 2090 3925 cipatus
2141 3872 2157 3911 :
2209 3859 2313 3914 erit
2370 3870 2425 3915 et
2476 3862 2685 3931 largus,
2728 3874 2779 3918 et
2834 3880 3020 3919 rursus
3075 3878 3445 3935 quaestuosus;

1878 3949 2315 4019 quandoquidem
2363 3952 2465 4007 hoc
2506 3953 2704 4008 animal
2747 3964 2802 4009 et
2848 3957 2981 4010 citra
3022 3958 3320 4013 molestiam
3358 3960 3449 4013 de-

1876 4038 2029 4106 ponit
2058 4038 2261 4105 lanam,
2292 4051 2345 4097 et
2383 4058 2568 4097 rursus
2600 4043 2753 4099 facile
2781 4062 2808 4099 a
2839 4056 3032 4100 natura
3064 4050 3307 4104 vestitur.
3342 4049 3446 4104 Sed

1879 4128 1929 4181 in
1958 4128 2138 4184 Tauro
2178 4140 2385 4196 natum,
2424 4132 2740 4189 tolerantem
2791 4149 2912 4191 esse
2955 4137 3200 4194 laborum
3237 4141 3443 4205 dicunt,

1878 4230 2038 4289 atque
2063 4222 2310 4280 servilem
2338 4242 2351 4278 :
2378 4226 2629 4292 quoniam
2646 4226 2777 4297 jugo
2801 4236 2985 4284 taurus
3011 4232 3314 4301 subjicitur.
3344 4234 3443 4300 Qui

1875 4326 2003 4366 vero
2037 4312 2212 4367 editus
2253 4325 2337 4368 est
2392 4316 2494 4370 sub
2530 4316 2847 4387 Scorpione,
2882 4322 2987 4374 erit
3036 4335 3347 4388 percussor,
3379 4330 3447 4379 oh

1873 4419 1991 4458 eam
2026 4420 2185 4474 quam
2226 4423 2345 4460 cum
2384 4408 2485 4461 isto
2536 4409 2757 4463 animali
2814 4410 2977 4465 habet
3016 4413 3441 4470 similitudinem.

206 4494 268 4546 ὐ
304 4492 493 4563 Κριὸς,
530 4496 623 4562 ἀφ’
651 4486 711 4547 οὗ
752 4494 849 4563 τὴν
879 4492 1089 4559 γένεσιν
1118 4492 1211 4544 τοῦ
1241 4492 1527 4563 ἀνθρώπου
1564 4493 1771 4563 λαμϐά-

1886 4494 1974 4562 Qui
2023 4507 2200 4552 autem
2244 4500 2295 4551 in
2329 4498 2489 4553 Libra
2537 4510 2694 4555 natus
2742 4509 2844 4565 est,
2882 4501 3098 4559 futurus
3133 4516 3218 4559 est
3246 4508 3443 4575 justus.

196 4599 333 4645 νεις,
367 4582 597 4652 οὐρανοῦ
634 4583 798 4652 μέρος
841 4582 956 4633 ἐστὶ
984 4580 1044 4633 τὸ
1085 4580 1406 4647 δωδέκατον,
1435 4586 1492 4636 ὲν
1523 4576 1567 4651 ᾧ
1615 4585 1763 4651 γενό-

1886 4600 2095 4657 propter
2142 4589 2399 4645 librarum
2441 4593 2579 4661 apud
2622 4608 2719 4646 nos
2754 4594 3137 4661 aequalitatem.
3184 4597 3320 4664 Quid
3364 4601 3444 4653 his

198 4692 361 4746 μενος
402 4676 430 4728 ό
471 4675 621 4745 ἣλιος
660 4674 768 4728 τῶν
821 4674 1050 4745 ἐαρινῶν
1081 4674 1321 4743 σημείων
1366 4674 1595 4730 ἅπτεται
1630 4676 1763 4745 (28).

195 4770 310 4822 Καὶ
349 4766 534 4849 Ζυγδς,
566 4768 659 4819 καὶ
700 4766 909 4838 Ταῦρος
948 4768 1239 4831 ὡσαύτως,
1289 4768 1517 4822 ἕκαστον
1563 4770 1767 4823 τούτων

193 4858 661 4931 δωδεκατημόριόν
713 4860 827 4911 ἐστι
860 4858 953 4912 τοῦ
1004 4858 1267 4920 ζωδιακοῦ
1327 4860 1619 4928 λεγομένου
1674 4861 1768 4914 κύ-

267 5019 514 5089 (20)ί8ἰο
559 5016 722 5089 editio
758 5015 935 5089 ‘Basil.
986 5025 1040 5069 et
1090 5016 1255 5069 nostri
1298 5025 1497 5086 septem
1526 5033 1651 5071 mss.
1692 5019 1759 5072 At

189 5082 375 5143 edi'tio'
392 5088 561 5143 Paris.
590 5083 705 5139 εἶτα
732 5082 873 5141 εἶπε.

261 5158 379 5228 (21)
408 5158 537 5228 Reg.
576 5159 833 5228 sextusjel
854 5156 1009 5227 τύχῃ.

264 5226 381 5297 (22)
421 5226 509 5299 Ιιιί
547 5228 725 5299 editio
754 5226 919 5299 Basil.
943 5226 1027 5299 "et
1064 5232 1299 5299 quinque
1330 5243 1460 5283 mss.
1503 5242 1533 5281 e
1559 5229 1758 5283 nostris

192 5309 391 5369 prater
412 5297 663 5369 gombef.
683 5296 863 5369 ΔΕιιίιίρ
885 5297 1054 5369 Paris.
1080 5296 1229 5354 ’κατὰ
1256 5301 1444 5354 πόσου.

262 5367 380 5439 (2ζι)
411 5365 603 5439 Nostra
632 5366 1013 5439 editio_Basil._
1030 5383 1148 5425 cum
1202 5384 1430 5439 septem
1463 5382 1592 5422 mss.
1620 5368 1753 5421 διαι-

192 5436 406 5508 ρεῖσθαι
425 5436 525 5511 τῂν
554 5438 767 5511 μοῖραν.
787 5437 962 5495 Editio
986 5436 1155 5495 Paris.
1178 5436 1498 5511 διαιρεῖσθαι
1522 5440 1754 5507 ἑκάστην

190 5507 517 5581 έριεικοσξὴγ
532 5507 754 5581 eois”:

262 5524 517 5575 ιακοστην
542 5524 629 5576 μοι
706 5524 754 5562 ν.

260 5579 375 5661 (id)
406 5576 581 5661 Editio
618 5524 782 5661 £2".
818 5586 884 5661 _et
916 5576 1065 5661 Bodl.
1096 5596 1215 5661 eum
1263 5580 1443 5661 Begiis
1483 5581 1671 5661 primo
1705 5589 1756 5659 et

227 5644 379 5703 nimo
424 5656 479 5701 et
521 5660 644 5699 cttln
688 5644 854 5702 Coisl.
900 5651 1073 5715 primo
1113 5644 1521 5704 ἀποτελεᾶτικᾶ.
1580 5651 1753 5703 Etlitio

229 5719 361 5791 aris.
389 5732 511 5791 c_um
532 5716 798 5791 nonnullis
830 5733 955 5772 mss.
984 5720 1473 5791 ἁποτελεσματικὰ.

261 5789 373 5859 (25)
404 5786 544 5844 Editi
575 5784 725 5854 φασί,
775 5802 900 5840 mss.
947 5791 1096 5859 φησί.
1154 5784 1269 5845 Μυιὶ
1316 5793 1477 5847 editio
1511 5791 1668 5846 B-tsil.
1702 5802 1747 5844 ct

469 5884 738 5947 ΡΑτιιοι..
775 5883 889 5946 Gtt.
928 5886 1164 5949 XXIX.

1876 4680 2047 4749 magis
2082 4681 2366 4735 ridiculum
2408 4698 2529 4738 esse
2559 4684 2769 4751 possit?
2804 4686 2961 4741 Aries
3003 4688 3111 4750 ille,
3146 4705 3175 4741 a
3203 4705 3311 4757 quo
3349 4694 3441 4745 ho-

1876 4769 2037 4824 minis
2087 4772 2315 4825 natalem
2362 4772 2623 4838 desumis,
2654 4773 2775 4827 coeli
2807 4789 2932 4843 pars
2978 4773 3062 4831 est
3104 4779 3436 4844 duodecima.

1876 4865 1927 4917 in
1955 4878 2057 4932 qua
2084 4880 2204 4919 cum
2238 4865 2398 4920 fuerit
2422 4867 2522 4932 sol,
2554 4881 2716 4921 verna
2744 4868 2892 4937 signa
2926 4872 3160 4942 attingit.
3196 4873 3258 4928 Et
3282 4872 3438 4930 Libra

1866 5021 2272 5105 nostrinseptem
2317 5023 2632 5105 [1155.prle
2672 5024 2799 5096 γάρ.
2849 5026 3025 5083 Editio
3070 5028 3241 5085 Paris.
3284 5032 3435 5105 κριοῦ

1863 5089 2179 5165 γάριΒἮΙΙ.
2197 5094 2380 5165 ,κριῶν
2413 5089 2538 5165 γάρζ

1933 5158 2045 5229 (26)
2082 5158 2539 5238 Variaut_e:liii__et
2569 5178 2698 5238 _mss_.
2736 5166 2911 5238 Editio
2943 5166 3113 5224 Paris.
3151 5188 3268 5224 cum
3300 5173 3429 5238 Heg.

1861 5243 2054 5311 oetavo
2079 5232 2382 5311 προετικός.
2441 5232 2618 5311 Editio
2659 5233 2819 5311 βοαί).
2852 5251 2971 5311 cum
3030 5241 3158 5311 Reg.
3193 5244 3348 5294 tertio
3380 5232 3435 5293 λοι

1861 5316 1982 5381 cum
2014 5298 2164 5381 Quill.
2194 5304 2623 5381 προαιρετικός.
2654 5304 2817 5359 Cuisl.
2865 5308 3073 5381 primus
3108 5298 3436 5381 ἶιροεκτικὸς

1860 5370 1916 5423 δὲ
1949 5371 2063 5451 καί.
2095 5370 2279 5451 “Coisl.
2322 5370 2589 5451 secundus
2620 5370 3005 5451 προηγητικός,
3054 5370 3183 5451 Βεέ.
3219 5370 3436 5451 quiutus

1860 5454 1983 5521 cum
2218 5445 2454 5521 secundo
2486 5442 2861 5521 προσεκτικός.
2901 5442 3255 5521 hotam,'qu.i
3290 5455 3431 5507 hunc

1862 5509 2038 5582 locum
2080 5512 2307 5582 illustrat
2345 5509 2590 5573 Ducmu's,
2629 5518 2775 5582 legas
2804 5518 3025 5573 Suadeo.

1932 5580 2047 5647 (27)
2097 5581 2226 5658 Reg.
2283 5593 2470 5637 sextus
2506 5580 2785 5657 τληπαθὴς
2828 5587 2985 5656 φύσει
3034 5593 3128 5643 καὶ
3170 5592 3431 5658 δουλικός,

1858 5650 2100 5703 laborum
2136 5652 2361 5705 tolerans
2387 5665 2461 5707 est
2490 5650 2701 5713 multra.
2732 5650 2777 5708 ἐι
2812 5650 3011 5711 servilis

1875 5792 1883 5802 ι
1931 5722 2375 5785 (28)11;ιι“οι1ἰι·οδ
2404 5736 2626 5795 septem.
2670 5728 2805 5781 Edili
2836 5741 2883 5782 et
2912 5729 3075 5784 Caisl.
3103 5737 3301 5801 primus
3346 5739 3405 5803 ﬁ;

1860 5808 2108 5847 απτπαι.

3042 5897 3079 5957 5
