4092 6318
663 338 754 392 151
2004 339 2059 392 S.
2107 338 2344 395 BASILl-l
2391 343 2602 399 MAGNI
3813 352 3896 405 132

657 467 710 514 et
756 457 961 511 Taurus
1012 454 1285 515 similiter.
1338 456 1753 524 unumquodque
1804 471 1868 509 ex
1927 457 2009 511 his
2059 457 2219 527 signis

2332 459 2478 510 κλου.
2500 459 2623 522 Πῶς
2646 453 2736 511 οὖν
2767 458 2974 511 ἐκεῖθεν
2993 457 3088 522 τάς
3109 463 3528 533 προηγουμένας
3548 466 3729 527 αἰτίας
3747 469 3901 534 λέγων

657 549 768 618 ejus
801 550 985 604 circuli
1022 549 1110 616 qui
1149 549 1403 602 zodiacus
1448 558 1698 611 vocatur,
1743 565 1866 616 pars
1897 559 1980 603 est
2024 551 2226 604 duode-

651 645 812 697 citna.
851 642 1130 708 Quomodo
1175 641 1341 709 igitur
1375 640 1521 694 illinc
1553 642 1855 711 prmcipuas
1884 643 2006 694 vitm
2036 643 2228 695 Imma-

651 753 736 792 ηιε
777 752 969 789 musas
1018 734 1283 804 proficisci
1335 735 1518 797 doces,
1553 744 1604 787 et
1637 749 1702 787 ex
1743 735 1973 787 terrenis
2011 737 2227 802 pecudi-

653 832 753 884 bus
810 830 1142 882 nasccntium
1194 827 1474 881 hominum
1531 842 1710 882 mores
1760 827 2020 895 exprimis
2073 837 2230 895 atque

652 923 896 992 ellingis?
937 922 1070 975 Nam
1103 923 1190 990 qui
1224 922 1277 974 in
1314 922 1496 977 Ariete
1545 922 1809 986 exoritur,
1844 921 2082 975 liberalis
2123 931 2227 983 est,

651 1033 758 1069 non
803 1016 944 1086 quod
995 1016 1079 1068 illa
1119 1030 1243 1081 pars
1295 1015 1418 1070 coeli
1474 1030 1652 1069 mores
1709 1014 1841 1068 tales
1893 1012 2104 1073 efficiat,
2137 1013 2227 1067 sed

647 1109 793 1178 quod
823 1109 946 1163 huic
980 1107 1159 1175 pecori
1194 1105 1315 1159 talis
1345 1115 1534 1160 natura
1570 1107 1718 1161 insit.
1751 1106 1888 1174 Quid
1917 1121 2044 1175 ergo
2073 1104 2228 1158 fidem

649 1216 715 1254 ex
754 1201 917 1256 astris
948 1200 1042 1254 tibi
1083 1199 1286 1253 faciens
1315 1198 1690 1270 perterrefaeis
1722 1215 1839 1264 ttos,
1873 1199 2094 1268 luecque
2135 1212 2229 1266 per

649 1295 858 1349 balatus
891 1293 1106 1347 conaris
1131 1293 1495 1361 persuadere?
1523 1291 1656 1346 Nam
1687 1293 1730 1346 si
1762 1291 1959 1346 caelum
2000 1292 2068 1344 ab
2105 1293 2226 1343 ani-

648 1387 883 1440 malibus
937 1384 1069 1438 talcs
1121 1385 1317 1453 accipit
1371 1399 1580 1438 morum
1638 1385 2015 1454 proprietates.
2051 1385 2225 1452 ipsum

647 1478 810 1532 etiam
851 1476 1042 1531 alienis
1076 1474 1356 1546 principiis
1384 1487 1467 1528 est
1498 1473 1817 1540 subjectum,
1846 1473 2042 1542 quippe
2083 1474 2224 1542 quod

648 1586 841 1625 causas
885 1586 949 1624 ex
983 1569 1065 1622 his
1099 1568 1382 1637 pecoribus
1422 1565 1786 1636 dependentes
1815 1565 2033 1618 habeat.
2071 1564 2222 1630 Quod

648 1665 691 1717 si
730 1664 782 1719 id
816 1675 1062 1716 asserere
1102 1661 1384 1714 ridiculum
1427 1659 1516 1724 sit,
1549 1659 1707 1729 longe
1738 1657 1909 1727 magis
1943 1657 2222 1710 ridiculum

647 1766 751 1820 est,
785 1772 847 1810 ex
888 1756 954 1808 iis
1000 1754 1140 1808 inter
1187 1769 1306 1822 qua!
1349 1753 1493 1806 nulla
1526 1751 1633 1823 56
1663 1751 2010 1806 necessitudo
2060 1751 2221 1804 inter-

646 1851 810 1912 cedit,
847 1845 1033 1900 conari
1084 1845 1392 1915 opinionem
1431 1844 1574 1897 illam
1610 1843 1924 1899 credibilem
1972 1842 2224 1911 probabi-

645 1943 857 2011 lemque
888 1939 1132 1994 reddere.
1169 1937 1328 2007 Atqui
1365 1937 1449 1991 ha:
1483 1938 1710 1990 istorum
1741 1935 1964 2005 argutia:
1993 1947 2224 1987 aranea-

647 2051 764 2088 rum
801 2033 920 2086 telis
955 2042 1078 2084 sunt
1129 2029 1459 2091 consimiles,
1491 2029 1542 2082 in
1579 2042 1716 2098 quas
1757 2041 1878 2080 cum
1921 2026 2097 2086 culex,
2133 2035 2224 2076 aut

646 2141 857 2189 musca,
894 2134 988 2178 aut
1040 2123 1268 2192 quodvis
1313 2121 1510 2175 animal
1568 2121 1718 2175 hisce
1763 2118 2125 2174 imbecillihus
2149 2119 2224 2171 si-

647 2220 773 2275 mile
823 2217 1091 2277 inciderit,
1128 2215 1333 2269 irretita
1382 2213 1732 2268 detinentur:
1769 2221 1824 2266 at
1858 2227 1980 2267 cum
2029 2211 2223 2266 fortius

642 2311 862 2377 aliquod
897 2307 1093 2362 animal
1129 2307 1439 2370 accesserit,
1472 2306 1600 2359 illud
1632 2315 1685 2360 et
1718 2304 1876 2359 facile
1905 2306 2217 2373 pertransit,

649 2416 697 2458 et
736 2415 946 2456 tenuent
983 2406 1120 2456 hanc
1155 2411 1420 2452 texturam
1459 2397 1757 2468 perrumpit
1790 2411 1852 2452 ac
1885 2397 2131 2467 dissipat.

717 2498 766 2548 7.
816 2498 1008 2547 Verum
1044 2509 1147 2546 non
1187 2493 1270 2544 his
1311 2491 1439 2546 solis
1472 2491 1711 2544 contenti
1749 2498 1895 2545 sunt.
1937 2490 2029 2543 sed
2059 2489 2222 2543 etiam

641 2605 870 2662 quarum
913 2603 1090 2641 rerum
1126 2585 1341 2639 domina
1386 2594 1469 2640 est
1516 2582 1940 2652 uniuscujusque
1979 2591 2219 2636 nostrum

646 2689 895 2737 voluntas
933 2683 1056 2750 (hoc
1089 2688 1189 2744 est,
1223 2679 1523 2733 studiorum
1557 2678 1772 2732 virtutis
1800 2685 1892 2729 aut
1919 2676 2081 2741 vitii),
2112 2675 2220 2728 illa-

644 2793 761 2830 rutn
820 2776 981 2826 etiam
1034 2786 1226 2825 causas
1279 2771 1590 2824 C(eleslihus
1642 2769 1964 2822 attribuunt.
2016 2768 2219 2833 Quibus

645 2867 1016 2924 contradicere
1050 2864 1249 2934 alioqui
1286 2862 1573 2916 ridiculum
1612 2872 1692 2915 est
1723 2879 1736 2914 :
1767 2861 1858 2915 sed
1891 2861 2013 2928 quia
2041 2862 2218 2929 plut-cs

642 2978 706 3016 eo
751 2975 934 3014 errore
979 2965 1444 3027 prmoccupantur,
1485 2955 1597 3009 haec
1633 2954 1772 3008 forte
1802 2969 2023 3007 necesse
2059 2953 2219 3006 fuerit

643 3054 858 3108 silentio
902 3067 1004 3105 non
1041 3050 1339 3120 prteterire.
1389 3047 1631 3102 Primum
1666 3049 1880 3118 quidem
1915 3049 2038 3103 illud
2071 3051 2217 3117 ipsos

645 3142 1119 3211 interrogabimus,
1145 3155 1342 3192 numne
1372 3139 1648 3194 slellarurn
1679 3141 1858 3211 figura.-
1886 3141 2074 3196 diebus
2103 3142 2214 3195 sin-
2244 3178 2285 3236 Ο

641 3236 782 3308 gulis
832 3234 1131 3288 sexcenties
1187 3233 1494 3285 mutentur?
1547 3231 1680 3286 Nam
1736 3249 1856 3287 cum
1905 3234 2070 3286 stella:
2115 3235 2216 3286 illae

641 3344 761 3399 qua
801 3337 1180 3396 nuncupantur
1226 3331 1492 3390 errantes,
1531 3337 1744 3392 semper
1793 3334 2130 3388 moveantur,
2167 3335 2220 3378 et

643 3424 760 3478 alia:
790 3423 1005 3491 quidem
1043 3420 1202 3474 citius
1233 3419 1334 3472 sibi
1368 3428 1554 3471 mutuo
1591 3427 1902 3480 occurrant,
1937 3417 2054 3470 alia:
2092 3433 2217 3471 vero

643 3517 907 3572 circuitus
938 3514 1200 3566 tardiores
1232 3513 1542 3578 conficiant,
1581 3512 1633 3565 in
1671 3512 1856 3565 eadem
1891 3511 2020 3566 hora
2052 3527 2218 3581 sarpe-

643 3625 868 3666 numero
920 3617 973 3662 el
1021 3622 1078 3661 se
1129 3606 1356 3658 invicem
1408 3606 1722 3672 respiciunt,
1751 3616 1804 3660 et
1850 3605 2214 3661 occultantur.

641 3702 708 3756 Et
732 3717 851 3755 cum
885 3701 936 3754 in
971 3712 1088 3754 ortu
1129 3698 1181 3750 id
1217 3695 1434 3748 maximi
1468 3696 1536 3747 sit
1569 3697 1842 3756 momenti.
1870 3705 1963 3751 aut
1998 3713 2027 3750 a
2055 3698 2215 3752 bene-

643 3796 744 3849 fica
779 3795 955 3860 stella,
989 3804 1046 3845 ut
1080 3791 1178 3860 ipsi
1229 3791 1544 3854 loquuntur,
1580 3797 1671 3839 aut
1721 3802 1749 3839 a
1799 3788 2038 3843 maleﬁca
2085 3805 2214 3842 con-

642 3887 814 3954 spici;
847 3896 901 3939 et
952 3899 1071 3939 cum
1117 3897 1256 3950 smpe
1306 3881 1357 3935 id
1410 3892 1621 3948 tempus
1651 3891 1759 3948 quo
1791 3877 2028 3933 benefica
2065 3880 2214 3933 stella

645 3977 1007 4033 testimonium
1060 3975 1352 4044 praebebat,
1388 3989 1492 4026 non
1545 3981 1923 4040 assequamur,
1959 3970 2027 4023 ob
2059 3971 2215 4023 unius

644 4069 992 4127 minutissimi
1047 4068 1208 4135 spatii
1260 4066 1642 4133 ignorantiam,
1671 4064 1811 4118 hanc
1860 4063 2028 4132 ipsam
2076 4062 2218 4116 velut

639 4166 696 4222 in
747 4164 884 4218 mala
934 4161 1146 4216 fortuna
1198 4159 1356 4212 sitam
1417 4166 1824 4212 recensuerunt.
1860 4155 2037 4226 Cogor
2071 4154 2211 4206 enim

639 4257 770 4325 ipsis
798 4271 984 4312 eorum
1016 4255 1238 4308 vocibus
1277 4253 1374 4305 uti.
1409 4252 1552 4304 Sane
1587 4251 1811 4304 multum
1844 4259 1927 4302 est
1965 4248 2214 4301 amentia:

639 4350 693 4406 in
726 4353 809 4404 liis
845 4350 1040 4411 verbis,
1076 4349 1168 4402 sed
1220 4347 1374 4415 longe
1419 4343 1537 4413 plus
1581 4353 1665 4397 est
1711 4342 2026 4412 impietatis.
2080 4341 2210 4394 Nam

639 4443 895 4496 maleﬁca:
941 4439 1106 4493 stella:
1155 4436 1505 4506 malignitatis
1540 4450 1651 4489 sua:
1683 4449 1900 4489 causam
1957 4436 2008 4487 in
2056 4450 2210 4486 suum

2335 551 2598 622 ὑπάρχειν
2647 554 2758 613 τοῖς
2802 551 2908 603 τῶν
2947 550 3248 620 ἀνθρώπων
3298 553 3462 623 βίοις,
3507 559 3571 609 ἐκ
3623 560 3732 611 τῶν
3785 568 3899 632 παρ’

2333 647 2465 715 ἡμῖν
2519 644 2877 715 βοσκημάτων
2925 647 3031 696 τῶν
3075 649 3429 716 γεννωμένων
3490 651 3798 720 ἀνθρώπων
3840 658 3899 709 τὲ

2333 739 2436 807 ἦ¹)η
2488 738 2949 807 χαρακτηρίζεις;
3006 739 3380 808 Εὑμετάδοτος
3433 744 3541 813 γάρ
3574 747 3602 796 ὁ
3639 747 3898 816 Κριανδς,

2330 830 2428 881 οὐκ
2451 829 2636 898 ἐπειδὴ
2665 831 2904 882 τοιούτου
2932 830 3094 900 ἤθους
3132 832 3411 900 ποιητικὸν
3447 836 3626 887 ἐκεῖνο
3657 839 3718 889 τὸ
3754 841 3899 908 μέρος

2322 920 2422 999 τοῦ
2462 922 2714 993 οὐρανοῦ,
2760 922 2870 974 ἀλλ’
2914 923 3100 993 ἐπειδὴ
3146 926 3403 995 τοιαύτης
3446 925 3663 994 φύσεώς
3697 933 3811 982 ἐστι
3851 932 3901 982 τὸ

2331 1014 2620 1085 πρόϐατον.
2652 1015 2717 1066 Τί
2750 1010 2841 1067 οὖν
2870 1015 3138 1078 δυσωπεῖς
3181 1017 3278 1087 μὲν
3308 1019 3457 1087 ἡμᾶς
3493 1018 3603 1070 ἀπὸ
3634 1021 3733 1090 τῆς
3772 1023 3904 1085 ἀξιο-

2331 1109 2548 1170 πιστίας
2591 1107 2698 1160 τῶν
2740 1107 2974 1178 ἄστρων,
3013 1109 3219 1162 πείθειν
3251 1110 3308 1162 δὲ
3354 1112 3653 1182 ἐπιχειρεῖς
3688 1114 3776 1165 διὰ
3808 1115 3902 1166 τῶν

2333 1200 2724 1272 βληχημάτων;
2764 1202 2826 1254 Εἰ
2865 1203 2960 1271 μὲν
3012 1202 3118 1272 γὰρ
3152 1203 3303 1275 παρά
3337 1204 3445 1258 τῶν
3482 1203 3640 1267 ζώων
3674 1204 3850 1256 λαϐὼν
3879 1209 3902 1258 ὁ

2330 1293 2552 1362 οὐρανὸς
2588 1294 2697 1364 ἔχει
2742 1293 2810 1346 τά
2849 1293 3071 1346 τοιαῦτα
3113 1296 3217 1347 τῶν
3263 1296 3408 1365 ἠθῶν
3468 1297 3771 1367 ἰδιώματα,
3818 1301 3900 1352 καὶ

2332 1387 2493 1450 αὐτὸς
2525 1388 2809 1440 ὑπόκειται
2854 1387 3160 1458 ἀλλοτρίαις
3197 1391 3414 1459 ἀρχαῖς,
3447 1393 3510 1444 ἐκ
3554 1391 3666 1443 τῶν
3710 1392 3898 1463 βοσκη-

2333 1481 2515 1550 μάτων
2555 1479 2690 1550 ἔχων
2731 1480 2828 1544 τὰς
2863 1480 3040 1542 αἰτίας
3085 1481 3511 1550 ἀπηρτημένας·
3562 1485 3612 1535 εἰ
3648 1484 3705 1536 δὲ
3741 1502 3898 1536 κατα-

2329 1572 2586 1640 γέλαστον
2611 1571 2767 1624 τοῦτο
2803 1575 2994 1636 εἰπεῖν,
3040 1572 3569 1644 καταγελαστότερον
3617 1575 3800 1645 πολλῷ
3845 1578 3900 1627 ὲκ

2324 1666 2432 1718 τῶν
2491 1665 2658 1736 μηδὲν
2717 1665 3114 1718 κοινωνούντων
3177 1666 3403 1732 ἐπάγειν
3473 1669 3776 1739 ἐπιχειρεῖν
3833 1669 3898 1737 τῷ

2325 1756 2467 1828 λόγῳ
2499 1758 2598 1820 τάς
2636 1757 3015 1827 πιθανότητας.
3070 1757 3229 1810 Ἀλλά
3270 1757 3442 1810 ταῦτα
3480 1760 3579 1826 μὲν
3623 1762 3802 1814 αὐτῶν
3841 1762 3900 1813 τᾶ

2329 1851 2466 1920 σοφά
2515 1855 2626 1914 τοῖς
2673 1850 2983 1921 ἀραχνείοις
3035 1852 3156 1923 (29)
3213 1851 3529 1920 ὑφάσμασιν
3583 1852 3782 1914 ἔοικεν,
3829 1851 3900 1916 ο’ς

2327 1943 2451 1995 ὅταν
2488 1945 2584 2014 μὲν
2619 1944 2838 2014 κώνωψ,
2887 1945 2920 2014 ἢ
2967 1947 3116 2014 μυῖα,
3167 1946 3200 2014 ἡ
3248 1963 3298 1996 τι
3351 1944 3459 1996 τῶν
3511 1946 3900 2016 παραπλησίως

2325 2032 2534 2096 τούτοις
2575 2036 2817 2089 ἀσθενῶν
2883 2036 3141 2107 ἐνσχεθῇ,
3192 2035 3557 2089 καταδεθέντα
3594 2041 3894 2104 κρατεῖται·

2326 2125 2541 2178 ἐπειδὰν
2584 2126 2637 2177 δέ
2671 2129 2778 2179 τῶν
2829 2129 3189 2200 ἰσχυροτέρων
3222 2147 3275 2181 τι
3321 2129 3473 2193 ζώων
3514 2130 3733 2202 ἐγγίσῃ,
3781 2131 3900 2182 nam;

2322 2238 2380 2272 τε
2415 2221 2612 2292 ῥᾳδίως
2647 2222 2951 2276 διεκπίπτει
2987 2226 3118 2295 (50),
3151 2226 3245 2278 καὶ
3271 2225 3338 2278 τά
3373 2224 3579 2297 ἀδρανῆ
3609 2227 3898 2294 ὑφάσματα

2321 2315 2568 2386 διέρρηξε
2603 2317 2695 2368 καὶ
2726 2316 2978 2385 ἠφάνισε.

2393 2495 2445 2546 7.
2488 2496 2596 2548 Καὶ
2625 2498 2723 2548 οὐκ
2755 2498 2846 2550 ἐπὶ
2875 2498 3078 2551 τούτων
3117 2498 3359 2551 ἵστανται
3394 2498 3556 2569 μόνον
3604 2499 3743 2569 (51),
3772 2501 3898 2552 ἀλλά

2324 2586 2418 2638 καὶ
2445 2579 2516 2638 ὧν
2553 2588 2584 2655 ἡ
2615 2591 2930 2660 προαίρεσις
2960 2592 3189 2644 ἑκάστου
3218 2591 3370 2662 ἡμῶν
3398 2593 3563 2662 κυρία
3599 2593 3711 2662 (52)
3746 2593 3899 2660 (λέγω

2320 2679 2403 2752 δὴ,
2436 2678 2544 2731 τῶν
2589 2681 3030 2749 ἐπιτηδευμάτων
3060 2685 3260 2754 ἀρετῆς
3297 2685 3329 2753 ἢ
3372 2685 3617 2752 κακίας),
3653 2687 3749 2737 καὶ
3789 2686 3898 2736 τού-

2321 2788 2426 2824 των
2465 2770 2563 2833 τὰς
2596 2770 2787 2832 ἀἰτίας
2830 2773 2940 2832 τοῖς
2976 2771 3248 2840 οὐρανίοις
3300 2773 3681 2825 συνάπτουσιν.
3721 2770 3814 2834 Οἷς
3846 2775 3900 2824 τὸ

2320 2863 2620 2932 ἀντιλέγειν
2653 2862 2827 2923 ἄλλως
2863 2863 2957 2933 μὲν
3001 2862 3426 2929 καταγέλαστον,
3462 2864 3550 2916 διά
3583 2865 3640 2915 δὲ
3685 2865 3744 2916 τὸ

2321 2956 2645 3027 κατέχεσθαι
2712 2957 2839 3020 τοὺς
2899 2955 3123 3017 πολλοὺς
3191 2958 3256 3027 τῇ
3328 2955 3548 3027 ἀπάτῃ,
3605 2958 3895 3024 ἀναγκαῖον

2321 3050 2448 3112 ἴσως
2482 3049 2554 3121 μὴ
2610 3053 2785 3120 σιωπῇ
2829 3048 3138 3121 παρελθεῖν.
3186 3049 3408 3120 Πρῶτον
3447 3051 3548 3120 μὲν
3598 3046 3693 3102 οὖν
3733 3050 3896 3102 ἐκείιο

2320 3142 2518 3205 αὐτοὺς
2571 3143 2965 3212 ἑρωτήσωμεν,
3021 3144 3068 3195 εἰ
3133 3143 3206 3214 μὴ
3263 3143 3347 3211 ἐφ’
3395 3142 3635 3214 ἑκάστης
3689 3142 3894 3212 ἡμέρας

2325 3237 2583 3307 μυριάκις
2614 3236 2902 3304 ἀμείϐεται
2927 3237 3035 3287 τῶν
3064 3236 3309 3308 ἀστέρων
3345 3235 3410 3288 τὰ
3445 3238 3736 3307 σχήματα;
3769 3237 3895 3288 Ἀει-

2321 3328 2527 3397 κίνητοι
2558 3329 2665 3400 γὰρ
2693 3329 2842 3391 ὅντες
2875 3330 2922 3382 οἱ
2961 3328 3228 3399 πλανῆται
3260 3328 3561 3398 λεγόμενοι,
3601 3331 3696 3380 καὶ
3727 3331 3774 3380 οἱ
3806 3330 3893 3398 μὲν

2320 3418 2511 3471 θᾶττον
2555 3421 3160 3490 ἐπικαταλαμϐάνοντες
3207 3420 3483 3490 ἀλλήλους.
3535 3422 3584 3473 οἱ
3621 3422 3678 3473 δὲ
3710 3421 3894 3490 βραδυ-

2319 3509 2483 3579 τέρας
2510 3508 2608 3572 τὰς
2639 3509 2912 3578 περιόδους
2941 3512 3270 3580 ποιούμενοι,
3301 3513 3391 3562 ἐπὶ
3415 3512 3514 3579 τῆς
3547 3513 3716 3580 αὐτῆς
3751 3511 3891 3580 ὠρας

2319 3601 2578 3663 πολλάκις
2615 3601 2709 3652 καὶ
2743 3600 2938 3669 ὁρῶσιν
2979 3600 3240 3663 ἀλλήλους
3291 3601 3384 3652 καὶ
3423 3601 3888 3669 ἀποκρύπτονται,

2320 3695 2585 3765 μεγίστην
2616 3711 2673 3745 τε
2708 3695 2818 3762 ἐγει
2864 3693 3091 3763 δύναμιν
3132 3693 3189 3745 ἐν
3226 3694 3343 3755 ταῖς
3543 3694 3791 3760 γενέσεσι
3838 3694 3893 3744 τὸ

2317 3789 2347 3858 ἦ
2397 3789 2545 3860 παρά
2595 3785 2924 3856 ἀγαθοποιοῦ
2975 3787 3305 3859 ἐφορᾶσθαι,
3359 3786 3392 3858 ἢ
3447 3784 3780 3845 κακοποιοῦ,
3826 3796 3894 3846 ως

2316 3883 2468 3933 αὐτοὶ
2502 3881 2738 3948 λέγουσι.
2779 3883 2886 3934 Καὶ
2925 3881 3188 3944 πολλάκις
3227 3880 3432 3933 καθἠὃν
3459 3880 3830 3950 ἐπεμαρτύρει
3869 3882 3894 3930 ὁ

2317 3971 2646 4036 ἀγαθοποιὺς
2683 3973 2856 4042 ἀστὴρ
2898 3971 2989 4022 τὸν
3030 3970 3220 4040 καιρὸν
3247 3972 3347 4023 οὐκ
3382 3971 3715 4040 ἐξευρόντες,
3751 3972 3892 4039 παρὰ

2318 4065 2413 4134 τὴν
2461 4065 2576 4124 ἑνῦς
2621 4065 2727 4116 τῶν
2766 4062 3108 4114 λεπτοτάτων
3167 4061 3410 4127 ἄγνοιαν,
3459 4060 3539 4123 ὡς
3585 4063 3644 4113 ὲν
3684 4062 3758 4131 τῷ
3797 4079 3889 4112 κα-

2319 4157 2745 4226 κοδαιξιοει”;;λατι
2798 4153 2960 4205 αὐτὸν
3003 4153 3254 4222 κείμενον
3312 4152 3724 4224 ἀπεγράψαντο.
3775 4154 3892 4215 Τοῖς

2318 4251 2422 4321 γὰρ
2440 4247 2614 4302 αὐτῶν
2647 4247 2867 4300 ἐκείνων
2896 4245 3005 4313 (5i)
3034 4244 3440 4317 συγχρήσασθαι
3465 4246 3702 4315 ῥήμασιν
3733 4247 3890 4311 ἀναγ-

2317 4341 2576 4412 κάζομαι.
2637 4343 2725 4394 Ἐν
2780 4341 2842 4412 δὴ
2891 4343 2998 4402 τοῖς
3044 4339 3306 4403 τοιούτοις
3364 4338 3542 4406 λόγοις
3593 4338 3729 4391 πολὺ
3795 4339 3886 4408 μὲν

2314 4436 2372 4488 τὸ
2399 4435 2643 4506 ἀνόητον,
2677 4434 3069 4488 πολλαπλάσιον
3099 4433 3154 4485 δέ
3201 4433 3262 4484 τὸ
3295 4432 3507 4496 ἀσεϐές.
3542 4433 3605 4484 Οί
3647 4431 3755 4504 γὰρ
3793 4449 3885 4484 κα-

639 4533 878 4601 ips-arttm
926 4529 1260 4583 conditorem
1305 4524 1654 4578 transferunt.
1687 4523 1898 4578 Etenim
1950 4526 1992 4579 si
2027 4524 2156 4592 ipsis
2181 4539 2208 4577 a

2323 4532 2524 4583 κοποιοὶ
2556 4530 2664 4581 τῶν
2707 4529 2951 4600 ἀστέρων
2993 4528 3090 4596 τῆς
3121 4525 3328 4577 ἐαυτῶν
3369 4526 3635 4596 πονηρίας
3673 4527 3764 4579 ἐπί
3804 4526 3886 4577 τὸν

641 4638 830 4679 natura
882 4625 1022 4677 inest
1075 4623 1295 4686 malum,
1327 4617 1578 4674 conditor
1607 4619 1720 4687 ipse
1761 4617 1864 4671 erit
1913 4617 2038 4671 mali
2086 4616 2213 4672 eﬂe-

638 4730 753 4770 ctor
787 4759 798 4771 .
835 4715 879 4770 si
928 4731 1055 4769 vero
1106 4727 1200 4767 sua
1247 4721 1438 4780 Sponte
1488 4718 1544 4764 et
1591 4711 1866 4766 voluntate
1899 4711 2056 4766 make
2090 4727 2214 4765 eva-

637 4811 791 4873 dunt,
831 4811 1062 4879 primtnu
1108 4807 1324 4877 quidem
1375 4802 1625 4857 animalia
1669 4813 1828 4858 erunt
1864 4803 2092 4876 eligendi
2134 4806 2213 4860 fa-

637 4905 838 4959 Cullale
888 4903 1133 4972 praedita,
1168 4900 1344 4954 soluto
1397 4914 1460 4953 ac
1513 4896 1682 4950 libero
1726 4897 1927 4968 impetu
1973 4899 2211 4963 utentia;

639 4997 686 5049 id
717 5000 856 5063 quod
883 4998 948 5051 de
979 4995 1289 5051 inanimatis
1314 4991 1561 5045 ementiri
1591 5005 1654 5044 ac
1679 4988 1898 5060 fingere,
1927 4993 2215 5046 dementia:

638 5102 857 5140 summa:
901 5097 1003 5139 est.
1058 5083 1256 5139 Deinde
1285 5090 1546 5152 quantum
1592 5095 1621 5133 a
1672 5079 1880 5133 ratione
1929 5081 2207 5146 abhorret,

640 5179 834 5231 malum
890 5189 980 5230 aut
1031 5180 1225 5230 bonum
1264 5189 1367 5228 non
1405 5184 1503 5239 pro
1539 5171 1731 5223 merito
1780 5168 1976 5238 cuique
2025 5171 2207 5224 distri-

709 5335 819 5403 (29)
849 5335 1075 5406 Codices
1109 5344 1340 5406 quatuor
1363 5337 1473 5398 τοῖς
1500 5334 1796 5406 ἀραχνίοις.
1826 5334 1958 5401 Reg.
1985 5346 2208 5406 octavus

636 5408 748 5469 τοῖς
795 5405 1120 5476 ἀραχνείοις.
1179 5405 1485 5476 Editiicum
1546 5405 1674 5476 Reg.
1736 5406 1892 5458 tertio
1941 5407 2052 5476 τοῖς
2099 5405 2207 5458 τῶν

637 5475 908 5546 ἀραχνίων
939 5477 1270 5546 ὑφάσμασιν.
1319 5475 1481 5529 Coisl.
1525 5475 1730 5546 primus
1777 5478 1887 5537 τοῖς
1934 5475 2042 5526 τῶν
2076 5477 2208 5546 ἀρα-

637 5544 778 5619 χιὼν
812 5548 903 5615 ὑφ.
933 5544 1099 5599 (Ζυὶειζ
1126 5548 1397 5619 secundus
1420 5549 1530 5608 τοῖς
1563 5544 1668 5597 τῶν
1691 5546 1992 5617 ἀραχνείων
2026 5547 2118 5614 ὑφ.

711 5620 819 5682 (50)
844 5621 1083 5682 Quatuor
1107 5632 1235 5671 mss.
1270 5617 1546 5669 ἐκπίπτει.

712 5689 819 5750 (51)
863 5689 1085 5739 Codices
1115 5698 1364 5755 quatuor‘
1379 5687 1556 5755 μόνον.
1591 5685 1763 5755 Etiitio
1794 5688 1953 5741 Basil.
2008 5688 2203 5755 μόνων.

715 5758 823 5821 452)
863 5757 1014 5809 (Lolli.
1048 5751 1311 5806 secundus
1340 5751 1579 5824 ᾗκυρία.
1615 5754 1730 5808 Mox
1761 5759 1886 5808 editi
1920 5751 2039 5808 cum
2075 5758 2205 5818 Ιὶιιιι.

650 5825 876 5876 Secundo
912 5825 995 5889 δή.
1035 5824 1135 5874 Alii
1161 5834 1387 5890 quatuor
1425 5841 1549 5876 mss.
1602 5825 1677 5873 δέ.
1731 5825 1920 5877 Statim
1964 5828 2203 5879 Cotnbcf.

2320 4626 2621 4694 ποιήσαντα
2653 4622 2848 4686 αὐτοὺς
2884 4622 2980 4691 τὴν
3029 4622 3207 4673 αἰτίαν
3259 4619 3661 4692 μετατιθέασιν.
3703 4620 3763 4672 Εἰ
3797 4620 3886 4689 μὲν

2319 4715 2426 4786 γὰρ
2452 4716 2516 4765 ἐκ
2557 4713 2769 4781 φύσεως
2802 4711 2980 4767 αὐτῶν
3006 4710 3066 4763 τὸ
3093 4711 3280 4778 κακὸν,
3308 4713 3335 4762 ὁ
3372 4710 3703 4780 δημιουργὸς
3746 4711 3884 4762 ἔσται

2319 4801 2412 4853 τοῦ
2448 4799 2620 4854 κακοῦ
2679 4803 2937 4872 ποιητής’
2974 4800 3020 4852 εί
3059 4799 3116 4852 δέ
3165 4799 3483 4871 προαιρέσει
3534 4801 3883 4858 κακύνονται,

2323 4893 2537 4965 πρῶτον
2580 4893 2679 4964 μέν
2707 4895 2860 4948 ἔσται
2896 4892 3008 4958 ζῶα
3039 4892 3416 4964 προαιρετικὰ,
3455 4893 3776 4964 λελυμέναις
3804 4893 3886 4944 καὶ

2320 4987 2805 5059 αὐτοκρατορικαῖς
2853 4989 2972 5048 ταῖς
3013 4989 3208 5056 ὁρμαῖς
3253 4988 3596 5056 κεχρημένα·
3633 4987 3661 5038 ὃ
3705 4987 3885 5056 μανίαι

2321 5081 2468 5134 ἐστὶν
2499 5080 2756 5134 ἐπέκεινα
2788 5079 3217 5148 καταψεύδεσθαι
3249 5078 3359 5131 τῶν
3392 5080 3635 5148 ἀψύχων.
3671 5081 3889 5132 Ἐπειτα

2321 5173 2486 5225 πόσον
2521 5172 2580 5224 τὸ
2626 5173 2839 5242 ἄλογον,
2885 5173 2945 5225 τὸ
2978 5173 3144 5226 κακὸν
3179 5173 3271 5235 καὶ
3307 5172 3366 5225 τὸ
3407 5171 3612 5238 ἀγαθὸν
3651 5173 3726 5244 μὴ
3759 5174 3887 5227 κατὰ

2320 5351 2441 5390 cum
2497 5335 2616 5391 aliis
2661 5337 2900 5406 quinque
2942 5351 3070 5392 mss.
3124 5337 3548 5406 προσάπτουσιν.
3590 5337 3732 5393 Editi
3777 5350 3886 5391 curn

2317 5407 2472 5462 Colb.
2503 5412 2738 5462 secundo
2763 5409 3145 5461 συνάπτουσιν.

2390 5478 2502 5546 (55)
2553 5478 2643 5532 Sic
2677 5479 2913 5547 quinque
2943 5493 3073 5529 mss.
3120 5475 3260 5529 Editi
3305 5491 3432 5547 vero
3463 5478 3556 5532 ἐπὶ
3593 5483 3733 5542 ταῖς.
3773 5477 3884 5530 Sta-

2319 5544 2410 5633 tim
2443 5544 2678 5619 quinque
2694 5544 2840 5603 mss;
2863 5547 2984 5602 καθ’
3021 5547 3079 5599 ὃν
3111 5544 3505 5616 ἐπεμαρτύρει.
3550 5551 3690 5606 Editi
3722 5552 3885 5619 ἐμαρ-

2316 5634 2490 5688 τυρει.

2392 5686 2502 5760 (54)
2531 5688 2681 5743 Coll).
2727 5690 2994 5745 secundus
3036 5687 3215 5742 αὐτῶν
3249 5691 3496 5754 ἐκείνοις.
3531 5690 3670 5760 Lege
3699 5686 3881 5742 Morel-

2323 5760 2428 5812 lum
2466 5761 2516 5812 in
2543 5761 2684 5813 Itunc
2721 5761 2913 5813 locum.
