4092 6318
211 403 314 457 133

1299 399 1586 455 ΙΙΟΜΙΙΛΛ
1629 402 1690 454 Vl
1723 399 1788 453 IN
1829 397 2328 452 HEXAEMERON.

3355 405 3451 461 151

206 522 301 593 τὴν
349 521 502 586 ἀξίαν
545 519 821 591 διανέμειν
866 523 1108 590 ἑκάστῳ,
1156 521 1268 575 ἀλλ’
1315 522 1500 592 ἐπειδὴ
1553 523 1608 574 ἐν
1657 522 1777 594 τῷδε

1895 518 2081 582 huere,
2119 521 2358 588 adeoque
2394 520 2653 592 proﬁteri,
2689 519 2805 577 ideo
2846 523 3055 580 stellam
3095 539 3213 580 esse
3251 527 3449 582 benefi-

204 615 278 686 τῷ
325 616 473 683 τόπῳ
522 613 766 682 γέγονεν,
806 614 1133 683 ἀγαθοποιὸν
1184 616 1448 687 ὑπάρχειν
1500 615 1634 685 (55),
1685 619 1778 671 καὶ

205 705 390 774 ἐπειδὴ
427 702 530 755 ὑπὸ
570 705 722 759 τοῦδε
773 706 988 774 ὁρᾶται,
1040 708 1334 761 κακοποιὸν
1397 704 1640 775 γίνεσθαι
1688 708 1777 759 τὸν

198 799 396 851 αὐτόν·
433 797 525 850 καὶ
551 799 768 851 ἐπειδὰν
814 797 976 850 πάλιν
1005 801 1198 870 μικρόν
1237 816 1289 852 τι
1321 797 1652 869 παρεκκλίνῃ
1683 799 1775 852 τοῦ

200 891 502 959 σχήματος,
545 891 704 954 εὑοὺς
749 890 850 959 τῆς
904 893 1101 956 κακίας
1145 889 1628 955 ἐπιλανθάνεσθαι;
1669 893 1778 946 Καὶ

197 980 374 1034 ταῦτα
414 984 512 1055 μὲν
558 985 637 1045 εὶς
682 982 949 1039 τοσοῦτον.
1004 986 1066 1038 Εἰ
1113 983 1170 1036 δὲ
1213 985 1331 1039 καθ’
1364 987 1595 1039 ἕκαστον
1642 985 1777 1038 ἀκα-

197 1074 378 1144 ριαῖον
415 1076 509 1128 τοῦ
543 1073 733 1145 χρόνου
763 1077 848 1130 ἐπ’
881 1076 1009 1131 ἄλλο
1049 1075 1143 1129 καὶ
1171 1075 1298 1132 ἄλλο
1342 1075 1776 1152 μεθαρμόζονται

197 1167 424 1238 σχῆμαν
466 1169 524 1219 έν
584 1166 640 1220 δὲ
697 1172 817 1234 ταῖς
860 1171 1082 1241 μυρίαις
1135 1172 1359 1237 ταύταις
1419 1171 1774 1243 μεταϐολαῖς,

199 1259 469 1321 πολλάκις
498 1258 598 1331 τῆς
635 1261 849 1332 ἡμέρας
881 1261 1016 1333 (56),
1052 1266 1099 1317 οί
1143 1265 1250 1319 τῶν
1297 1264 1583 1337 βασιλικῶν
1630 1266 1779 1332 γενέ-

199 1367 344 1402 σεων
407 1351 792 1405 ἀποτελοῦνται
850 1359 1218 1427 σχηματισμοί
1313 1358 1401 1413 διά
1455 1358 1507 1412 τί
1545 1358 1644 1410 οὑκ
1693 1357 1778 1426 ἐφ’

196 1443 442 1514 ἑκάστης
487 1445 697 1516 ἡμέρας
733 1444 1028 1512 γεννῶνται
1076 1449 1342 1518 βασιλεῖς;
1381 1451 1414 1520 ἢ
1444 1449 1531 1502 διὰ
1563 1450 1613 1502 τί
1642 1449 1777 1515 ὅλως

196 1540 468 1608 πατρικαὶ
506 1540 632 1607 παρ’
673 1538 856 1602 αὐτοῖς
894 1543 998 1594 εἰσι
1047 1541 1322 1610 βασιλείας
1368 1543 1611 1615 διαδοχαί
1635 1563 1648 1611 ;
1698 1545 1773 1597 Οὑ

193 1627 370 1700 δήπου
422 1630 529 1700 γάρ
560 1630 786 1696 ἕκαστος
833 1633 942 1685 τῶν
993 1632 1258 1703 βασιλέων
1317 1638 1778 1709 παρατετηρημέ-

193 1739 305 1785 νως
340 1721 450 1791 (37)
497 1725 577 1787 είς
618 1724 677 1776 τὺ
721 1725 995 1793 βασιλικὸν
1026 1726 1135 1781 τῶν
1174 1729 1417 1801 ἀστέρων
1449 1731 1631 1803 σχῆμα
1683 1728 1775 1782 τοῦ

196 1814 335 1867 ἰδίου
365 1813 476 1867 υἱοῦ
502 1817 596 1888 τὴν
626 1818 838 1885 γένεσιν
871 1820 1177 1893 ἐναρμόζει.
1210 1825 1305 1886 Τίς
1336 1824 1444 1892 γὰρ
1475 1824 1777 1896 ἀνθρώπων

195 1903 389 1975 κύριος
439 1905 531 1958 τοῦ
566 1907 841 1973 τοιούτου;
883 1909 1006 1974 Πῶς
1047 1907 1139 1965 οὖν
1178 1910 1354 1975 Ὀζίας
1407 1913 1660 1983 ἐγέννησε
1690 1913 1780 1965 τὸν

209 1996 480 2068 Ἱωάθαμ;
523 1999 758 2072 Ἰωάθαμ
795 2003 884 2055 τὸν
915 2002 1090 2072 ’Λχαζ
1109 2022 1119 2063 ;
1151 2004 1326 2072 Ἀχας
1359 2003 1470 2072 (58)
1519 2004 1609 2056 τὸν
1638 2005 1783 2069 Ἐζε-

201 2088 370 2154 κίαν;
407 2091 500 2143 καὶ
544 2093 717 2158 οὐδεὶς
749 2096 807 2146 ἐν
838 2094 1044 2158 τούτοις
1087 2094 1302 2166 δουλικῇ
1346 2095 1633 2165 συνέτυχεν
1665 2096 1782 2168 ὥρᾳ

191 2184 496 2255 γενέσεως;
520 2187 746 2242 Ἔπειτα
767 2190 814 2240 εἰ
836 2187 1056 2242 καὶτῶν
1084 2188 1223 2242 κατά
1245 2188 1443 2244 κακίαν
1465 2190 1558 2242 κα).
1580 2189 1782 2262 ἀρετὴν

195 2276 597 2348 ἐνεργημάτων
642 2281 742 2334 οὑκ
779 2281 843 2334 ἐκ
880 2279 973 2334 τοῦ
1022 2281 1106 2350 ἐφ’
1132 2282 1266 2352 ἡμῖν
1317 2283 1454 2334 εἰσιν
1489 2284 1544 2336 αἱ
1579 2281 1778 2353 ἀρχαὶ,

193 2369 314 2421 ἀλλ’
363 2372 426 2423 ἐκ
476 2372 575 2439 τῆς
609 2373 874 2439 γενέσεως
917 2374 972 2426 αἱ
1018 2373 1275 2441 ἀνάγκαι,
1319 2375 1557 2445 περιττοὶ
1595 2373 1694 2444 μὲν
1731 2374 1780 2425 οἱ

191 2461 508 2531 νομοθέται,
549 2464 616 2515 τὰ
668 2466 916 2534 πρακτέα
957 2468 1088 2535 ἡμῖν
1123 2467 1219 2518 καὶ
1262 2466 1330 2517 τὰ
1373 2466 1581 2533 φευκτά
1620 2466 1781 2536 διορί-

193 2552 386 2616 ζοντες
443 2554 550 2624 (59)
576 2594 591 2620 ,
629 2554 875 2627 περιττοὶ
921 2555 976 2609 δὲ
1026 2558 1120 2610 καὶ
1164 2558 1212 2609 οἱ
1266 2557 1543 2620 δικασταὶ,
1584 2557 1781 2628 ἀρετὴν

193 2646 496 2716 τιμῶντες,
555 2648 647 2701 καὶ
701 2648 963 2721 πονηρίαν
1013 2649 1351 2714 κολάζοντες.
1398 2651 1471 2702 Οὑ
1528 2649 1636 2721 γὰρ
1688 2648 1780 2702 τοῦ

193 2738 432 2792 κλέπτου
472 2740 532 2792 τὸ
576 2741 838 2814 ἀδίκημα,
890 2741 1011 2796 οὑδὲ
1059 2741 1152 2794 τοῦ
1188 2743 1394 2811 φονέως
1466 2736 1508 2810 ᾧ
1552 2761 1614 2812 γε
1660 2743 1780 2796 οὑδέ

195 2829 514 2901 βουλομένῳ
561 2832 785 2885 δυνατὸν
822 2829 889 2904 ἦν
935 2835 1156 2904 κρατεῖν
1206 2833 1302 2905 τῆς
1357 2833 1535 2903 χειρὸς
1585 2831 1672 2885 διὰ
1722 2832 1781 2884 τὸ

193 2922 604 2991 ἀναπόδραστον
635 2926 732 2994 τῆς
771 2925 862 2977 ἐπὶ
911 2926 1009 2988 τὰς
1042 2926 1269 2996 πράξεις
1313 2925 1476 2978 αὑτὸν
1534 2941 1781 2977 κατεπει-

194 3015 405 3084 γούσης
430 3015 689 3083 ἀνάγκης.
716 3016 1078 3069 Ματαιότατοι
1108 3017 1162 3070 δὲ
1196 3017 1412 3071 πάντων
1445 3017 1539 3069 καὶ
1573 3018 1620 3070 οἱ
1651 3015 1781 3087 περὶ

193 3102 297 3166 τὰς
327 3103 522 3174 τέχνας
556 3104 906 3175 πονούμενοι·
945 3105 1057 3158 ἀλλ’
1084 3105 1370 3177 εὑθηνήσει
1410 3108 1507 3178 μὲν
1535 3107 1563 3159 ὁ
1605 3123 1779 3177 γεωρ-

1882 624 2022 673 eam,
2053 613 2181 680 quia
2243 613 2293 665 in
2354 613 2454 666 hoc
2505 612 2621 668 loco
2666 621 2795 675 stat,
2831 623 2902 677 et,
2936 619 3189 686 quoniam
3239 620 3306 674 ab
3353 622 3452 674 hac

1881 702 2234 769 conspicitur,
2269 703 2475 758 idcirco
2524 720 2641 758 eam
2687 709 2798 764 tieri
2839 709 3131 767 maleﬁcam
3171 731 3186 767 :
3219 724 3274 768 et
3305 728 3451 766 eam-

1880 794 2000 848 dem
2029 810 2235 858 rursus,
2253 807 2530 866 postquam
2550 800 2821 867 paululum
2842 800 3188 860 declinaverit
3211 822 3239 861 a
3258 807 3449 878 ligura,

1880 901 1992 941 sua:
2053 887 2298 954 protinus
2354 890 2596 944 oblivisci
2655 891 3044 961 malignitatis?
3096 895 3269 965 Atque
3334 900 3451 954 hac

1881 977 2092 1046 quidem
2130 978 2410 1034 hactenus.
2432 981 2486 1035 Si
2514 996 2638 1036 vero
2668 981 2894 1052 singulis
2922 985 3181 1055 temporis
3210 1001 3448 1044 momen-

1884 1067 1951 1122 tis
1978 1067 2144 1122 stella:
2177 1067 2229 1122 in
2266 1069 2424 1123 aliam
2454 1084 2613 1141 atque
2640 1072 2798 1126 aliam
2845 1085 3273 1132 transmutantur
3315 1081 3447 1149 ligu-

1882 1173 2019 1224 ram,
2050 1157 2091 1211 si
2127 1158 2179 1211 in
2209 1158 2294 1215 his
2330 1160 2626 1216 innumeris
2657 1166 3172 1222 commutationibus
3211 1183 3350 1238 saepe
3396 1171 3448 1224 in

1881 1250 1968 1303 die
2000 1248 2269 1318 regiarum
2303 1252 2642 1314 nativitatum
2682 1255 3032 1325 ﬁgurationes
3067 1260 3446 1329 perficiuntur;

1881 1357 1977 1397 cur
2022 1341 2247 1412 singulis
2291 1343 2476 1398 diebus
2517 1361 2620 1399 non
2672 1357 2969 1403 nascuntur
3011 1351 3203 1419 rcges?
3231 1363 3324 1408 aut
3355 1368 3451 1408 cur

1880 1435 2100 1489 omnino
2163 1435 2315 1503 regni
2370 1437 2741 1492 successiones
2809 1450 3045 1508 paternae
3100 1443 3240 1513 apud
3307 1447 3452 1514 ipsos

1881 1526 2041 1580 sunt?
2074 1524 2259 1593 Neque
2308 1527 2450 1581 enim
2507 1543 2598 1582 rex
2646 1528 2871 1595 quilibet
2919 1532 3205 1604 diligenter
3247 1535 3312 1589 ad
3363 1553 3451 1591 rc-

1882 1619 2024 1684 giam
2051 1618 2328 1673 stellarum
2357 1618 2604 1690 ﬁguram.
2627 1619 2718 1675 lilii
2745 1624 2827 1676 sui
2856 1633 3033 1680 ortum
3057 1631 3445 1686 accommodat.

1882 1708 2015 1774 Quis
2041 1712 2182 1765 enim
2225 1713 2528 1768 mortalium
2563 1712 2681 1767 talis
2706 1714 2784 1769 rei
2819 1715 3066 1771 dominus
3102 1734 3221 1775 esse
3248 1721 3452 1790 possit?

1883 1801 2162 1868 Quomodo
2178 1819 2304 1874 ergo
2321 1804 2482 1862 Ozias
2494 1808 2676 1875 genuit
2692 1805 2963 1873 Joatham,
2982 1809 3228 1866 Joatham
3245 1812 3447 1881 Achas,

1881 1895 2061 1949 Achas
2092 1894 2399 1960 Ezechiam,
2427 1910 2481 1954 et
2510 1899 2686 1956 nullus
2715 1915 2781 1956 ex
2813 1902 2897 1958 his
2920 1903 3170 1959 servilem
3203 1906 3452 1962 nativita-

1883 1985 1952 2041 tis
1977 1987 2165 2040 horam
2193 1998 2382 2042 nactus
2407 1988 2524 2042 est?
2553 1989 2842 2058 Prasterea,
2867 1995 2909 2048 si
2945 1996 3198 2051 vitiorum
3218 2007 3312 2053 aut
3341 1999 3445 2054 vir-

1882 2086 2053 2132 tutum
2083 2079 2344 2149 prineipia
2376 2095 2482 2136 non
2512 2092 2637 2136 sunt
2681 2083 2731 2137 in
2759 2084 2912 2138 nobis
2937 2086 3062 2151 sita,
3085 2089 3180 2142 sed
3214 2101 3338 2146 sunt
3360 2107 3450 2146 ne-

1881 2168 2167 2226 cessitates
2199 2170 2268 2224 ab
2308 2181 2431 2227 ortu
2474 2174 2802 2244 pendentes;
2834 2177 3050 2235 inutiles
3082 2189 3208 2236 sunt
3239 2181 3455 2252 legisla-

1884 2269 2048 2330 tores,
2081 2262 2172 2332 qui
2219 2264 2372 2320 nobis
2411 2268 2616 2337 agenda
2664 2283 2727 2324 ac
2769 2270 3021 2342 fugienda
3061 2275 3448 2345 praescribunt;

1881 2354 2100 2413 inutiles
2148 2371 2361 2428 quoque
2391 2358 2619 2428 iudices,
2660 2363 2752 2430 qui
2783 2363 3036 2418 virtutem
3081 2366 3302 2433 honore,
3346 2368 3447 2440 57

1880 2448 2067 2503 vitium
2092 2453 2270 2519 ptenis
2304 2450 2562 2506 alliciunt.
2587 2450 2704 2506 Non
2733 2454 2876 2508 enim
2906 2454 3041 2509 furis
3066 2467 3148 2511 est
3173 2459 3448 2528 iniquitas.

1881 2547 2056 2610 neque
2089 2543 2402 2610 homicidae;
2431 2544 2519 2612 qui
2544 2561 2611 2599 ne
2637 2546 2821 2601 volens
2844 2548 3059 2616 quidem
3091 2561 3300 2620 poterat
3333 2569 3448 2607 ma-

1883 2646 2011 2684 num
2074 2633 2389 2700 continere,
2460 2637 2530 2691 ob
2599 2636 3000 2693 iueluetabilem
3073 2642 3446 2698 necessitatem

1882 2723 2055 2792 ipsum
2099 2728 2166 2781 ad
2213 2730 2476 2797 agendum
2521 2729 2908 2800 impellentem.
2947 2732 3235 2788 Vanissimi
3270 2747 3445 2790 autent

1882 2815 2122 2870 omnium
2172 2826 2300 2871 sunt
2335 2819 2426 2887 qui
2463 2829 2609 2875 artes
2642 2823 2895 2877 excolunt
2925 2840 2939 2877 :
2974 2823 3172 2893 quippe
3209 2823 3448 2894 frugibus

1884 2906 2179 2962 abundabit
2221 2909 2476 2979 agricola,
2513 2912 2724 2966 tametsi
2771 2927 2946 2982 neque
2986 2913 3194 2968 semina
3235 2919 3290 2970 in
3339 2926 3446 2971 ter-

1883 3015 1998 3054 ram
2043 3001 2278 3072 dejiciat,
2315 3019 2487 3074 neque
2535 3004 2725 3062 falcem
2772 3018 3021 3063 exacuat.
3063 3008 3327 3065 Mercator
3364 3011 3447 3064 iti-

1882 3095 2025 3162 dem,
2075 3096 2224 3160 velit,
2258 3098 2412 3164 nolit,
2459 3114 2620 3170 supra
2672 3100 2888 3156 modum
2942 3103 3188 3166 ditescct,
3238 3102 3349 3157 fato
3400 3104 3447 3158 ci

193 3197 329 3266 γὸς,
371 3199 506 3268 μήτε
561 3198 848 3268 σπέρματα
903 3197 1271 3264 καταϐάλλων,
1319 3201 1456 3270 μήτε
1505 3201 1776 3271 δρεπάνην

1881 3202 2010 3256 opes
2058 3202 2434 3246 coacervante.
2489 3192 2690 3263 Magnae
2748 3205 2926 3248 autem
2971 3196 3073 3249 illa».
3111 3196 3448 3252 Christiano-

193 3288 507 3362 θηξάμενος
587 3289 1020 3370 ὑπερπλοιυτήσει
1053 3291 1108 3343 δέ
1146 3293 1173 3344 ὁ
1215 3290 1473 3362 ἔμπορος,
1511 3291 1609 3344 κᾶν
1657 3291 1776 3357 βού-

193 3380 395 3452 ληται,
445 3381 545 3435 κᾶν
596 3384 704 3455 μὴ,
748 3384 847 3453 τῆς
893 3385 1232 3456 εἱμαρμένης
1281 3383 1430 3455 αὑτῷ
1497 3383 1777 3455 συναθροι-

196 3469 404 3541 ζούσης
432 3472 500 3524 τὰ
525 3475 799 3544 χρήματα.
829 3476 893 3527 Αἱ
932 3476 987 3528 δὲ
1026 3476 1258 3547 μεγάλαι
1300 3476 1407 3530 τῶν
1438 3477 1777 3548 Χριστιανῶν

195 3563 414 3626 ἐλπίδες
449 3564 670 3636 φροῦδαι
701 3565 810 3635 (40)
854 3569 984 3636 ἡμῖν
1019 3570 1356 3639 οἰχήσονται,
1401 3569 1522 3624 οὔτε
1569 3571 1775 3624 δικαιο-

196 3657 372 3728 σύνης
403 3657 738 3728 τιμωμένης,
770 3657 892 3711 οὑτε
944 3663 1411 3732 κατακρινομένης
1459 3663 1556 3732 τῆς
1594 3664 1774 3733 ἀμαρ-

195 3751 342 3816 τίας,
367 3751 455 3804 διὰ
482 3751 543 3802 τὸ
577 3751 741 3821 μηδὲν
782 3750 922 3804 κατά
956 3753 1271 3824 προαίρεσιν
1307 3754 1410 3806 ὑπὸ
1441 3753 1548 3806 τῶν
1577 3755 1778 3826 ἀνθρώ-

199 3859 320 3896 πων
367 3842 751 3897 ἐπιτελεῖσθαι.
793 3843 968 3897 ’Ὀτυου
1023 3844 1131 3916 γάρ
1177 3845 1389 3916 ἀνάγκη
1440 3845 1533 3898 καὶ
1579 3848 1776 3917 εἱμαρ-

200 3939 341 4005 μένη
378 3937 588 4008 κρατεῖ,
627 3937 877 4008 οὐδεμίαν
912 3938 1022 4008 ἔχει
1071 3937 1250 4011 χώραν
1287 3939 1347 3991 τὸ
1375 3939 1511 4010 πρὸς
1546 3939 1720 4006 ἀξίαν,
1751 3940 1779 3992 ὃ

197 4026 302 4097 τῆς
358 4027 751 4100 δικαιοκρισίας
813 4028 1089 4100 ἐξαίρετόν
1148 4032 1282 4083 ἐστι.
1330 4031 1439 4085 Καὶ
1490 4033 1626 4102 πρὸς
1679 4034 1779 4103 μὲν

199 4119 449 4181 ἐκείνους
478 4119 571 4171 ἐπὶ
596 4120 863 4174 τοσοῦτον.
890 4121 1022 4175 Οὔτε
1049 4123 1157 4193 γὰρ
1192 4123 1349 4192 ὑμεῖς
1386 4122 1642 4176 πλειόνων
1670 4125 1779 4177 δεῖ·

198 4210 295 4264 σθε
324 4210 436 4280 (41)
461 4211 632 4280 λόγων
664 4215 792 4287 παρ’
818 4213 1025 4266 ἑαυτῶν
1047 4213 1404 4281 ὑγιαίνοντες,
1436 4215 1463 4265 ὅ
1495 4232 1551 4266 τε
1590 4215 1778 4287 καιρὸς

195 4302 303 4357 οὑκ
343 4300 584 4355 ἐνδίδωσι
618 4303 764 4374 πέρα
795 4301 886 4356 τοῦ
924 4302 1123 4374 μέτρου
1156 4303 1290 4375 πρὸς
1329 4303 1526 4365 αὐτοὺς
1560 4303 1777 4357 ἀποτεί-

197 4395 408 4450 uallat.

268 4486 328 4542 8.
373 4485 517 4556 Πρὸς
545 4485 600 4538 δὲ
633 4486 701 4540 τά
738 4487 864 4557 ἑξῆς
892 4485 998 4539 τῶν
1034 4485 1292 4557 ῥημάτων
1323 4483 1432 4554 (42)
1475 4482 1779 4536 ἐπανέλθω-

1883 3291 2001 3330 rum
2035 3292 2158 3346 spes
2190 3291 2578 3336 evanescentes
2611 3283 2859 3339 excident
2903 3285 3077 3341 nobis.
3119 3304 3239 3343 cum
3274 3304 3446 3358 neque

1875 3366 2083 3435 justitia
2137 3371 2430 3426 honoribus
2485 3373 2605 3429 ullis
2656 3373 2942 3442 afﬁciatur,
2969 3392 3142 3448 neque
3195 3382 3444 3450 puniatur

1881 3470 2194 3529 peceatum,
2241 3472 2524 3534 propterea
2574 3469 2716 3537 quod
2760 3468 2890 3523 nihil
2925 3469 2995 3525 ab
3029 3471 3335 3529 hominibus
3385 3473 3444 3526 li-

1879 3554 2012 3608 bero
2060 3553 2226 3608 animi
2264 3556 2543 3625 proposito
2591 3568 2799 3628 agatur.
2836 3559 2971 3614 Nam
3014 3562 3102 3616 ubi
3150 3565 3448 3619 necessitas

1880 3655 1934 3700 et
1971 3645 2137 3700 fatum
2178 3646 2507 3713 dominatur,
2544 3649 2616 3704 ibi
2663 3650 2943 3722 dignitatis
2977 3653 3265 3724 meritique
3306 3656 3445 3708 ratio

1882 3739 2086 3795 nullum
2135 3739 2307 3794 locum
2359 3742 2520 3797 habet
2561 3760 2575 3796 :
2617 3742 2673 3797 id
2711 3744 2852 3813 quod
2903 3754 3078 3800 tamen
3116 3747 3442 3816 praecipuum

1876 3827 2006 3897 justi
2046 3831 2228 3899 iudicii
2264 3831 2664 3889 fundamentum
2699 3847 2805 3892 est.
2838 3836 2903 3891 Et
2931 3837 3145 3906 quidem
3189 3839 3444 3894 adversus

1883 3923 2003 3978 illos
2048 3924 2343 3993 hucusque.
2377 3924 2562 3997 Neque
2589 3930 2730 3983 enim
2771 3930 3234 3999 verbis~pluribus
3276 3937 3446 4006 egetis

1882 4030 1997 4081 vos,
2029 4017 2119 4088 qui
2171 4018 2382 4074 scilicet
2427 4033 2457 4073 a
2499 4020 2650 4076 vobis
2696 4021 2827 4092 ipsis
2871 4038 3016 4082 sanae
3059 4027 3252 4081 mentis
3281 4029 3442 4084 sitis:

1883 4127 2054 4181 neque
2081 4121 2292 4183 tempus
2318 4113 2459 4169 ultra
2490 4113 2703 4171 modum
2739 4117 2997 4172 adversus
3023 4132 3116 4173 eos
3147 4119 3320 4175 invehi
3348 4136 3444 4177 nos

1881 4209 2028 4263 sinit.

1953 4483 2006 4538 8.
2035 4480 2151 4537 Jam
2196 4484 2263 4538 td
2308 4486 2466 4542 verba
2517 4489 2900 4558 consequentia
2952 4488 3250 4544 redeamus.
3303 4489 3447 4547 Sim.

202 4597 323 4648 μεν.
361 4580 692 4643 Ἔστωσαν,
734 4579 919 4649 φησὶν,
968 4582 1055 4646 εἰς
1093 4577 1330 4647 σημεῖα,
1381 4576 1478 4629 καὶ
1527 4580 1613 4640 εἰς
1646 4594 1773 4631 και-

1885 4577 2078 4647 inquit,
2120 4578 2174 4632 in
2223 4580 2395 4648 signa,
2443 4589 2490 4634 et
2541 4579 2596 4633 in
2649 4586 2904 4648 tempora,
2943 4589 2991 4634 et
3037 4581 3258 4644 indies,
3291 4592 3335 4634 et
3391 4582 3445 4633 iu

189 4672 370 4738 ρσὺς.
398 4672 494 4724 καὶ
526 4675 608 4737 είς
649 4671 892 4740 ἡμέρας,
924 4672 1023 4726 καὶ
1055 4674 1140 4737 εἰς
1177 4670 1508 4734 ἐνιαυτούς,
1547 4669 1772 4739 Εἴρηται

200 4764 333 4833 ἡμῖν
378 4764 448 4817 τά
495 4766 622 4829 περὶ
664 4764 770 4817 τῶν
804 4764 1063 4834 σημείων,
1110 4762 1350 4833 Καιροὺς
1391 4761 1448 4813 δὲ
1493 4761 1773 4832 ἡγούμεθα

197 4853 384 4923 λέγειν
436 4856 535 4920 τὰς
589 4857 694 4909 τῶν
739 4855 898 4927 ὡρῶν
946 4854 1273 4923 ἐναλλαγάς,
1329 4853 1629 4923 χειμῶνος,
1681 4854 1774 4906 καὶ

197 4946 401 5018 ἔαρος,
453 4949 546 5000 καὶ
591 4949 812 5020 θέρους,
855 4948 950 5002 καὶ
1004 4945 1356 5017 μετοπώρου·
1391 4947 1457 5011 ἃς
1507 4946 1782 5013 εὐτάκτως

269 5115 319 5147 ⁸⁸⁵
347 5111 486 5166 Gen.
529 5127 565 5176 I,
604 5113 688 5165 14.

272 5223 391 5299 (55)
430 5226 505 5299 ita
539 5236 765 5295 Quatuor
813 5241 943 5281 mss.
989 5223 1127 5280 Editi
1175 5237 1301 5278 vero
1341 5225 1541 5292 ἀγαθὸν
1590 5227 1768 5298 ὑπάρ-

198 5297 366 5373 χειν,Δ
378 5297 556 5373 tni_nu_s_
593 5305 754 5350 recte.

220 5361 233 5373 ’
270 5361 392 5436 (36)
423 5367 650 5421 Codices
673 5375 901 5434 quatuor
932 5365 1164 5436 ποσάκις
1193 5364 1291 5434 τῆς
1314 5364 1545 5436 ἡμέρας,
1573 5368 1768 5434 quoties

197 5440 254 5493 in
280 5435 371 5492 die
397 5441 421 5490 7
450 5437 589 5490 Editi
629 5439 817 5491 saltem
845 5453 964 5491 eum
1004 5435 1137 5506 Reg.
1166 5446 1357 5489 octavo
1384 5438 1600 5503 optima:
1633 5448 1770 5492 noue

199 5509 588 5590 πολέκιςτῇς
615 5506 846 5590 ἡμέρας·
1276 5575 1286 5590 ,
1458 5574 1497 5590 ,η

271 5580 388 5648 (57)
442 5574 668 5632 Codices
711 5574 816 5630 duo
865 5575 1400 5648 παρατετηρημένον.
1458 5574 1608 5648 E-lili
1644 5591 1767 5648 cum

201 5643 324 5720 aliis
357 5643 486 5702 mss.
515 5643 1072 5720 παρατετηρημένως.
1095 5643 1334 5720 Μὸκίδωι
1361 5660 1489 5699 tnss.
1517 5643 1610 5696 τοῦ
1641 5645 1768 5698 ἰδίου

200 5719 344 5772 υἱοῦ.
374 5717 718 5772 Desitleratur
751 5719 880 5771 ἰδίου
916 5719 966 5770 in
992 5717 1172 5771 editis.

275 5787 387 5855 (38)
438 5789 588 5842 Colh.
650 5791 914 5844 secundus
966 5784 1200 5855 Ἰωάθαμ
1261 5785 1318 5838 δὲ
1379 5785 1631 5854 ἐγέννησε
1681 5788 1768 5839 τὸν

208 5851 403 5929 Ἀχαζ.
443 5859 621 5929 "Ala:
645 5857 720 5911 δέ.
757 5858 884 5928 lleg.
912 5872 1095 5914 scmus
1117 5851 1335 5910 Ἰωάθαν
1365 5851 1427 5908 δὲ’
1446 5856 1554 5908 τόν.

1880 4687 2045 4724 annos
2075 4671 2141 4725 “.
2177 4672 2389 4726 Dictum
2434 4681 2520 4726 est
2574 4688 2602 4724 a
2650 4671 2804 4726 nobis
2850 4673 2917 4727 de
2958 4673 3146 4742 signis.
3181 4671 3441 4740 Tempora

1880 4777 2055 4820 autem
2085 4777 2336 4836 putamus
2361 4766 2465 4820 dici
2501 4767 2644 4835 ipsas
2683 4775 3058 4836 tempestatum
3094 4768 3441 4832 mutationes,

1883 4857 2094 4924 hiemis,
2131 4859 2295 4922 veris,
2331 4857 2534 4912 aestatis
2579 4866 2635 4911 et
2685 4860 2922 4911 autumni
2953 4876 2966 4912 :
2999 4859 3191 4928 quibus
3225 4860 3444 4913 ordina-

1892 4961 1975 5006 tus
2009 4951 2350 5004 luminarium
2402 4932 2576 5004 iuotus
2623 4951 2828 5015 tribuit,
2858 4961 2914 5004 ut
2959 4967 3055 5006 nos
3092 4951 3336 5006 ordinate
3365 4949 3443 5003 lu-

1950 5225 2233 5293 (59)(1011».
2259 5226 2526 5281 secundus
2547 5229 2812 5295 φευκταῖα
2834 5226 2965 5296 διορ.
2996 5226 3107 5279 Mox
3137 5227 3264 5296 Reg.
3287 5245 3416 5295 quin

1881 5308 1964 5351 tns
1993 5299 2042 5368 οἱ
2073 5297 2401 5361 δικάζοντες.
2444 5296 2574 5368 Reg.
2608 5307 2794 5351 sextus
2827 5296 3093 5366 τιμῶντες
3120 5298 3212 5350 καὶ
3245 5301 3444 5355 κακίαν

1878 5366 2209 5431 κολάζοντες.

1949 5438 2060 5508 (40)
2102 5436 2587 5509 Codicesquinqne
2616 5436 2826 5509 ἐλπίδες
2867 5437 3107 5509 φροῦδαι.
3147 5436 3286 5506 Editi
3319 5455 3442 5495 cum

1881 5506 2008 5578 Reg.
2043 5506 2246 5580 'oetavo
2299 5506 2510 5580 ἐλπίδες
2545 5507 2794 5580 ιρροῦδοι.
2850 5506 2954 5563 δυο
3002 5511 3072 5564 na
3125 5511 3294 5563 multo
3328 5521 3446 5580 post

1881 5577 2029 5631 Bodl.
2054 5579 2082 5631 ὃ
2104 5583 2197 5650 τῆς
2228 5578 2440 5650 δικαίας
2463 5577 2712 5650 κρίσεως.

1950 5650 2060 5719 (Η)
2100 5648 2208 5700 lluo
2231 5665 2359 5702 mss.
2385 5648 2606 5702 ἐδεῖσθε.

1949 5720 2060 5785 (ὤὲ)
2091 5719 2266 5792 Codex
2302 5719 2694 5792 Cromheliégﬁg
2725 5720 2832 5773 τῶν
2865 5721 3063 5792 ῥητῶν.
3099 5721 3228 5790 l‘u‘g.
3262 5734 3446 5776 sextus

1880 5790 2002 5860 ἑξῆς
2035 5789 2124 5843 τοῦ
2156 5789 2312 5858 λόγου
2336 5789 2735 5859 ἐπανέλθωμεν.
