4100 6312
218 344 330 403 137

1315 344 1599 401 HOMILIA
1640 343 1707 399 Vl
1747 343 1812 399 IN
1853 343 2344 402 HEXAEMERON.

3366 347 3463 401 I38

219 472 579 541 ἐγγινομένην
618 468 862 541 πύρωσιν
897 466 973 539 τῷ
1003 467 1143 539 ἀέρι,
1170 466 1266 537 ὅση
1296 465 1378 529 τίς
1405 480 1543 532 εστι,
1580 466 1673 520 καὶ
1704 483 1796 518 πο-

1902 467 2323 523 mediocritatem
2356 466 2423 521 ad
2449 466 2682 521 hiemem
2713 480 2811 523 nos
2832 468 2967 524 citra
3000 483 3192 523 noxam
3223 470 3461 537 deducit,

219 561 410 615 ταπῶν
436 560 823 631 άποτελεστικὴ
861 558 973 629 (47)
1021 555 1457 628 συμπτωμάτων.
1520 554 1794 607 Ἐντεῦθεν

218 655 578 727 διαδεξαμένη
604 657 754 727 ἡμᾶς
771 654 865 708 τοῦ
908 650 1219 724 μετοπώρου
1254 651 1286 720 ἡ
1331 648 1469 721 ὥρα,
1501 646 1792 719 ὑποθραύει

223 750 326 821 μέν
358 748 452 802 τοῦ
467 750 691 818 πνίγους
719 747 830 820 (48)
851 747 912 801 τὸ
933 743 1285 814 ὑπερσάλλον,
1322 740 1460 795 κατά
1499 738 1691 810 μικρὸν
1738 737 1795 789 δέ

220 842 445 910 ὐφιεῖσα
470 841 568 912 τῆς
600 841 829 912 θέρμης,
872 838 960 891 διὰ
984 838 1082 908 τῆς
1113 835 1255 890 κατὰ
1281 834 1377 905 τὴν
1406 834 1597 904 κρᾶσιν
1639 829 1796 901 μεσό-

219 952 385 1005 τητος
402 934 653 998 άὸλαϐὦς
679 934 827 1005 ἡμᾶς
848 931 914 983 δι’
942 929 1137 999 ἐαυτῆς
1159 928 1238 999 τῷ
1258 926 1484 999 χειμῶνι
1510 923 1791 995 προσάγει·

218 1028 466 1100 δηλονότι
494 1025 588 1080 τοῦ
616 1026 767 1098 ἡλίου
802 1023 962 1077 πάλιν
998 1022 1107 1075 ἀπὸ
1130 1022 1238 1073 τῶν
1264 1016 1646 1089 προσαρκτίων
1704 1013 1797 1067 ἐπὶ

216 1121 292 1173 τά
317 1120 469 1173 νότια
500 1107 1126 1190 ὑποστρέφοντος.Δῦται
1146 1112 1254 1165 τῶν
1282 1108 1437 1179 ὡρῶν
1469 1108 1524 1161 αἱ
1555 1122 1798 1175 περιτρο-

221 1214 347 1276 παὶ,
398 1215 519 1278 ταῖς
565 1211 840 1280 κινήσεσιν
882 1207 1146 1277 ἑπόμεναι
1205 1202 1295 1256 τοῦ
1340 1202 1512 1271 ἡλίου,
1554 1199 1644 1251 τὸν
1686 1200 1796 1268 βίον

219 1306 358 1375 ἡμῖν
407 1299 797 1371 οίκονομοῦσιν.
860 1299 1179 1352 Ἔστωσαν
1222 1292 1300 1356 δέ,
1349 1290 1513 1361 φησὶ,
1571 1288 1669 1342 καὶ
1713 1290 1796 1352 είς

218 1394 468 1465 ἡμέρας·
500 1393 596 1461 οὐχ
621 1390 760 1443 ὥστε
806 1388 1017 1461 ἡμέρας
1059 1387 1251 1449 ποιεῖν,
1293 1383 1408 1437 ἀλλ’
1435 1380 1573 1434 ὥστε
1597 1380 1799 1449 κατάρ-

219 1504 340 1558 χειν
372 1485 481 1538 τῶν
508 1482 748 1555 ἡμερῶν.
788 1481 997 1551 Ἡμέρα
1050 1478 1157 1549 γάρ
1190 1476 1283 1529 καλ⁵
1320 1474 1415 1541 νὺξ
1455 1471 1797 1545 πρεσόύτερα

218 1580 322 1649 τῆς
353 1577 461 1631 τῶν
489 1578 788 1647 φωστήρων
822 1572 1105 1642 γενέσεως.
1144 1569 1313 1624 Τοῦτο
1344 1567 1451 1637 γάρ
1472 1564 1797 1618 ἐνδείκνυται

218 1675 357 1743 ἡμῖν
393 1671 485 1724 καὶ¹
520 1674 548 1724 6
583 1669 793 1740 ψαλμὸς
842 1666 1035 1734 λέγων·
1073 1666 1281 1718 Ἔθετο
1312 1661 1488 1727 ἣλιον
1519 1660 1606 1723 εὶς
1635 1656 1801 1720 ἐξουο

216 1766 369 1818 alar
413 1762 521 1832 τῆς
555 1762 802 1832 ἡμέρας,
848 1758 1125 1825 σελήνην
1162 1754 1260 1808 καί
1292 1752 1551 1819 ἀστέρας
1593 1752 1679 1814 είς
1699 1749 1797 1812 ἐξ-

218 1856 451 1910 ουσίαν
471 1853 580 1921 τῆς
602 1852 842 1917 νυκτός.
897 1850 1018 1911 Πῶς
1047 1844 1139 1899 οὖν
1167 1845 1280 1913 ἔχει
1306 1842 1405 1912 τὴν
1427 1841 1675 1905 ἐξουσίαν
1703 1841 1801 1908 τῆς

1903 561 2017 615 sole
2061 559 2312 616 videlicet
2358 573 2546 615 rursus
2590 559 2657 615 ab
2706 561 2993 630 aquiloniis
3038 562 3345 631 regionibus
3398 564 3464 618 ad

1899 654 2174 709 austrinas
2203 660 2494 708 remeante.
2534 650 2627 707 Ha:
2661 652 2815 723 ipsae,
2842 668 2961 723 quas
2992 654 3120 710 solis
3152 666 3355 711 motum
3380 672 3463 711 se-

1900 752 2163 814 quuntur,
2212 750 2515 812 temporum
2559 741 2982 811 vicissitudines,
3012 744 3174 799 vitam
3223 751 3465 801 nostram

1900 835 2271 889 moderantur.
2303 834 2444 900 Sint,
2470 835 2665 904 inquit,
2689 845 2737 889 et
2761 837 2816 889 in
2838 836 2973 903 dies,
2997 852 3100 892 non
3128 845 3185 892 ut
3206 839 3322 893 dies
3345 850 3467 894 cen-

1902 928 2105 991 ﬁciant,
2138 928 2234 983 sed
2266 936 2326 981 ut
2350 926 2539 982 diebus
2564 929 2806 997 praesint.
2840 927 2964 983 Dies
2993 930 3136 985 enim
3176 940 3231 985 et
3255 946 3354 985 nox
3384 931 3467 986 lu-

1901 1020 2195 1074 minarium
2217 1028 2394 1074 ortum
2424 1028 2851 1075 antecesserunt.
2880 1020 3112 1091 ldipsum
3144 1024 3286 1078 enim
3312 1024 3466 1077 nobis

1899 1112 2138 1181 psalmus
2174 1112 2444 1175 declarat,
2492 1112 2544 1166 in
2580 1127 2688 1182 quo
2716 1114 2951 1167 dicitur:
2997 1113 3179 1167 Posuit
3219 1114 3378 1169 solem
3412 1117 3467 1169 in

1898 1213 2203 1271 potestatem
2244 1203 2370 1269 diei,
2421 1203 2601 1257 lunam
2640 1213 2686 1257 et
2732 1204 2908 1257 stellas
2944 1205 2999 1257 in
3031 1214 3332 1275 potestatem
3372 1224 3468 1260 no-

1900 1298 1995 1351 clis
2017 1297 2103 1351 ⁸⁸⁸.
2139 1298 2418 1365 Quomodo
2440 1299 2604 1369 igitur
2632 1299 2711 1354 sol
2743 1300 2847 1354 diei
2880 1300 3084 1355 obtinet
3110 1303 3468 1371 potestatem?

1900 1390 2032 1454 Quia
2065 1390 2236 1444 lucem
2269 1392 2319 1443 in
2348 1391 2526 1460 seipse
2555 1390 2943 1446 circumferens
2964 1433 2978 1456 ,
3007 1394 3096 1447 ubi
3128 1395 3339 1448 tandem
3371 1395 3467 1449 ho—

1902 1483 2159 1536 rizontem
2206 1490 2450 1536 nostrum
2495 1482 2657 1537 fuerit
2694 1492 3144 1553 prmtergressus,
3188 1487 3466 1541 dissolutis

1903 1572 2208 1643 fugatisque
2245 1575 2485 1630 tenebris
2528 1576 2667 1630 diem
2718 1574 2894 1631 aﬂert.
2944 1579 3305 1643 Quamobrem
3361 1595 3464 1633 non

1900 1668 2185 1727 erraverit,
2218 1668 2309 1734 qui
2340 1668 2480 1721 diem
2514 1669 2583 1721 ita
2619 1668 2856 1735 deliniet,
2891 1678 2947 1723 ut
2980 1683 3156 1723 aerem
3186 1683 3303 1724 esse
3325 1670 3467 1722 dicat

1902 1770 1928 1807 a
1960 1754 2071 1810 sole
2114 1756 2511 1819 illuminatttm,
2544 1767 2635 1810 aut
2671 1759 2930 1826 temporis
2972 1772 3309 1823 mensuram,
3361 1774 3469 1827 quo

1904 1846 1982 1899 sol
2014 1861 2176 1915 super
2211 1857 2409 1901 terram
2444 1849 2493 1901 in
2527 1858 2715 1902 nostro
2756 1848 3136 1915 hemisphaerio
3163 1865 3466 1904 commora-

218 1948 438 2019 ἡμέρας
464 1949 491 1999 6
514 1947 697 2017 ἦλιος;
732 1946 852 1997 Ὀτι
882 1943 942 1995 τὸ
981 1939 1095 2009 φῶς
1137 1940 1193 1990 ἐν
1237 1935 1413 2007 ἐαυτῷ
1465 1934 1795 2005 περιφέρων,

1902 1949 2008 1993 tur.
2046 1938 2149 1993 Sed
2175 1949 2229 1993 et
2261 1941 2310 1992 in
2341 1954 2512 1993 annos
2544 1940 2622 1994 sol
2649 1950 2702 1993 et
2727 1940 2848 1994 luna
2875 1942 3107 1995 ordinati
3135 1951 3283 1995 sunt.
3318 1940 3471 1997 Luna

216 2041 447 2096 ἐπειδάν
478 2058 605 2093 ποτε
638 2041 726 2092 τὸν
756 2037 875 2090 καθ’
902 2036 1047 2106 ἡμᾶς
1082 2031 1333 2103 ὁρίζοντα
1356 2031 1626 2102 ὑπεράρῃ,
1667 2028 1801 2099 ὴμέ-

220 2152 325 2205 ραν
360 2135 587 2203 παρέχει
635 2130 892 2191 διαλύσας
932 2128 992 2180 τὸ
1030 2126 1238 2187 σκότος.
1285 2124 1447 2175 Ὥστε
1476 2121 1577 2175 οὐκ
1611 2121 1676 2175 άν
1718 2137 1800 2182 τις

215 2224 483 2294 ἁμάρτοι,
512 2222 722 2294 ἡμέραν
749 2220 1075 2293 ὁρισάμενος
1106 2215 1246 2272 εἶναι
1267 2218 1356 2269 τὸν
1388 2214 1492 2266 ὑπὸ
1516 2211 1608 2264 τοῦ
1649 2210 1799 2281 ἡλίου

217 2315 633 2387 πεφωτισμένον
664 2314 821 2386 ἀέρα·
870 2314 926 2386 ἢ,
958 2311 1166 2383 ἡμέραν
1194 2307 1330 2363 εἶναι
1378 2308 1569 2377 χρόνου
1608 2303 1802 2373 μέτρον

218 2408 279 2459 ἐν
303 2399 350 2475 ᾧ
384 2408 440 2460 ἐν
489 2407 565 2478 τῷ
599 2408 739 2479 ὑπὲρ
766 2406 869 2475 γῆν
892 2402 1234 2475 ἡμισφαιρίῳ
1275 2398 1471 2469 ὀῆλιος
1510 2394 1795 2466 διατρίϐει.

230 2499 397 2552 Ἀλλά
428 2502 520 2553 καὶ
550 2502 629 2563 είς
663 2498 939 2559 ἐνιαυτοὺς
984 2492 1287 2563 ἐτάχθησαν
1336 2491 1486 2560 ἣλιος
1514 2490 1605 2541 καὶ
1642 2487 1797 2557 σελή-

216 2607 307 2661 νη.
343 2592 545 2661 Σελήνη
593 2591 711 2660 μὲν,
768 2585 984 2640 ἐπειδὰν
1018 2582 1314 2645 δωδεκάκις
1349 2582 1440 2633 τὸν
1476 2580 1672 2648 ἑαυτῆς
1709 2581 1797 2629 ὲκ-

1900 2030 2117 2099 quidem
2150 2040 2432 2100 postquam
2462 2032 2752 2087 duodecies
2784 2040 2937 2086 suum
2970 2031 3195 2101 perfecit
3224 2047 3469 2096 cursum,

1905 2138 2101 2178 annum
2150 2127 2359 2194 peragit
2390 2143 2401 2178 :
2446 2125 2548 2179 nisi
2586 2126 2727 2193 quod
2763 2140 2947 2180 mense
2982 2124 3290 2180 intercalari
3327 2139 3472 2193 stepe

1904 2228 2039 2284 Opus
2078 2226 2161 2270 est
2207 2217 2273 2269 ad
2328 2226 2638 2271 accuratum
2686 2227 3064 2285 tempestatum
3117 2232 3477 2282 concursum,

1906 2305 2050 2359 velut
2083 2307 2380 2375 antiquitus
2415 2308 2646 2372 llebrmi,
2685 2321 2739 2362 et
2774 2309 3085 2364 Graecorum
3121 2310 3471 2363 vetustissimi

1908 2411 2105 2451 annum
2153 2397 2533 2453 metiebantur.
2574 2400 2762 2454 Annus
2798 2409 2977 2453 autem
3014 2399 3228 2463 solaris,
3268 2399 3471 2452 reditus

1906 2500 1985 2544 est
2017 2490 2148 2545 solis
2178 2505 2242 2545 ex
2286 2492 2473 2546 eodem
2516 2493 2672 2563 signo
2714 2494 2765 2545 in
2808 2494 2947 2547 idem
2986 2495 3196 2563 signum
3227 2506 3322 2562 per
3349 2505 3474 2561 pro-

1907 2580 2081 2646 prium
2110 2590 2338 2635 motum.

216 2684 416 2754 τελέσῃ
470 2682 686 2752 δρόμον,
750 2676 996 2732 ἐνιαυτοῦ
1041 2679 1155 2729 ἐστι
1200 2674 1476 2744 ποιητική·
1531 2672 1668 2740 πλὴν
1718 2671 1797 2723 ὅτι
1841 2669 2005 2740 μηνὸς
2054 2670 2349 2742 ἐμϐολίμου
2381 2672 2549 2727 δεῖται
2612 2675 2870 2739 πολλάκις
2915 2677 3045 2746 πρὸς
3107 2677 3205 2748 τὴν
3273 2675 3476 2748 άκριῦἦ

215 2776 335 2829 τῶν
367 2774 523 2846 ὡρῶν
568 2772 889 2843 συνδρομὴν,
922 2770 996 2833 ὡς
1037 2768 1272 2839 Ἑϐραῖοι
1306 2765 1366 2818 τὸ
1413 2764 1639 2816 παλαιὸν
1684 2763 1792 2833 (49)
1832 2763 1923 2814 τὸν
1964 2764 2209 2818 ἐνιαυτὸν
2242 2760 2375 2837 ἦγον
2404 2767 2497 2821 καὶ
2525 2768 2632 2821 τῶν
2677 2768 2939 2841 Ἐλλήνων
3005 2772 3052 2822 οἱ
3109 2772 3475 2842 ἀρχαιότατοι.

228 2867 487 2930 Ἠλιακὸς
514 2866 570 2919 δέ
593 2867 738 2919 ἐστιν
778 2862 1017 2925 ἐνιαυτὸς
1058 2863 1088 2930 ἡ
1124 2860 1230 2913 ἀπὺ
1258 2858 1350 2909 τοῦ
1376 2855 1537 2908 αὑτοῦ
1568 2856 1791 2924 σημείου
1830 2856 1921 2906 ἐπὶ
1943 2856 2003 2906 τὸ
2026 2858 2155 2909 αὐτὸ
2177 2861 2399 2929 σημεῖον
2421 2861 2561 2912 κατά
2584 2862 2681 2931 τὴν
2704 2864 2906 2915 οἰκείαν
2943 2863 3152 2933 κίνησιν
3197 2864 3287 2916 τοῦ
3327 2864 3478 2935 ἡλίου

216 2962 685 3023 ἀποκατάστασις.

293 3056 349 3109 9.
377 3053 482 3106 Καὶ
512 3054 799 3118 ἐποίησεν
816 3053 847 3103 ό
866 3049 1009 3116 Θεὸς
1038 3046 1179 3112 τοὺς
1199 3046 1306 3100 δύο
1327 3042 1646 3114 φωστῆρας
1668 3039 1796 3105 τοὺς

1980 3039 2033 3095 9.
2062 3039 2133 3095 Et
2161 3042 2280 3111 fecit
2307 3043 2442 3098 Deut
2468 3048 2572 3099 duo
2597 3046 2881 3100 lumiumiu
2906 3065 3091 3118 magna
3108 3048 3173 3104 ⁸⁷.
3200 3051 3331 3105 Cum
3363 3067 3477 3107 ma-

215 3145 545 3217 μεγάλους.
582 3142 800 3213 Ἐπειδὴ
842 3143 903 3195 τὸ
964 3142 1106 3213 μέγα
1152 3138 1214 3193 τὸ
1261 3140 1357 3210 μὲν
1390 3135 1651 3191 ἀπόλυτον
1694 3132 1796 3203 ἔχει

1908 3150 2074 3205 gnum
2107 3138 2266 3191 modo
2295 3138 2597 3192 absolutam
2624 3139 2822 3193 habeat
2849 3141 3279 3211 intelligentiam,
3311 3144 3476 3200 veluti

218 3243 324 3312 τὴν
348 3239 576 3292 ἔννοιαν·
616 3238 690 3302 ὡς
727 3238 899 3308 μέγας
932 3238 960 3289 6
995 3232 1244 3306 οὐρανὸς,
1286 3233 1380 3285 καὶ
1422 3229 1629 3301 μεγάλη
1650 3229 1683 3297 ἡ
1709 3228 1796 3298 γῆ,

1910 3244 2160 3298 magnum
2187 3241 2265 3286 est
2298 3231 2516 3297 caelum,
2556 3247 2747 3302 magna
2788 3243 2870 3287 cst
2898 3244 3062 3297 terra,
3102 3250 3354 3305 magnum
3389 3248 3475 3291 est

219 3333 320 3386 καὶ
372 3332 579 3401 μεγάλη
640 3330 749 3400 (50)
792 3332 825 3398 ἡ
883 3328 1143 3380 θάλασσα·
1180 3325 1248 3378 τὰ
1300 3324 1359 3376 δὲ
1412 3324 1487 3386 ὡς
1529 3321 1599 3373 τά
1635 3320 1796 3373 πολλὰ

1908 3338 2059 3378 mare
2097 3342 2111 3379 :
2148 3325 2306 3379 modo
2340 3339 2491 3389 vero,
2524 3327 2665 3395 quod
2704 3327 2863 3396 vulgo
2900 3328 2978 3390 lit,
3010 3330 3077 3380 ad
3123 3329 3349 3382 alterum
3393 3345 3478 3383 re-

221 3425 440 3491 πέφυκε
478 3423 614 3492 πρὸς
642 3422 824 3493 ἕτερον
852 3419 1236 3491 ἀναφέρεσθαι,
1262 3417 1335 3479 ὡς
1372 3415 1544 3487 μέγας
1565 3416 1593 3466 6
1617 3414 1796 3478 ἵππος,

1907 3416 2035 3470 ferri
2084 3418 2294 3472 soleat:
2332 3419 2562 3488 exempli
2614 3432 2799 3484 causa,
2850 3435 3078 3490 magnus
3126 3434 3331 3489 equus,
3383 3432 3477 3475 aut

222 3517 321 3570 καὶ
350 3517 378 3567 6
408 3513 532 3585 βοῦς
556 3515 585 3567 6
618 3514 790 3585 μέγας
840 3512 918 3584 (οὐ
953 3512 1061 3583 γὰρ
1090 3512 1147 3563 ὲν
1174 3513 1239 3580 τῇ
1270 3506 1540 3579 ὑπερϐολῇ
1574 3504 1680 3559 τῶν
1706 3503 1796 3557 τοῦ

1905 3523 2131 3577 magnus
2161 3509 2295 3564 bos:
2332 3525 2435 3563 non
2467 3512 2610 3566 enim
2639 3510 2706 3564 ob
2740 3510 2971 3580 amplam
2998 3526 3276 3580 corporea:
3316 3514 3477 3567 molis

223 3606 480 3677 σώματος
505 3606 704 3674 ὄγκων,
728 3605 840 3659 ἀλλ’
871 3606 928 3659 ἐν
952 3607 1017 3675 τῇ
1044 3602 1177 3674 πρὸς
1214 3600 1282 3655 τὰ
1310 3600 1469 3670 ὃμοια
1506 3596 1796 3669 παραθέσει

1904 3604 2281 3673 quantitatem,
2323 3603 2417 3658 sed
2445 3604 2515 3659 ob
2546 3605 2848 3658 institutam
2880 3619 3003 3658 cum
3035 3605 3299 3660 similibus
3329 3620 3476 3659 com-

218 3699 323 3770 τὴν
362 3700 663 3771 μαρτυρίαν
693 3698 784 3752 τοῦ
830 3699 1091 3769 μεγέθους
1135 3698 1200 3750 τὰ
1233 3694 1456 3749 τοιαῦτα
1488 3693 1796 3764 λαμϐάνει)·

1905 3700 2259 3765 parationem,
2306 3696 2675 3750 testimonium
2718 3696 3104 3764 magnitudinis
3130 3711 3476 3765 consequun-

220 3791 346 3854 ’πῶς
374 3791 547 3843 τοίνυν
582 3789 691 3859 (51)
722 3789 816 3842 τοῦ
842 3788 1074 3859 μεγάλου
1096 3786 1191 3857 τὴν
1222 3786 1428 3837 ἔννοιαν
1443 3782 1796 3851 ἐκδεξάμεοα;

1908 3800 2029 3843 tur:
2063 3788 2332 3856 quomodo
2356 3788 2517 3855 igitur
2549 3787 2727 3857 magni
2757 3788 3208 3857 signiﬁcationem
3243 3789 3475 3856 accipie-

222 3883 461 3953 Πότερον
486 3882 561 3943 ὼς
584 3882 673 3933 τὸν
697 3880 981 3950 μύρμηκα,
1002 3878 1034 3948 ἢ
1052 3878 1176 3933 ἄλλο
1196 3894 1247 3930 τι
1268 3875 1376 3930 τῶν
1393 3874 1549 3944 φύσει
1570 3874 1796 3945 μικρῶν,

1906 3878 2062 3932 mus?
2111 3876 2298 3932 Utrum
2352 3877 2807 3945 quemadmodum
2860 3873 3142 3933 fbrmicam
3190 3889 3282 3933 aut
3331 3881 3473 3933 aliud

227 3974 373 4043 μέγα
408 3970 883 4043 προσαγορεύομεν
907 3970 996 4024 διὰ
1027 3970 1126 4041 τὴν
1160 3969 1295 4042 πρὸς
1320 3968 1387 4021 τά
1406 3971 1639 4038 ὁμογενῆ
1674 3965 1796 4033 σύγ-

1903 3968 2131 4038 quodvis
2155 3968 2355 4026 animal
2380 3976 2571 4038 suapte
2602 3977 2793 4023 natura
2819 3983 3069 4037 parvum,
3101 3985 3349 4038 maguum
3380 3989 3471 4039 ap-

222 4081 408 4136 κρισιν
436 4063 531 4135 τὴν
563 4062 832 4135 ὑπεροχὴν
877 4063 1306 4135 μαρτυροῦντες;
1348 4062 1379 4132 ἢ
1420 4060 1480 4114 τὸ
1525 4062 1662 4129 μέγα
1706 4058 1796 4111 νῦν

1904 4060 2189 4130 pellamus,
2217 4061 2284 4116 ob
2309 4060 2509 4115 factam
2534 4074 2654 4112 cum
2690 4059 2811 4112 aliis
2833 4060 3071 4128 ejusdem
3099 4062 3311 4130 generis
3334 4077 3476 4115 eom-

220 4157 421 4223 οὕτως,
448 4158 521 4221 ὡς
572 4158 629 4210 ἐν
674 4161 742 4229 τῇ
789 4157 966 4229 οἰκείᾳ
994 4156 1099 4208 τῶν
1151 4156 1449 4225 φωστήρων
1486 4154 1795 4221 κατασκευῇ

1904 4155 2277 4224 parationcm,
2326 4150 2519 4204 molem
2566 4148 2726 4204 solito
2776 4150 3033 4220 majorem
3085 4154 3475 4209 testiﬁcantes?

221 4249 320 4309 τοῦ
355 4250 614 4321 μεγέθους
646 4250 1081 4321 ἐμφαινομένους
1129 4248 1269 4316 Ἐγὼ
1302 4247 1399 4319 μὲν
1427 4241 1576 4315 οἶμαι
1620 4243 1793 4295 τοῦτο.

1904 4259 1970 4297 an
2002 4257 2144 4296 nunc
2172 4255 2423 4310 magnum
2455 4240 2828 4310 accipiendum
2859 4252 2959 4303 est.
2990 4242 3142 4295 itaut
3168 4243 3220 4295 in
3254 4245 3473 4311 propria

220 4347 303 4398 Οὐ
329 4345 438 4413 γὰρ
467 4344 648 4414 ἐπειδὴ
682 4343 895 4411 μείζους
925 4342 1033 4394 τῶν
1060 4340 1394 4411 μικροτέρων
1419 4338 1679 4409 ἀστέρων,
1714 4336 1796 4389 διὰ

1903 4334 2252 4389 luminarium
2272 4333 2660 4389 constitutione
2684 4348 2748 4387 ac
2760 4342 2951 4388 natura
2971 4335 3277 4403 magnitudo
3297 4352 3430 4407 appa
3444 4366 3469 4377 -

222 4436 383 4488 τοῦτο
417 4437 652 4505 μεγάλοι·
689 4434 803 4488 ἀλλ’
831 4431 1015 4501 ἐπειδὴ
1040 4431 1282 4483 τοσοῦτοι
1316 4432 1413 4501 τὴν
1430 4428 1794 4501 περιγραφὴν,

1907 4427 2028 4482 ret?
2047 4427 2158 4497 Ego
2175 4427 2424 4497 equidem
2450 4427 2528 4481 sic
2557 4426 2749 4481 sentio.
2778 4422 2894 4480 Non
2924 4424 3033 4497 59
3052 4429 3195 4483 enim
3215 4430 3336 4497 quia
3358 4431 3477 4485 haec

222 4531 365 4582 ὥστε
410 4529 657 4597 ἐξαρκεῖν
705 4528 803 4601 τὴν
856 4528 950 4581 ἀπ’
984 4525 1161 4580 αὐτῶν
1202 4526 1568 4596 ἀναχεομένην
1624 4524 1796 4595 αὐγὴν

1905 4520 2193 4575 luminaria
2228 4520 2429 4588 majora
2460 4526 2585 4571 sunt
2613 4518 2915 4573 minoribus
2945 4520 3135 4585 stellis,
3164 4521 3232 4575 ob
3266 4521 3316 4576 id
3354 4538 3474 4575 ma-

224 4623 320 4675 καὶ
347 4621 573 4692 οὔρανὸν
600 4622 959 4690 περιλάμπειν
992 4619 1085 4673 καὶ
1110 4617 1199 4670 τὸν
1227 4616 1385 4688 ἀέρα,
1413 4618 1507 4671 καὶ
1530 4614 1665 4687 ὁμοῦ
1694 4615 1797 4668 πά-

214 4731 297 4787 ,σῃ
336 4718 400 4786 τῇ
436 4717 503 4785 γῇ
535 4713 628 4766 καὶ
663 4716 729 4784 τῇ
760 4713 1004 4783 θαλάσσῃ
1038 4709 1621 4782 συμπαρεκτείνεσθαι.
1650 4711 1716 4762 Οἵ
1733 4724 1795 4776 γε

224 4809 368 4877 κατά
395 4811 497 4861 πᾶν
531 4808 694 4878 μέρος
730 4805 825 4857 τοῦ
864 4804 1093 4877 οὐρανοῦ
1124 4804 1417 4874 γινόμενοι,
1454 4803 1547 4855 καὶ
1571 4803 1795 4856 ανατέλ-

222 4902 409 4963 λοντες
464 4902 556 4953 καὶ
589 4900 835 4970 δυόμενοι
882 4898 973 4951 καὶ
1010 4895 1072 4948 τὸ
1126 4898 1287 4966 μέσον
1333 4895 1635 4965 ἐπέχοντες,
1693 4894 1795 4946 ἴσοι

223 4988 561 5060 πανταχόθεν
591 4994 701 5054 τοῖς
740 4989 1047 5060 ἀνθρώποις
1085 4989 1491 5058 προφαίνονται,
1514 4986 1647 5057 ὅπερ
1671 4986 1800 5037 ἀπό-

292 5177 360 5208 "‘
400 5173 543 5232 Psal.
569 5190 763 5243 cxxxv,
788 5176 841 5240 8,
870 5175 923 5231 9.
1000 5177 1041 5207 ⁸⁷
1082 5175 1213 5232 Gen.
1258 5190 1294 5237 ι,
1328 5176 1411 5229 i6.

292 5314 410 5386 (Π)
450 5316 581 5379 Reg.
623 5324 805 5370 sextus
830 5315 1090 5368 ποταπῶν
1123 5312 1617 5383 ἀποτελεσματικὴ.

297 5384 412 5455 (48)
453 5387 563 5441 Τοῦ
578 5387 850 5457 πνίγους.
886 5387 951 5457 Et
983 5388 1069 5439 hic
1094 5389 1144 5439 in
1182 5386 1427 5457 margine
1460 5386 1608 5457 llcgij
1637 5384 1795 5457 primi

220 5457 573 5511 inveniuntur
604 5455 713 5520 illa,
743 5455 835 5509 τοῦ
863 5456 1087 5525 πνίγους
1113 5455 1206 5509 τοῦ
1237 5455 1533 5525 καύματος.
1567 5455 1797 5521 Πνιγεὺς

220 5528 335 5596 γάρ
360 5528 388 5579 6
412 5525 682 5590 κλίϐανος.
728 5524 1004 5581 Ἐντεῦθεν
1043 5527 1138 5580 καὶ
1181 5524 1523 5594 πεπνιγμένη
1560 5528 1729 5596 ὅρνις,
1760 5527 1790 5592 ἡ

220 5595 281 5654 ἐν
309 5595 549 5668 κλιϐάνῳ
581 5596 907 5669 ὀπτηθεῖσαᾷ
929 5599 1178 5666 Πνίγους,
1234 5600 1281 5649 id
1312 5608 1411 5652 est.
1444 5595 1792 5669 (valitsttyum

223 5669 464 5725 clibanus
487 5666 562 5722 est
590 5666 823 5737 pnigeus.
859 5667 994 5722 Hinc
1023 5671 1175 5723 etiam
1198 5671 1328 5731 auis,
1355 5683 1468 5738 qua:
1497 5666 1547 5716 in
1584 5666 1788 5716 clibano

221 5750 361 5794 tosta
384 5749 480 5797 est.
514 5751 761 5792 tt'stuaue
785 5740 998 5792 dicitur.

294 5812 405 5881 (ίθ)
439 5811 535 5877 Ὧς
559 5808 804 5877 Ἐϐραῖοί
826 5811 882 5860 rr"
908 5819 987 5863 rm
1010 5812 1506 5881 lacirlegenMas
1540 5805 1713 5859 [Νυκτεῖ
1741 5818 1789 5859 ct

1904 4629 2007 4682 gna
2034 4623 2195 4667 sunt:
2228 4611 2322 4664 sed
2348 4610 2473 4679 quia
2506 4619 2712 4665 tantum
2740 4610 2937 4665 habent
2965 4613 3247 4677 ambitum,
3282 4623 3341 4666 ut
3368 4614 3473 4669 dif.

1908 4706 2056 4758 fusus
2080 4702 2147 4756 ab
2178 4702 2306 4772 ipsis
2335 4702 2589 4772 splendor
2618 4700 2752 4756 caelo
2776 4710 2831 4755 ct
2861 4702 2975 4756 aeri
3002 4701 3317 4757 illnstrando
3341 4706 3476 4760 satis

1904 4796 1995 4861 sit,
2038 4810 2205 4865 seque
2244 4794 2404 4850 simul
2433 4794 2499 4847 ad
2539 4808 2753 4847 omnem
2787 4802 2985 4849 terram
3026 4806 3079 4849 et
3111 4810 3257 4849 mare
3289 4806 3475 4852 exten-

1903 4891 2015 4943 dat.
2041 4889 2171 4955 Qua:
2198 4902 2328 4942 sane
2352 4887 2404 4941 in
2428 4901 2751 4956 quacunque
2772 4886 2892 4940 οωιὶ
2918 4896 3070 4955 parte
3101 4888 3321 4953 fuerint,
3349 4892 3474 4943 dum

1909 4996 1963 5041 et
1992 4984 2265 5046 oriuntur,
2302 4991 2357 5035 ct
2388 4979 2662 5045 occidunt,
2707 4986 2759 5032 et
2799 4979 3033 5034 medium
3060 4989 3346 5050 occupant,
3377 4997 3476 5037 un-

1902 5308 2125 5364 Morelli.

1969 5379 2082 5449 (50)
2118 5378 2190 5431 lla
2222 5375 2373 5449 Regii
2400 5371 3375 5449 quintusetsexttts._Abfst__tteyﬂq
3409 5372 3476 5425 ah

1898 5443 2142 5504 editis'et
2164 5463 2193 5499 a
2225 5443 2569 5501 multismss.
2602 5445 2802 5498 Ibidem
2834 5444 3001 5497 editio
3028 5443 3193 5499 Basil.
3220 5458 3342 5498 cum
3379 5456 3471 5496 sex

1900 5536 2027 5576 mss.
2059 5517 2125 5571 τὰ
2156 5518 2233 5571 δέ.
2270 5516 2446 5571 Editio
2476 5517 2646 5569 Paris.
2671 5516 2731 5567 τὸ
2748 5516 2824 5567 δέ.
2853 5512 3046 5567 Statim
3075 5528 3206 5568 mss.
3234 5514 3477 5583 plerique

1898 5604 2085 5643 omnes
2118 5590 2150 5658 6
2173 5588 2299 5658 βοῦς
2331 5586 2522 5658 μέγας.
2561 5586 2697 5640 Edili
2729 5585 2853 5655 βοῦς
2944 5586 3134 5658 μέγ-ας.

1970 5659 2080 5731 (Si)
2117 5654 2578 5731 poclices‘aliquot
2608 5654 2744 5731 Δ(τυιιι
2765 5654 2951 5731 _edil_is'
2981 5654 3318 5731 πῶς-τοίνυν.
3340 5654 3473 5731 pun

1901 5722 2029 5785 ms‘s.
2061 5722 2177 5792 πῶς
2200 5730 2311 5783 νῦν.
2344 5722 2826 5796 [ζοςξιιετιίιιείπῶς
2848 5724 2937 5780 οὖν
2960 5726 3074 5779 νῦν.
3108 5725 3302 5780 Ibidem
3337 5722 3468 5793 ιιι-ς.

1901 5812 2082 5858 sextus
2109 5800 2314 5856 ἔννοιαν
2343 5797 2709 5869 ἐκληψόμεθα.
