4100 6312
627 271 732 330 159

1964 279 2020 336 8.
2067 282 2310 336 BASILII
2352 283 2563 337 MAG.“

3781 287 3899 342 150

625 397 787 464 dique
824 395 890 447 ab
922 394 1230 450 hominibus
1261 396 1488 464 aequalia
1523 399 1947 469 conspiciuntur,
1973 403 2025 454 id
2053 403 2190 470 quod

2298 405 2460 467 δειζιν
2489 403 2598 471 ἔχει
2637 403 2778 473 σαφῆ
2821 404 2916 471 τῆς
2963 401 3055 456 τοῦ
3098 404 3354 472 μεγέθους
3392 406 3740 474 περιουσίας,
3806 403 3897 472 τῷ

628 492 945 542 immensam
995 502 1183 542 eorum
1234 488 1654 557 magnitudinem
1706 502 1890 561 aperte
1929 494 2188 558 ostendit,

625 579 1064 648 quandoquidem
1095 591 1250 633 terra:
1273 580 1499 634 latitudo
1529 583 1661 636 nihil
1683 584 1910 649 confert,
1947 599 2054 653 quo
2079 585 2190 652 ipsa

626 683 718 724 aut
746 673 946 741 majora
978 684 1072 727 aut
1097 673 1305 727 minora
1329 673 1631 728 videantur.
1659 673 1790 728 Nam
1817 690 1878 731 ea
1899 691 2016 745 qua:
2038 676 2192 746 longe

625 765 848 831 distant,
887 766 1099 819 minora
1125 765 1523 834 quodammodo
1553 767 1826 822 cernimus
1857 785 1870 820 :
1901 770 1964 823 ad
1995 785 2113 836 quae
2145 771 2188 822 si

626 859 846 925 propius
875 857 1206 920 accedimus,
1239 859 1434 912 melius
1466 872 1653 911 eorum
1685 859 2046 928 comperimus
2075 876 2187 914 ma-

627 948 990 1018 gnitudiuem.
1027 951 1095 1003 At
1143 949 1242 1003 soli
1281 950 1631 1020 propinquior
1678 960 1762 1004 est
1801 964 1979 1016 nemo,
2021 950 2088 1004 ab
2127 968 2192 1007 eo

626 1054 788 1095 nemo
820 1042 1077 1095 remotior
1102 1051 1120 1095 :
1143 1041 1239 1096 sed
1270 1055 1336 1095 ex
1366 1041 1560 1109 aequali
1592 1041 1876 1097 intervallo
1909 1042 2192 1111 quibusvis

623 1145 997 1200 quamcunque
1062 1132 1299 1186 volueris
1361 1140 1520 1186 terra:
1572 1143 1776 1201 partem
1827 1134 2193 1188 habitantibus

622 1225 840 1279 obvium
889 1241 946 1279 se
984 1224 1167 1280 offert.
1207 1228 1542 1295 Argumento
1575 1226 1628 1280 id
1663 1227 1849 1293 fuerit,
1883 1228 2029 1296 quod
2078 1226 2191 1281 lndi

619 1319 768 1387 juxta
798 1333 861 1373 ac
886 1317 1131 1373 Britanni
1155 1320 1330 1389 ipsum
1353 1320 1612 1388 aequalem
1631 1330 1974 1376 contuentur.
2006 1321 2193 1390 Neque

623 1408 767 1461 enim
795 1408 896 1473 sol,
921 1410 1048 1462 dum
1072 1409 1294 1472 occidit,
1325 1408 1748 1478 magnitudinem
1766 1425 1917 1464 suam
1947 1425 2075 1480 erga
2101 1427 2192 1466 eos

625 1502 715 1569 qui
753 1503 1047 1555 orientales
1085 1501 1334 1571 regiones
1371 1500 1633 1569 incolunt,
1667 1501 1934 1557 imminuit
1971 1522 1983 1556 :
2018 1519 2192 1572 neque

626 1590 805 1642 oriens
858 1590 1154 1644 occidentis
1204 1591 1598 1646 habitatoribus
1646 1593 1820 1648 minor
1854 1605 2133 1663 comparet
2173 1611 2188 1648 :

625 1698 800 1752 neque
830 1699 954 1738 vero
981 1699 1100 1738 cum
1137 1685 1370 1739 medium
1407 1685 1605 1741 cmlum
1634 1688 1891 1757 attingit,
1929 1689 1980 1740 in
2028 1689 2191 1741 alter-

2299 491 2465 562 μηδὲν
2512 493 2692 553 αὐτοῖς
2717 492 3096 562 ἑπισημαίνειν
3129 491 3188 545 τὸ
3227 493 3421 556 πλάτος
3447 494 3545 562 τῆς
3589 496 3694 563 γῆς
3737 494 3891 562 πῷς

2292 585 2353 636 τὸ
2387 584 2637 654 μείζονας
2682 583 2853 636 δοκεῖν
2897 584 2928 654 ἢ
2983 584 3268 647 ἐλάττονας
3299 581 3453 638 εἶναι.
3495 586 3572 637 Τά
3615 586 3722 655 μὲν
3767 585 3894 654 γὰρ

2296 673 2575 745 πόρρωθεν
2591 675 2874 744 ἀφεστῶτα
2905 675 3198 746 μικρότερά
3218 694 3333 736 πως
3352 677 3577 746 ὁρῶμεν·
3609 673 3688 739 οἷς
3724 675 3778 726 δ’
3818 675 3894 727 ἂν

2299 767 2494 837 μᾶλλον
2534 766 2859 835 ὲγγίσωμεν,
2903 767 3098 837 μᾶλλον
3139 766 3315 820 αὐτῶν
3353 768 3413 820 τὸ
3453 768 3674 837 μέγεθος
3704 769 3886 833 ἐξευ-

2299 859 2572 928 ρίσκομεν.
2609 857 2698 927 Τῷ
2727 858 2783 910 δὲ
2809 857 2940 928 ἡλίῳ
2961 858 3132 922 οὐδείς
3161 861 3308 912 ἐστιν
3341 860 3613 930 ἐγγυτέρω
3633 861 3734 912 καὶ
3777 859 3884 910 οὐ·

2292 948 2401 1011 δεῖς
2429 951 2778 1022 πορρωτέρω,
2808 950 2942 1004 ἀλλά
2967 952 3057 1003 ἀπ’
3099 950 3210 1003 ίσου
3238 951 3330 1003 τοῦ
3355 951 3712 1020 διαστήματος
3751 952 3887 1012 τοῖς

2293 1042 2435 1094 κατά
2460 1045 2568 1095 πᾶν
2605 1043 2770 1113 μέρος
2805 1043 2900 1113 τῆς
2929 1044 3031 1112 γῆς
3056 1042 3482 1113 κατῳκισμένας
3509 1042 3827 1111 προσϐάλλε
3839 1059 3881 1094 ι.

2297 1133 2529 1202 Σημεῖον
2555 1133 2632 1197 δὲ,
2667 1136 2746 1186 ὅτι
2773 1133 2868 1186 καὶ
2894 1133 3042 1186 Ἰνδοὶ
3077 1134 3168 1186 καὶ
3195 1133 3480 1204 Βρεττανοὶ
3506 1132 3592 1184 τὸν
3610 1133 3722 1184 ἴσον
3746 1133 3881 1200 (5-3)

2298 1224 2599 1294 βλέπουσιν.
2630 1227 2764 1280 Οῧτε
2808 1226 2916 1298 γὰρ
2940 1230 3050 1290 τοῖς
3079 1228 3176 1296 τὴν
3201 1226 3338 1295 ἑῴαν
3364 1228 3566 1279 οἰκοῦσι
3592 1227 3881 1278 καταδυό-

2298 1333 2454 1386 μενος
2482 1318 2573 1369 τοῦ
2605 1318 2865 1386 μεγέθους
2911 1319 3151 1388 ὑφίησιν,
3187 1317 3308 1371 οὔτε
3335 1322 3444 1380 τοῖς
3476 1318 3606 1388 πρὸς
3627 1317 3881 1386 δασμαῖς

2294 1409 2721 1478 κατῳκισμένοις
2774 1409 3075 1463 ἀνατέλλων
3125 1410 3358 1464 ἐλάττων
3416 1410 3678 1477 φαίνεται·
3732 1405 3883 1460 οὔτε

2298 1503 2402 1572 μὴν
2433 1505 2489 1553 ὲν
2520 1501 2597 1571 τῷ
2631 1503 3068 1572 μεσουρανήματι
3095 1503 3394 1573 γινόμενος,
3427 1503 3523 1571 τῆς
3552 1504 3632 1569 ἐφ’
3664 1500 3882 1553 ἑκάτε-

2295 1610 2363 1663 ρα
2401 1593 2508 1662 (55)
2539 1593 2714 1662 ὅψεως
2745 1591 3128 1662 παραλλάττει.
3322 1594 3641 1659 ἐξαπατάτω
3699 1609 3761 1644 σε
3813 1590 3886 1642 τὸ

2294 1684 2630 1754 φαινόμενον·
2679 1683 2798 1754 μηδ’
2822 1684 2904 1735 ὁτι
2935 1686 3197 1754 πηχυαῖος
3231 1687 3339 1745 τοῖς
3370 1684 3533 1752 ὁρῶσι
3577 1684 3743 1745 δοκεῖ,
3780 1700 3886 1734 το-

623 1785 795 1830 utram
824 1785 1031 1845 partem
1065 1779 1318 1831 immutat
1357 1790 1652 1846 aspectum.
1689 1779 1831 1834 Cave
1862 1789 1914 1835 le
1962 1781 2191 1849 decipiat

2298 1778 2482 1830 σοῦτον
2523 1779 2685 1832 αὑτὸν
2713 1791 2852 1830 ειναι
2882 1777 3089 1846 λογίση.
3129 1776 3499 1846 Συναιρεῖσθαι
3544 1777 3651 1846 γάρ
3690 1777 3884 1843 πέφυ-

622 1869 834 1936 species
866 1869 1031 1932 solis;
1063 1883 1237 1936 neque
1265 1869 1390 1937 quia
1422 1870 1672 1925 cubitalis
1695 1872 2047 1926 cernentibus
2072 1885 2192 1926 esse

625 1957 853 2022 videtur,
887 1957 1024 2010 hanc
1053 1957 1150 2027 ipsi
1188 1958 1366 2012 inesse
1392 1961 1818 2030 magnitudinem
1848 1972 2022 2031 putes.
2057 1962 2193 2016 Cou-

624 2048 761 2101 tralii
812 2063 1043 2117 namque
1098 2049 1150 2102 iu
1199 2050 1449 2104 maximis
1484 2052 1763 2106 distantiis
1818 2052 1955 2106 solet
2002 2067 2189 2107 eorum

623 2120 740 2207 quia:
770 2150 1064 2192 cernuntur
1093 2141 1426 2209 magnitudo,
1456 2143 1675 2209 quando
1716 2144 1934 2212 quidem
1968 2145 2047 2197 vis
2076 2144 2190 2212 ipsa

620 2230 877 2284 cernendi
909 2246 1014 2283 nou
1047 2243 1220 2298 potest
1244 2230 1358 2284 loca
1392 2232 1706 2300 interposita
1734 2245 2015 2301 penetrare
2047 2254 2062 2290 :
2096 2236 2189 2289 sed

621 2321 769 2375 velut
791 2321 844 2374 in
867 2323 1039 2375 medio
1065 2322 1239 2389 Spatio
1259 2323 1582 2387 absumitur,
1609 2333 1698 2374 aut
1725 2339 1885 2389 parva
1912 2325 1993 2377 sui
2025 2325 2192 2392 ipsius

623 2419 798 2480 parte,
845 2426 904 2464 ea
939 2426 1058 2480 quae
1105 2413 1514 2481 conspiciuntur
1559 2414 1799 2482 attingit.
1846 2413 1979 2466 Cum
2030 2415 2192 2482 igitur

625 2505 770 2558 visus
798 2512 980 2557 uoster
1003 2519 1201 2574 parvus
1229 2505 1306 2566 fit,
1333 2514 1443 2558 tum
1479 2506 1530 2558 in
1567 2521 1725 2560 causa
1752 2515 1834 2561 est
1857 2521 1953 2560 cur
1977 2521 2040 2559 ea
2066 2521 2185 2573 quze

622 2597 978 2666 aspiciuntur,
1009 2609 1327 2666 reputentur
1357 2614 1544 2668 parva.
1578 2615 1673 2652 sua
1707 2600 1874 2668 ipsius
1905 2598 2194 2654 affectione

623 2692 676 2743 iu
712 2706 796 2746 res
827 2699 1145 2761 conspectas
1178 2692 1458 2746 translata.
1491 2692 1689 2759 Quare,
1725 2695 1768 2748 si
1795 2693 2002 2746 fallitur
2021 2694 2189 2756 visus,

625 2783 758 2837 fides
789 2783 1161 2852 nullajudicio
1206 2785 1346 2839 illius
1384 2796 1467 2840 est
1513 2786 1838 2840 adhibenda.
1883 2785 2191 2840 Memineris

624 2893 788 2945 porro
819 2889 1030 2931 tuorum
1072 2878 1237 2945 ipsius
1274 2877 1586 2941 alfeetuum,
1619 2889 1671 2933 et
1708 2897 1734 2930 a
1783 2890 1832 2931 te
1868 2880 1982 2946 ipso
2005 2893 2189 2932 eorum

624 2985 744 3033 qua:
775 2970 1035 3023 dicuntur
1078 2966 1302 3023 habebis
1327 2980 1702 3038 argumentum
1727 2980 1889 3038 atque
1917 2969 2190 3037 probatio-

626 3076 768 3113 nem.
812 3061 868 3113 Si
913 3077 1145 3130 unquam
1188 3076 1257 3116 ex
1304 3063 1480 3132 magni
1517 3062 1712 3116 montis
1738 3061 2019 3115 cacumine
2047 3076 2192 3115 cam-

630 3165 752 3216 pum
782 3150 1048 3218 ingentem
1075 3151 1234 3204 simul
1261 3162 1314 3204 et
1337 3154 1585 3219 supinum
1611 3153 1960 3222 conspexisti,
1991 3164 2190 3221 quanta

632 3240 724 3293 tibi
781 3240 892 3292 visa
947 3249 1073 3294 sunt
1127 3241 1285 3294 boum
1343 3238 1514 3308 juga?
1577 3243 1760 3310 quanti
1821 3252 1874 3295 et
1926 3243 2024 3311 ipsi
2074 3258 2195 3295 ara-

632 3334 816 3387 tores?
841 3336 1032 3387 Annon
1063 3334 1351 3402 quamdam
1385 3331 1737 3387 formicarum
1771 3333 2058 3402 imaginem
2103 3333 2195 3386 tibi

628 3435 1084 3495 repraesentaruut
1102 3427 1125 3479 ?
1145 3426 1201 3480 Si
1226 3441 1355 3481 vero
1379 3435 1434 3481 et
1464 3444 1491 3478 a
1517 3426 1734 3494 specula
1768 3427 1833 3478 ad
1867 3436 2076 3480 vastum
2103 3441 2196 3494 pe-

629 3518 782 3587 lagus
827 3532 1091 3570 conversa
1131 3518 1319 3571 oculos
1354 3519 1407 3571 in
1455 3534 1602 3571 mare
1648 3518 1949 3586 conjecisti,
1984 3528 2197 3587 quanta:

631 3607 727 3663 tibi
776 3607 907 3661 visae
945 3617 1071 3660 sunt
1111 3605 1296 3660 insulae
1329 3608 1614 3660 maximae?
1645 3619 1842 3674 quanta
1876 3624 2060 3661 rursus
2103 3609 2194 3661 tibi

631 3700 887 3770 apparuit
919 3714 1021 3752 una
1071 3698 1225 3752 navis
1266 3698 1518 3751 oneraria
1563 3707 1614 3749 et
1664 3698 2017 3766 prmgraudis,
2067 3697 2199 3751 albis

629 3794 764 3848 velis
802 3808 963 3862 super
990 3793 1275 3848 caeruleum
1311 3807 1460 3845 mare
1497 3789 1751 3844 invecta?
1786 3789 1971 3844 Nonne
2000 3790 2192 3857 imagi-

631 3902 755 3940 nem
790 3886 882 3938 tibi
914 3887 1159 3940 exhibuit
1183 3887 1373 3955 quavis
1407 3885 1657 3940 columba
1687 3884 1991 3939 minorem?
2028 3883 2161 3950 Quia
2183 3926 2196 3950 ,

634 3993 691 4033 ut
719 3979 827 4033 dixi
853 4021 866 4044 ,
898 3980 1043 4035 visus
1072 3980 1123 4035 in
1155 3996 1279 4035 aere
1320 3991 1701 4048 consumptus,
1747 3978 1902 4034 exilis
1927 3981 2162 4035 evadens
2183 4022 2196 4043 ,

635 4090 721 4129 res
752 4075 924 4129 oculis
954 4073 1220 4139 subjeetas
1264 4083 1517 4130 accurate
1548 4072 1952 4140 apprehendere
1993 4075 2196 4140 nequit.

632 4167 770 4230 Quin
803 4175 855 4220 et
889 4175 1140 4234 aSpectus
1183 4163 1449 4218 maximos
1482 4172 1690 4218 montes
1743 4163 2023 4231 profundis
2053 4165 2202 4217 valli-

633 4261 734 4313 bus
768 4259 1026 4326 abruptos
1047 4303 1061 4324 ,
1094 4258 1355 4312 rotundos
1386 4266 1439 4310 et
1485 4256 1628 4310 leves
1662 4269 1782 4310 esse
1812 4255 2015 4323 judicat
2037 4297 2051 4320 ,
2079 4272 2200 4312 eum

635 4351 705 4400 sil
734 4350 799 4400 ad
831 4349 975 4401 solas
1000 4349 1324 4402 eminentius
1353 4347 1613 4410 iulentus,
1647 4362 1745 4401 nec
1770 4361 2005 4401 concava
2041 4348 2203 4400 inter-

635 4441 807 4495 tueilia
859 4452 1077 4510 propter
1125 4440 1552 4494 imbecillitatem
1605 4441 1813 4506 ingredi
1869 4450 2052 4509 queat.
2109 4439 2199 4494 Sic

2294 1887 2386 1921 κεν
2425 1873 2482 1922 ἐν
2511 1874 2620 1932 τοῖς
2667 1870 2940 1940 μεγίστοις
2989 1869 3318 1940 διαστήμασι
3368 1867 3436 1920 τὰ
3495 1869 3695 1938 μεγέθη
3755 1869 3882 1920 τῶν

2293 1961 2600 2030 ὁρωμένων,
2631 1963 2729 2032 τῆς
2760 1961 3021 2032 ὁρατικῆς
3073 1961 3352 2030 δυνάμεως
3405 1960 3503 2011 οὐκ
3549 1960 3883 2027 ἐξικνουμέ-

2294 2067 2389 2118 νης
2419 2051 2526 2119 (Si)
2557 2052 2646 2103 τὸν
2680 2051 2877 2120 μεταξὺ
2907 2053 3066 2106 τόπον
3111 2053 3389 2122 διαπερᾷν,
3425 2051 3535 2106 ἀλλ’
3579 2051 3743 2104 οἱονεὶ
3782 2054 3878 2104 ὲν-

2292 2144 2687 2215 ὃαπανωμένης
2715 2145 2792 2215 τῷ
2825 2147 2990 2215 μέσῳ,
3019 2146 3114 2197 καὶ
3144 2146 3261 2198 κατ’
3288 2145 3464 2213 ὀλίγον
3499 2144 3666 2214 αὐτῆς
3697 2144 3878 2215 μέρος

2294 2236 2732 2308 προσϐαλλούσης
2762 2240 2871 2298 τοῖς
2899 2237 3131 2306 ὁρατοῖς.
3164 2236 3348 2306 Μικρά
3375 2232 3466 2289 οὖν
3492 2237 3523 2307 ἡ
3547 2236 3667 2303 ὁφις
3703 2233 3878 2304 ἡμῶν

2293 2330 2575 2400 γινομένη,
2611 2330 2782 2400 μικρά
2811 2328 3029 2398 ἐποίησε
3055 2326 3368 2398 νομίζεσθαι
3397 2329 3462 2380 τὰ.
3500 2327 3773 2397 ὁρώμενα,
3809 2326 3882 2379 τὸ

2295 2422 2491 2472 οἰκεῖον
2524 2420 2695 2482 πάθος
2731 2423 2841 2482 τοῖς
2856 2421 3068 2490 ὁρατοῖς
3093 2423 3441 2493 ἐπιφέρουσα.
3477 2421 3635 2473 Ὥστε
3661 2424 3710 2473 εἰ
3735 2420 3877 2490 qusi-

2294 2507 2442 2560 δεται
2478 2507 2589 2575 (55)
2626 2511 2658 2577 ἡ
2693 2509 2831 2576 διᾲις,
2876 2509 3100 2563 ἄπιστον
3135 2511 3195 2564 τὸ
3233 2514 3528 2584 κριτήριον.
3595 2512 3876 2582 Ὑπομνή-

2295 2598 2526 2668 σθητιδὲ
2545 2598 2653 2649 τῶν
2676 2598 2887 2651 οἰκείων
2919 2599 3124 2663 παθῶν,
3161 2603 3252 2654 καὶ
3285 2603 3431 2672 παρὰ
3465 2603 3691 2655 σεαυτοὺ
3724 2601 3873 2666 ἕξεις

2292 2688 2401 2742 τῶν
2432 2688 2738 2758 λεγομένων
2771 2688 2869 2756 τὴν
2915 2689 3114 2741 πίστιν.
3149 2692 3212 2742 Εἴ
3240 2709 3364 2742 ποτε
3403 2694 3508 2744 ἀπὸ
3552 2694 3872 2765 ἀκρωρείας

2298 2781 2535 2851 μεγάλης
2569 2780 2746 2833 πεδίον
2780 2778 2917 2843 εἶδες
2943 2779 3074 2832 πολὺ
3123 2797 3182 2832 τε
3211 2781 3301 2832 καὶ
3333 2780 3540 2843 ὕπτιον,
3569 2783 3732 2850 ἡλίκα
3767 2786 3871 2852 μέν

2295 2889 2375 2925 σοι
2396 2873 2502 2925 τῶν
2539 2872 2672 2942 βοῶν
2707 2871 2818 2940 (56)
2850 2870 3123 2942 κατεφάνη
3163 2872 3230 2924 τὰ
3257 2870 3454 2940 ζεύγῃ
3499 2872 3717 2940 πηλίκοι
3741 2873 3794 2922 δὲ
3819 2875 3869 2924 οἱ

2297 2968 2559 3038 ἀροτῆρες
2587 2965 2767 3029 αὑτοίὶ
2795 2966 2855 3018 Εἰ
2890 2965 2962 3035 μὴ
2991 2966 3293 3035 μυρμήκων
3322 2964 3442 3016 τινά
3473 2981 3551 3015 σοι
3594 2964 3871 3033 παρέσχον

2297 3061 2623 3130 φαντασίαν;
2652 3060 2713 3112 Εἰ
2747 3059 2802 3111 δὲ
2843 3061 2932 3110 καὶ
2959 3059 3065 3110 ἀπὸ
3094 3060 3319 3121 σκοπιᾶς
3344 3058 3434 3109 ἐπὶ
3457 3056 3597 3126 μέγα
3631 3057 3873 3121 πέλα-ξπ

2294 3155 2676 3226 τετραμμένης
2713 3155 2777 3222 τῇ
2810 3151 3049 3222 θαλάσσῃ
3075 3151 3173 3214 τὰς
3189 3151 3338 3220 ὅψεις
3366 3150 3650 3214 ἐπέϐαλες,
3680 3150 3870 3220 ἡλίκαι

2301 3251 2395 3316 μέν
2429 3267 2507 3301 σοι
2524 3247 2706 3310 ἔδοξαν
2729 3243 2865 3301 εἶναι
2897 3246 3000 3299 τῶν
3032 3248 3204 3316 νήσων
3227 3249 3279 3299 al
3317 3247 3565 3317 μέγισται
3592 3246 3736 3312 (57);
3764 3262 3868 3314 πη-

2297 3340 2418 3408 λίκη
2453 3341 2508 3391 δέ
2543 3357 2624 3392 σοι
2659 3340 2932 3410 κατεφάνη
2981 3340 3077 3410 μία
3101 3339 3206 3392 τῶν
3246 3339 3586 3410 μυριοιεὸρων
3628 3339 3872 3392 ὁλκάδων

2298 3429 2506 3493 λευκοῖς
2550 3431 2733 3492 ἱστίοις
2763 3431 2899 3498 ὑπὲρ
2944 3431 3144 3500 κυανῆς
3193 3430 3522 3500 κομιζομένη
3559 3430 3868 3498 θαλάσσης;

2301 3525 2360 3577 Ei
2385 3525 2458 3594 μὴ
2477 3524 2651 3592 πάσης
2665 3525 2987 3592 περιστερᾶς
3004 3524 3327 3593 μικροτέραν
3343 3541 3419 3576 σοι
3436 3524 3739 3593 παρέσχετο
3757 3522 3871 3591 (58)

2299 3615 2393 3686 τὴν
2415 3614 2741 3683 φαντασίαν;
2771 3611 2932 3675 Διότι,
2974 3612 3218 3682 καθάπερ
3256 3614 3409 3682 ἔφην,
3439 3615 3868 3685 ἐνὸαπανηθεῖσα

2300 3708 2376 3778 τῷ
2410 3709 2528 3779 ἀέρι
2561 3709 2592 3776 ἡ
2619 3706 2759 3775 ὄψις,
2795 3703 3035 3775 ἐξίτηλος
3059 3704 3336 3774 γινομένη,
3369 3705 3500 3774 πρὸς
3529 3707 3627 3772 τὴν
3662 3707 3869 3776 ἀκριεῆ

2304 3801 2600 3869 κατάληψιν
2629 3801 2735 3852 τῶν
2783 3800 3072 3870 ὁρωμένων
3100 3800 3198 3850 οὐκ
3225 3799 3464 3868 ἐξαρκεῖ.
3497 3797 3634 3866 ’Ἤδη
3667 3797 3723 3850 δέ
3767 3816 3870 3850 που

2304 3893 2396 3943 καὶ
2435 3889 2540 3943 τῶν
2595 3890 2734 3961 ὁρῶν
2776 3889 2845 3941 τά
2899 3889 3147 3959 μέγιστα,
3201 3889 3444 3958 βαθείαις
3475 3889 3746 3960 φάραγξιν
3776 3890 3868 3941 ἐκ-

2300 3983 2615 4052 τετμημένα
2640 3980 2772 4051 (59),
2802 3981 3070 4050 περιφερῆ
3093 3981 3186 4033 καὶ
3213 3981 3329 4032 λεῖα
3365 3983 3396 4050 ἡ
3421 3980 3540 4048 ὄψις
3557 3976 3694 4034 εἷναί
3717 3998 3868 4048 φησι,

2303 4077 2417 4134 ταῖς
2457 4072 2666 4141 ἐξοχαῖς
2714 4070 3122 4140 προσόάλλουσα
3156 4070 3360 4138 μόναις,
3401 4075 3516 4132 ταῖς
3552 4071 3607 4122 δὲ
3667 4072 3869 4138 μεταξὺ

2304 4163 2604 4231 κοιλότησιν
2632 4161 2863 4229 ὲμὸἧναι
2892 4159 2958 4210 δι’
2992 4161 3206 4212 ἀτονίαν
3242 4161 3315 4230 μὴ
3354 4159 3646 4228 δυναμένη.
3687 4161 3872 4221 Οὕτως

2303 4255 2422 4308 οὐδὲ
2470 4252 2537 4304 τά
2593 4252 2842 4322 σχήματα
2871 4251 2980 4303 τῶν
3021 4252 3282 4321 σωμάτων
3323 4250 3481 4303 ὁποῖά
3519 4252 3634 4303 ἐστι
3676 4247 3870 4301 διασώο

2305 4347 2385 4410 ζει
2419 4345 2550 4412 (ϋο)
2583 4342 2716 4396 ἀλλά
2747 4345 3060 4415 περιφερεῖς
3083 4341 3252 4395 οἴεται
3280 4337 3416 4396 εἶναι
3444 4342 3568 4405 τοὺς
3593 4340 3868 4412 τετραγώ-

2305 4457 2425 4500 νους
2459 4437 2562 4487 τῶν
2596 4433 2838 4504 πύργων.
2881 4435 3043 4487 Ὥστε
3090 4434 3419 4504 πανταχόθεν
3467 4434 3645 4504 δῆλον,
3688 4434 3769 4485 ὅτι
3814 4433 3869 4484 ἐν

634 4549 806 4603 neque
857 4548 1143 4601 conporum
1191 4531 1394 4602 ﬁguras
1433 4533 1620 4600 quales
1665 4542 1792 4586 sunt
1836 4542 2054 4587 servat:
2106 4532 2193 4585 sed

2304 4534 2420 4593 ταῖς
2453 4527 2737 4599 μεγίσταις
2770 4528 3134 4581 ἀποστάσεσιν
3163 4525 3261 4578 οὑκ
3281 4525 3560 4596 ἔναρθρον.
3586 4525 3718 4576 ἀλλὰ
3745 4541 3869 4591 συγ-

632 4627 1029 4694 quadrangnlas
1056 4638 1228 4680 turres
1260 4635 1454 4681 teretes
1483 4640 1602 4678 esse
1628 4634 1797 4693 putat.
1829 4626 2003 4689 Quare
2025 4623 2188 4678 unde-

701 4806 812 4875 (52)
849 4805 987 4860 Editi
1037 4823 1157 4861 cum
1205 4806 1386 4874 Regiis
1425 4808 1594 4876 tertio
1620 4816 1675 4859 et
1721 4810 1910 4876 quinto
1938 4808 2030 4859 τὸν
2063 4805 2194 4858 ἴσον.

632 4880 784 4930 (ἰυιὺ.
813 4879 1079 4930 secundus
1107 4878 1198 4930 τὸν
1229 4877 1363 4946 ἡλίῳ
1407 4877 1538 4929 ἴσον.
1574 4875 1722 4944 Regii
1743 4875 1940 4932 sextus
1965 4888 2020 4931 et
2054 4889 2198 4930 octa-

634 4964 730 4998 ws
770 4949 830 4998 τὸ
854 4948 988 5009 ἴσον,
1029 4949 1316 5010 aequaliter,
1352 4951 1489 5001 b0ua
1525 4947 1697 5000 lectio.

702 5017 815 5086 (53)
869 5016 983 5084 Τῆς
1002 5017 1092 5086 ἐφ’
1124 5017 1393 5085 ἑκάτερα.
1451 5017 1654 5070 Rursus
1695 5018 1939 5071 librarius
1972 5019 2110 5070 idem
2134 5019 2198 5068 ad

634 5089 930 5156 marginem
959 5089 1197 5157 ejusdem
1236 5087 1383 5157 Regii
1419 5087 1573 5155 primi
1601 5090 1800 5141 codicis
1824 5088 1957 5156 πρός
1989 5104 2046 5138 τε
2077 5088 2204 5138 ἀνα-

643 5157 800 5227 τολὴν
833 5159 926 5210 καὶ
967 5160 1101 5229 πρὸς
1136 5156 1327 5222 δύσιν,
1371 5170 1477 5210 tum
1517 5159 1583 5208 ad
1622 5164 1889 5229 orientem,
1936 5173 2102 5229 quant
2136 5161 2202 5209 ml

635 5229 966 5299 occidentem.
1014 5227 1219 5284 'lb'tdem
1286 5243 1380 5282 sex
1437 5245 1564 5280 mss.
1623 5227 2002 5299 παραλλάττει.
2065 5227 2202 5282 Ιέᾱιιί

643 5295 954 5351 διαλλάττει.

707 5367 823 5437 (54)
854 5371 924 5422 Ita
956 5369 1118 5424 editio
1145 5370 1308 5423 Basil.
1338 5385 1458 5423 cum
1495 5383 1586 5420 sex
1641 5385 1768 5422 mss.
1803 5377 1854 5421 et
1884 5385 2003 5421 cum
2050 5366 2198 5421 Bodl.

643 5437 814 5511 Editio
845 5438 1012 5494 l’aris.
1045 5441 1144 5493 οὐκ
1188 5439 1614 5511 ὲξαρκούμένης.
1666 5439 1832 5495 Coisl.
1877 5443 2081 5509 primus
2122 5458 2201 5493 se-

645 5510 827 5581 cundis
865 5513 1009 5581 euris
1036 5513 1096 5564 οὐ
1130 5510 1553 5581 κατερχομένης.

707 5529 827 5562 nuis
865 5529 1009 5564 euris
1036 5529 1096 5564 ου
1130 5529 1256 5564 κατε
1299 5529 1553 5581 χομενης.

705 5579 817 5650 (55)
859 5580 1033 5634 Codex
1060 5529 1300 5637 CombeF.
1339 5598 1460 5636 cum
1491 5581 1608 5634 aliis
1639 5581 1872 5650 quinque
1904 5597 2032 5633 mss.
2063 5580 2200 5633 ὥστε

649 5647 905 5718 ledae-tat.
933 5651 1068 5704 l‘itliti
1095 5668 1217 5706 cum
1254 5653 1402 5707 Coll).
1431 5647 1669 5706 secundo
1688 5651 1825 5704 ὥστε
1855 5653 1901 5703 εἰ
1925 5652 2198 5720 ψεύδεται.

709 5720 817 5789 (56)
851 5722 923 5776 lta
961 5737 1049 5778 sex
1085 5740 1208 5777 mss.
1251 5723 1398 5788 lllud,
1432 5724 1538 5775 τῶν
1571 5721 1727 5790 βοῶν,
1775 5724 1918 5779 deest
1969 5726 2017 5777 in
2058 5735 2172 5778 utra

2293 4622 2595 4693 κεχυμένην
2617 4621 2723 4674 τῶν
2742 4621 3005 4691 σωμάτων
3029 4619 3290 4690 λαμϐάνει
3320 4618 3415 4689 τὴν
3457 4619 3568 4687 (fil)
3599 4619 3848 4670 εἰκασίαν

2308 4823 2410 4873 que
2432 4804 2665 4858 editione
2689 4802 2851 4856 Basil.
2876 4810 2929 4854 et
2955 4801 3126 4856 Paris.
3158 4801 3445 4868 Aliquanto
3472 4809 3589 4866 post
3613 4799 3718 4851 duo
3742 4815 3866 4851 mss.

2309 4877 2390 4927 σοὶ
2420 4874 2768 4944 παρέσχοντο.

2381 4940 2686 5013 (im-Codex
2712 4944 2950 4997 Combcf.
2971 4960 3090 4997 cum
3115 4942 3233 4994 aliis
3255 4941 3568 5013 tribusmss.
3595 4940 3864 5013 μέγισται.

2314 5018 2447 5069 l-Iditi
2473 5010 2594 5067 cum
2622 5015 2774 5067 Colb.
2798 5015 3035 5067 secundo
3063 5013 3308 5080 μέγιστα.
3358 5012 3552 5063 Ibidem
3585 5013 3748 5060 editio
3774 5010 3862 5060 l‘a-

2314 5090 2402 5139 ris.
2433 5086 2626 5155 τηλίκη
2664 5083 2739 5137 δέ.
2772 5085 2948 5139 Editio
2977 5093 3154 5155 nostra
3183 5081 3345 5155 Basil.
3384 5080 3608 5150 πηλίκη,
3645 5080 3777 5155 bene

2381 5152 2497 5226 (58)
2526 5152 2657 5223 Reg.
2699 5157 2899 5226 primus
2944 5153 3234 5226 παρέσχεν.
3285 5152 3391 5226 N_'ee
3423 5157 3503 5226 ita
3554 5152 3722 5226 multo
3755 5161 3862 5220 post

2310 5221 2551 5295 quinque
2571 5221 2960 5294 ιιιὶδζὲξίτηλος
2988 5221 3264 5294 γινομένη.
3296 5223 3432 5275 ΕεΙιιί
3456 5221 3740 5288 γενομένη.

2383 5299 2495 5366 (59)
2532 5294 2620 5348 Sic
2648 5297 2796 5365 Regii
2840 5297 3085 5366 primus,
3112 5297 3319 5356 tertius,
3351 5295 3568 5366 quintus
3601 5303 3652 5343 et
3688 5302 3858 5366 sentos

2311 5362 2431 5418 runt
2465 5362 2669 5420 duobus
2689 5362 3034 5420 (Jolbet'tittis.
3071 5365 3202 5432 Reg.
3231 5373 3450 5417 octavus
3474 5362 3854 5430 ἐντετμημένη.

2312 5439 2448 5490 ΙἋΙΜ
2487 5439 2632 5502 gravi
2685 5439 2875 5491 utendo
2928 5435 3320 5505 ὲκτετηγμένα,
3373 5432 3535 5484 l’aulo
3588 5445 3704 5502 post
3737 5434 3854 5498 Reg.

2307 5509 2522 5576 quintus
2545 5507 2750 5576 ἐξοχαῖς
2794 5506 3184 5575 προϐάλλουσα.

2379 5579 2485 5643 (liti)
2515 5571 2665 5630 Coll}:
2693 5571 2958 5632 secundus
2982 5581 3048 5648 τῇ
3083 5574 3328 5646 αἰσθήσει
3358 5571 3628 5638 διασώζει,
3658 5585 3858 5642 persen-

2307 5668 2416 5701 sum
2446 5651 2693 5701 observat.

2383 5720 2491 5787 (Μ)
2525 5720 2650 5771 (Lolli
2712 5720 2911 5787 [diuitis
2949 5720 3206 5787 mnam.
3238 5717 3345 5784 ἔχει
3377 5717 3491 5784 τήν·
