4100 6312
233 356 331 412 Hi

1329 346 1615 403 HOMILIA
1653 346 1721 402 Vl
1760 346 1825 404 IN
1868 346 2358 405 ΗΕΧΛΕΜΕΠΟΝ.

3381 346 3480 400 ME!

225 471 421 543 Μέγας
446 464 539 524 οὖν
577 471 605 522 ὁ
636 470 879 543 φωστὴρ,
911 467 1055 523 κατὰ
1081 468 1179 537 τὴν
1209 467 1307 538 τῆς
1354 468 1393 519 Γ
1400 466 1575 538 ραφῆς
1611 483 1802 538 μαρτυ-

1914 467 2043 521 libct
2073 474 2307 528 constat,
2340 466 2391 518 in
2422 465 2673 520 maximis
2704 462 3000 517 intervallis
3029 478 3133 517 non
3163 462 3481 533 pcrfecmm,

225 566 377 641 ρίαν,
412 563 505 616 καὶ
536 561 978 635 ἁπειροπλασίων
1007 559 1100 613 τοῦ
1125 561 1467 632 φαινομένου.

304 840 391 896 10.
423 840 656 896 Κάκεῖνο
710 840 766 893 δέ
814 855 895 891 σοι
948 838 1173 909 ἐναργὲς
1216 839 1356 907 ἔστω
1396 835 1491 887 τοῦ
1544 834 1803 905 μεγέθους

226 936 476 1003 σημεῖον.
527 934 791 1003 Ἀεπείρων
814 931 981 983 ὄντων
1004 930 1080 1002 τῷ
1102 932 1291 1002 πλήθει
1313 928 1419 980 τῶν
1436 928 1554 980 κατ’
1579 928 1802 999 οὐρανὸν

224 1028 495 1099 ἀστέρων,
530 1029 591 1081 τὸ
624 1026 754 1095 παρ’
808 1024 985 1077 αὐτῶν
1028 1022 1504 1097 συνερανιζόμενον
1548 1022 1662 1092 φῶς
1703 1024 1802 1075 οὐκ

224 1118 449 1189 ἐξαρκεῖ
477 1122 577 1190 τῆς
606 1116 797 1180 νυκτὸς
829 1116 926 1189 τὴν
968 1121 1272 1189 κατήφειαν
1318 1115 1583 1170 διαλῦσαι.
1627 1117 1801 1176 Μόνος

222 1210 281 1262 δὲ
312 1205 491 1275 οὗτος,
526 1209 859 1280 ὑπερφανεὶς
890 1211 982 1264 τοῦ
1034 1210 1327 1281 ὁρίζοντος,
1376 1208 1575 1278 μᾶλλον
1610 1208 1666 1260 δὲ
1723 1206 1798 1256 ἔτι

222 1306 320 1360 καὶ
373 1303 833 1377 προσδοκώμενος,
880 1306 1008 1376 πρὶν
1057 1304 1149 1356 καὶ
1197 1301 1484 1372 ὑπερσχεῖν
1519 1299 1629 1370 (6⁵2)
1663 1296 1799 1355 ὅλως

221 1397 323 1465 τῆς
355 1396 479 1464 γῆς,
512 1396 737 1465 ἠφάνισε
776 1399 872 1467 μὲν
897 1396 957 1448 τὺ
988 1394 1196 1458 σκότος,
1229 1394 1576 1466 ὑπερηύγασε
1597 1390 1655 1444 δὲ
1672 1391 1799 1453 τοὺς

221 1485 484 1555 ἀστέρας,
519 1488 611 1540 καὶ
664 1487 951 1558 πεπηγότα
1000 1485 1135 1547 τέως
1181 1484 1273 1538 καὶ
1318 1480 1798 1556 συμπεπιλημένον

220 1578 315 1629 τὸν
348 1578 474 1649 περὶ
500 1580 603 1651 γῆν
644 1580 781 1651 ἀέρα
827 1576 1088 1647 κατέτηξε
1120 1578 1212 1631 καὶ
1239 1579 1466 1648 διέχεεν.
1505 1573 1666 1627 Ὅθεν
1705 1577 1798 1629 καὶ

220 1669 421 1742 ἄνεμοι
472 1674 682 1725 ἐωθινοὶ
724 1674 815 1726 καὶ
841 1670 1016 1741 δρόσοι
1058 1671 1113 1722 ὲν
1146 1670 1331 1740 αἰθρίᾳ
1351 1669 1449 1737 τὴν
1480 1669 1581 1736 γῆν
1604 1671 1798 1738 περιρ-

221 1763 431 1833 ίῐέουσι.
468 1765 747 1835 Τοσαύτην
778 1764 834 1817 δὲ
871 1761 1035 1819 οὖσαν
1059 1765 1156 1837 τὴν
1184 1765 1287 1833 γῆν
1313 1760 1428 1824 πῶς
1462 1760 1525 1814 ἂν
1556 1760 1795 1831 ἠδυνήθη

220 1854 281 1906 ὲν
307 1856 407 1924 μιᾷ
432 1852 624 1924 καιροῦ
660 1856 799 1925 ῥοπῇ
835 1854 932 1925 τὴν
964 1856 1144 1907 πᾶσαν
1176 1852 1600 1921 καταφωτίζειν,
1637 1855 1685 1905 εί
1728 1851 1801 1923 μὴ

217 1944 331 1997 ἀπό
388 1944 620 2014 μεγάλου
668 1945 762 1999 τοῦ
803 1945 1001 1999 κύκλου
1056 1945 1165 2015 (65)
1204 1943 1301 2015 τὴν
1347 1945 1521 2015 αὐγὴν
1545 1945 1800 2016 ὲπηφίει;

231 2037 504 2091 Ἐνταῦοά
536 2056 624 2109 μοι
655 2040 751 2109 τὴν
781 2040 969 2108 σοφίαν
990 2037 1084 2091 τοῦ
1102 2039 1342 2107 τεχνίτου
1368 2038 1802 2108 κατάμαθε,πῶς

215 2127 299 2197 τῷ
330 2127 658 2198 διαστήματι
708 2129 882 2198 τούτῳ
923 2129 1234 2199 σύμμετρον
1281 2127 1478 2181 ἔδωκεν
1508 2127 1658 2197 αὐτῷ
1706 2128 1803 2199 τὴν

216 2219 554 2291 θερμότητα.
587 2219 850 2274 Τοσοῦτον
885 2220 994 2293 γάρ
1032 2223 1178 2274 ἐστιν
1216 2219 1382 2275 αὐτοῦ
1422 2222 1484 2274 τὸ
1537 2221 1800 2293 πυρῶδες.

215 2309 296 2371 ὡς
318 2313 457 2382 μήτε
482 2310 548 2364 δι’
582 2312 883 2385 ὑπερϐολὴν
913 2310 1245 2381 καταφλέξαι
1267 2312 1364 2382 τὴν
1390 2311 1516 2383 γῆν,
1550 2313 1686 2384 μήτε
1717 2311 1804 2365 διὰ

215 2399 320 2468 τὴν
350 2398 583 2467 ἔλλειψιν
625 2401 1044 2470 κατεψυγμένην
1073 2404 1242 2473 αὐτὴν
1273 2405 1364 2456 καὶ
1392 2404 1582 2471 ἄγονον
1612 2404 1801 2458 ἀπολι-

218 2492 367 2542 πεῖν.
407 2492 634 2560 Ἀδελφὰ
662 2493 718 2544 δὲ
738 2496 850 2556 τοῖς
886 2494 1195 2564 εἰρημένοις
1212 2497 1305 2548 καὶ
1332 2496 1400 2548 τὰ
1430 2498 1557 2567 περὶ
1589 2498 1687 2566 τῆς
1722 2514 1803 2549 σε-

216 2582 393 2652 λήνης
432 2583 672 2637 νοείσθω.
704 2585 861 2653 Μέγα
892 2585 1001 2657 γάρ
1038 2587 1129 2639 καὶ
1173 2586 1234 2639 τὸ
1258 2587 1462 2657 ταύτης
1484 2587 1664 2659 σῶμα,
1710 2592 1803 2643 καὶ

219 2677 526 2742 φανότατὼ
555 2695 620 2746 γε
652 2678 791 2749 μετά
819 2679 908 2733 τὸν
940 2680 1111 2751 ἥλιον.
1142 2681 1254 2734 Οὐκ
1288 2682 1376 2734 ἀεὶ
1409 2682 1589 2751 μέντοι
1610 2684 1802 2754 ὁρατὸν

218 2771 397 2842 αὐτῆς
421 2772 662 2843 διαμένει
695 2773 755 2826 τὸ
788 2772 1034 2843 μέγεθος·
1054 2774 1188 2828 ἀλλὰ
1221 2774 1314 2828 νῦν
1339 2775 1435 2844 μὲν
1466 2776 1805 2846 ἀπηρτισμέ-

218 2881 288 2934 νη
316 2864 397 2935 τῷ
429 2866 634 2937 κύκλῳ,
675 2866 769 2921 νῦν
800 2866 859 2920 δὲ
890 2866 1211 2922 ἐλλείπουσα
1244 2867 1354 2938 (64)
1385 2868 1477 2920 καὶ
1511 2869 1799 2940 μειουμένη

222 2955 498 3023 φαίνεται,
523 2956 643 3010 καθ’
685 2956 872 3028 ἓτερον
908 2958 1104 3028 ἑαυτῆς
1152 2958 1317 3030 μέρος
1360 2957 1718 3029 προδεικνῦσα
1742 2959 1803 3011 τὸ

219 3044 433 3100 λεῖπον.
488 3045 664 3116 Ἀλλῳ
700 3047 801 3117 μὲν
830 3048 936 3120 γὰρ
971 3049 1124 3120 μέρει
1182 3050 1460 3114 σκιάζεται
1507 3050 1799 3122 αὐξομένη

1914 559 2008 613 sed
2052 557 2333 613 confusam
2376 572 2662 627 corporum
2701 555 2931 625 eﬂigiem
2972 555 3321 623 apprehendi.
3373 554 3481 608 Ma-

1914 669 2079 722 gnum
2121 652 2283 723 igitur
2305 659 2388 704 est
2418 649 2698 713 luminare,
2728 650 2883 720 juxta
2923 645 3216 715 Scriptura:
3241 646 3483 701 testimo-

1913 742 2089 804 nium,
2126 758 2191 797 ac
2231 739 2442 794 infinito
2476 736 2650 804 majus
2693 755 2853 808 quam
2884 744 3126 807 apparet.

1980 834 2090 906 eo
2116 834 2199 888 l0.
2245 832 2351 887 Sed
2375 839 2430 885 et
2463 830 2595 886 illud
2627 830 2720 884 tibi
2747 833 2966 886 evidens
2990 829 3061 885 sit
3097 826 3482 895 magnitudinis

1906 928 2140 996 signum.
2174 924 2435 993 Quamvis
2486 924 2770 977 innumera
2802 923 2872 975 sit
2912 923 2963 975 in
3007 922 3146 977 cutio
3197 919 3477 974 stellarum

1907 1020 2220 1083 multitudo;
2253 1016 2534 1071 collectum
2585 1016 2821 1083 ipsarum
2850 1013 3025 1065 lumen
3055 1015 3118 1067 ad
3162 1012 3336 1067 noctis
3380 1010 3475 1063 tri-

1904 1111 2108 1165 stitiam
2142 1109 2535 1165 dissolvendam
2565 1122 2668 1161 non
2696 1104 2911 1161 sufﬁcit.
2937 1106 3006 1159 At
3037 1106 3205 1159 solum
3237 1107 3360 1160 illud
3399 1106 3481 1159 lu-

1905 1204 2131 1267 minare,
2172 1202 2333 1258 simul
2378 1213 2434 1256 ut
2482 1215 2647 1271 super
2691 1200 3032 1253 horizontem
3080 1207 3325 1263 apparet,
3369 1198 3477 1250 imo

1903 1298 2030 1350 dum
2071 1297 2248 1350 adhuc
2289 1304 2658 1363 exspectatur,
2703 1293 3023 1363 priusquam
3059 1290 3219 1344 etiam
3257 1289 3477 1342 omnino

1901 1402 2062 1456 supra
2098 1397 2297 1439 terram
2322 1385 2580 1449 emineat,
2614 1391 2666 1434 et
2705 1381 2956 1435 tenebras
2986 1377 3234 1445 dissipat,
3263 1384 3315 1429 et
3347 1372 3474 1427 stel-

1902 1482 1978 1535 las
2019 1480 2303 1551 splendore
2365 1487 2606 1547 superat,
2671 1485 2725 1529 et
2770 1474 3250 1543 circnmjacentem
3298 1466 3480 1522 telluri

1898 1590 2078 1630 aerem
2112 1581 2268 1627 antea
2305 1582 2617 1624 concretum
2660 1577 2714 1621 et
2757 1567 3045 1620 densatum
3080 1562 3365 1634 liquefacit
3406 1577 3469 1614 ac

1898 1666 2143 1721 edundit.
2192 1662 2346 1718 Unde
2389 1674 2444 1716 et
2495 1660 2639 1714 venti
2692 1659 2941 1713 matutini
2992 1666 3047 1711 et
3095 1672 3184 1710 res
3232 1658 3284 1709 in
3339 1655 3477 1709 sudo

1904 1772 2102 1813 terram
2152 1757 2557 1813 circumfluunt.
2602 1753 2880 1821 Quomodo
2921 1762 3101 1805 autem
3156 1762 3355 1803 terram
3390 1758 3476 1801 ιο-

1909 1865 2036 1912 tam,
2073 1867 2194 1904 cum
2230 1861 2373 1906 tanta
2411 1851 2517 1913 sit,
2568 1865 2673 1902 uno
2725 1845 2983 1916 temporis
3038 1851 3308 1896 momento
3354 1842 3473 1894 illu-

1907 1961 2087 2000 strare
2121 1955 2326 2015 posset,
2360 1945 2461 1999 nisi
2494 1959 2522 1996 a
2554 1958 2751 2009 magno
2786 1942 2919 1996 orbe
2956 1939 3136 1992 lumen
3169 1935 3477 1990 emitteret?

1908 2039 2003 2090 llic
2061 2038 2230 2101 disce,
2270 2051 2479 2105 quaeso,
2523 2035 2733 2102 opificis
2791 2034 3147 2101 sapientiam,
3202 2028 3476 2098 quomodo

1906 2131 2139 2183 Calorem
2192 2130 2287 2195 ipsi
2334 2128 2563 2182 contulit
2604 2136 2749 2180 tanta
2797 2126 2882 2179 hic
2936 2125 3218 2179 intervallo
3274 2135 3475 2175 conve-

1907 2223 2158 2277 nientem.
2218 2220 2266 2277 Is
2302 2231 2385 2277 est
2430 2221 2572 2275 enim
2618 2220 2787 2291 ipsius
2832 2218 3002 2283 calor,
3046 2226 3103 2269 ut
3147 2230 3318 2283 neque
3347 2228 3475 2282 prn-

1906 2327 2024 2383 pter
2067 2315 2397 2368 nimietatem
2455 2312 2647 2365 adurat
2687 2310 2955 2373 tellurem,
3014 2322 3186 2375 neque
3230 2320 3327 2376 per
3383 2303 3476 2357 de-

1904 2409 2100 2462 fectum
2144 2405 2555 2476 perfrigeratatn
2613 2403 2761 2457 illam
2808 2402 3261 2468 infecundamquc
3309 2398 3472 2451 relin-

1903 2509 2050 2568 quat.
2102 2496 2219 2551 .lam
2266 2510 2581 2567 germanum
2623 2496 2876 2565 quiddam
2922 2510 2987 2547 ac
3023 2492 3197 2546 simile
3240 2493 3322 2544 his
3357 2506 3475 2559 quae

1903 2593 2042 2643 dicta
2081 2601 2226 2652 sunt,
2255 2590 2321 2645 de
2362 2590 2484 2643 luna
2531 2588 2692 2643 etiam
2734 2588 3086 2657 intelligatur.
3116 2586 3211 2639 Est
3237 2584 3379 2639 enim
3418 2592 3471 2637 et

1903 2700 2097 2753 corpus
2126 2685 2290 2752 ipsius
2318 2699 2596 2755 magnum,
2626 2693 2679 2736 et
2716 2692 2837 2751 post
2875 2680 3044 2735 solem
3076 2692 3206 2733 sane
3236 2677 3423 2743 Splend
3446 2703 3475 2715 -

1903 2776 2204 2830 dissimum.
2258 2777 2371 2831 Non
2429 2786 2605 2829 tamen
2657 2790 2872 2843 semper
2916 2771 3146 2827 visibilis
3196 2776 3475 2838 permanet

1904 2868 2071 2936 ipsius
2097 2868 2409 2937 magnitudo
2449 2882 2464 2920 :
2505 2868 2597 2921 sed
2648 2880 2789 2920 nunc
2826 2865 3038 2933 quidem
3067 2865 3119 2917 in
3148 2877 3248 2917 suo
3270 2859 3474 2915 circulo

1904 2961 2149 3016 absoluta
2220 2976 2363 3014 umtc
2393 2975 2519 3015 vero
2550 2957 2809 3012 deficiens
2841 2965 3002 3025 atque
3034 2956 3313 3009 imminuta
3341 2966 3467 3006 con-

1902 3056 2149 3125 spicitur,
2191 3065 2245 3109 et
2282 3053 2450 3109 altera
2492 3052 2572 3107 sui
2605 3061 2759 3119 parte
2785 3049 3051 3106 defectum
3084 3046 3339 3100 ostendit.
3381 3044 3469 3096 Et-

219 3135 355 3191 ἄλλο
390 3136 447 3189 δὲ
499 3137 660 3208 μέρος
689 3138 858 3208 αὐτῆς
887 3141 945 3192 ὲν
976 3140 1053 3209 τῷ
1097 3140 1271 3210 καιρῷ
1300 3142 1398 3211 τῆς
1433 3141 1636 3209 λήξεως
1666 3143 1802 3196 ἀπο-

1906 3150 2046 3204 enim
2079 3151 2207 3202 dum
2240 3148 2456 3208 crescit,
2480 3147 2646 3199 altera
2680 3155 2832 3213 parte
2867 3141 3220 3198 obumbratur
3254 3157 3267 3192 :
3304 3138 3470 3192 altera

222 3230 553 3299 ε’ρύπτεται.
585 3229 757 3297 Λόγος
778 3228 835 3282 δέ
864 3247 945 3293 τις
972 3230 1207 3301 ἅρῤητος
1227 3232 1319 3283 τοῦ
1353 3233 1515 3301 σοφοῦ
1538 3233 1803 3304 ,δημιουρ-

219 3323 325 3391 τοῦ
357 3323 457 3392 τῆς
486 3326 735 3396 ποικίλης
768 3324 971 3395 ταύτης
1020 3324 1320 3395 ὲναλλαγῆς
1345 3323 1452 3377 τῶν
1484 3326 1799 3396 σχημάτων.

222 3416 299 3468 Ἦ
334 3416 443 3486 γὰρ
476 3415 615 3469 ὥστε
647 3419 779 3487 ἡμῖν
810 3417 1115 3488 ὑπόδειγμα
1152 3417 1383 3488 ἐναργὲς
1414 3418 1673 3490 παρέχειν
1692 3418 1801 3490 (65)

221 3508 327 3576 τῆς
359 3507 633 3578 ἡμετέρας
660 3507 891 3577 φύσεως·
919 3509 1001 3561 ὃτι
1024 3509 1174 3561 οὐδὲν
1205 3508 1429 3577 μόνιμον
1454 3510 1560 3563 τῶν
1592 3509 1802 3582 ἀνθρω-

224 3600 422 3662 πίνων,
451 3598 585 3652 sua
610 3598 680 3652 τὰ
705 3600 803 3669 μὲν
841 3601 905 3653 ὲκ
936 3600 1030 3653 τοῦ
1065 3600 1137 3671 μὴ
1166 3601 1316 3665 ὄντος
1360 3605 1603 3675 πρόεισιν
1644 3607 1723 3669 είς
1743 3607 1803 3658 τὸ

221 3694 455 3755 τέλειον,
490 3692 560 3746 τὰ
581 3692 639 3746 δὲ
673 3693 809 3762 πρὸς
836 3692 934 3764 τὴν
966 3692 1170 3745 οἰκείαν
1204 3694 1387 3764 ἀκμὴν
1412 3696 1689 3763 φθάσαντα
1712 3702 1803 3752 καὶ

223 3786 289 3836 τὸ
316 3785 613 3856 ἀκρότατον
646 3786 840 3856 μέτρον
869 3785 1074 3838 ἑαυτῶν
1114 3786 1436 3855 αὐξηθέντα,
1468 3788 1626 3842 πάλιν
1687 3793 1805 3851 ταῖς

226 3876 375 3929 κατὰ
409 3878 600 3948 μικρὸν
640 3878 957 3950 ὑφαιρέσεσι
974 3878 1149 3946 φθίνει
1178 3896 1236 3931 τε
1270 3880 1362 3932 καὶ
1401 3880 1687 3946 διόλλυται,
1713 3885 1806 3936 καὶ

229 3969 535 4037 μειούμενα
554 3971 915 4041 καθαιρεῖται.
954 3970 1113 4023 Ὥστε
1144 3972 1207 4023 ἐκ
1230 3970 1323 4023 τοῦ
1355 3972 1496 4025 κατὰ
1521 3974 1618 4044 τὴν
1654 3973 1805 4043 σελή-

225 4079 332 4131 νην
359 4060 628 4131 θεάματος
660 4062 1006 4117 παιδεύεσθαι
1046 4065 1190 4134 ἡμᾶς
1210 4064 1279 4116 τὰ
1305 4065 1568 4135 ἡμέτερα,
1593 4068 1686 4119 καὶ
1709 4068 1805 4138 τῆς

224 4153 457 4223 ταχείας
512 4152 621 4205 τῶν
657 4153 1009 4224 ἀνθρωπίνων
1060 4156 1398 4227 περιτροπῆς
1434 4156 1805 4227 λαμϐάνοντας

226 4246 477 4308 ἔννοιαν,
534 4244 608 4316 μὴ
671 4245 811 4315 μέγα
873 4251 1086 4317 φρονεῖν
1148 4251 1269 4312 ταῖς
1330 4249 1653 4322 εὐημερίαις
1711 4250 1805 4304 τοῦ

230 4339 391 4411 βίου,
465 4339 538 4409 μὴ
614 4338 1011 4408 ὲπαγάλλεσθαι
1078 4340 1445 4405 δυναστείαις,
1516 4342 1589 4414 μὴ
1648 4342 1806 4395 ἐπαί-

232 4432 428 4503 ρεσθαι
474 4431 702 4484 πλούτου
756 4431 1061 4503 ἀδηλότητι,
1104 4439 1447 4506 περιφρονεῖν
1472 4436 1571 4506 τῆς
1607 4437 1807 4508 σαρκὸς

232 4523 366 4592 περὶ
398 4523 465 4595 ἢν
510 4523 543 4593 ὴ
596 4521 909 4588 ἀλλοίωσις,
958 4523 1335 4594 ἐπιμελεῖσθαι
1380 4526 1436 4578 δὲ
1481 4526 1579 4596 τῆς
1627 4526 1807 4597 ψυχῆς
1840 4508 1881 4561 Ῑ)

228 4610 301 4684 ἧς
344 4615 405 4667 τὸ
457 4614 661 4683 ἀγαθόν
699 4616 846 4668 ἐστιν
904 4616 1177 4687 ἀκίνητον.
1238 4617 1301 4669 Εἰ
1331 4616 1386 4668 δὲ
1438 4617 1596 4671 λυπεῖ
1653 4636 1712 4671 σε
1769 4622 1801 4687 ἡ

232 4706 434 4777 σελήνη
491 4711 610 4772 ταῖς
670 4707 810 4761 κατὰ
864 4708 1055 4780 μικρὸν
1105 4709 1423 4779 ὑφαιρέσεσι
1482 4709 1542 4763 τὸ
1593 4712 1801 4780 φέγγος

230 4798 663 4863 ἐξαναλίσκουσα
695 4818 708 4829 ’
777 4801 1016 4854 λυπείτω
1072 4819 1129 4854 σε
1180 4802 1343 4856 πλέον
1403 4802 1546 4874 ψυχὴ
1605 4805 1803 4878 ἀρετὴν

229 4891 555 4962 κτησαμένη
592 4892 723 4964 (66),
755 4896 849 4947 καὶ
874 4894 960 4948 διὰ
983 4894 1309 4964 ὰπροσεξίας
1339 4895 1401 4949 τὸ
1434 4896 1594 4950 καλὸν
1610 4899 1799 4966 ἀφανίο

232 4983 443 5047 ζουσα,
479 4985 570 5037 καὶ
609 4986 874 5056 μηδέποτε
906 4987 999 5040 ἐπὶ
1039 4986 1138 5058 τῆς
1171 4988 1339 5059 αὐτῆς
1378 4988 1670 5055 διαθέσεως
1707 4993 1800 5061 μέ-

228 5093 434 5140 νουσα,
475 5075 609 5130 me
654 5078 832 5133 πυκνὰ
865 5080 1174 5151 τρεπομένη
1222 5081 1316 5133 καὶ
1362 5082 1799 5155 μεταϐαλλομένη

310 5278 425 5346 (6‘2)
461 5277 593 5353 Reg.
632 5278 853 5346 quintus
880 5281 1009 5353 πρὶν
1044 5281 1137 5335 καὶ
1179 5282 1481 5353 ὑπεροχεῖν.
1516 5284 1667 5338 Coll).
1699 5286 1803 5353 pri-

231 5367 359 5423 mus
408 5349 502 5423 xci.
546 5349 824 5423 egooxaiv.
879 5349 1013 5404 Editi
1044 5369 1181 5423 cum
1230 5349 1496 5423 aliquibus
1540 5371 1670 5408 mss.
1701 5349 1806 5408 ’καὶ

231 5421 552 5543 Ξὲτξξσχεῖν.
586 5419 653 5475 Ει
693 5420 850 5490 paulo
882 5430 1002 5491 post
1027 5422 1174 5476 Colb.
1220 5419 1488 5480 secundus
1515 5441 1804 5496 συμπεπηο

314 5561 423 5632 (65)
455 5560 683 5617 Codices
731 5576 835 5614 non
884 5562 1035 5629 pauci
1070 5562 1162 5615 τοῦ
1201 5565 1415 5618 κύκλου.
1459 5565 1803 5619 Desmeratur

238 5633 499 5706 articulus
526 5635 579 5706 in
603 5632 1011 5706 excusisalnfra
1036 5649 1161 5686 mss.
1193 5636 1340 5689 nmlti
1366 5636 1464 5705 τὴν
1489 5638 1611 5706 γῆν.
1638 5638 1803 5692 Abest

239 5703 497 5758 articulus
525 5704 592 5757 ab
622 5703 800 5758 editis.
826 5703 1063 5758 Subinde
1097 5705 1306 5759 codices
1331 5703 1434 5759 duo
1459 5703 1777 5761 καταλιπεῖν

242 5775 435 5854 statim
464 5773 717 5856 permulti
751 5788 879 5829 mss.
920 5774 1016 5844 τῆς
1062 5774 1305 5845 σελήνης.
1342 5776 1495 5833 Deest
1540 5781 1801 5835 articulus

244 5861 300 5899 ill
333 5860 561 5902 CXCUSIS.

1902 3256 2037 3294 vero
2093 3239 2237 3293 illius
2296 3254 2420 3307 pars
2484 3247 2728 3306 tempore
2774 3234 3100 3290 deeremcnti
3146 3231 3471 3287 occultatur.

1905 3330 2075 3385 Porro
2101 3329 2329 3400 sapienti
2356 3327 2533 3399 opifici
2560 3330 2611 3381 in
2641 3330 2742 3381 hac
2768 3326 2914 3380 varia
2940 3326 3233 3395 figurarum
3265 3337 3473 3389 permu-

1907 3424 2112 3478 tatione
2143 3438 2248 3477 non
2286 3422 2453 3477 defuit
2487 3436 2685 3475 arcana
2723 3421 2966 3489 qumdam
2999 3415 3158 3471 ratio.
3188 3416 3296 3469 Aut
3327 3417 3469 3467 enim

1906 3517 1957 3572 id
1983 3519 2062 3583 fit,
2088 3527 2144 3571 ut
2164 3515 2318 3570 nobis
2345 3526 2541 3569 nostra:
2562 3525 2767 3568 natura:
2790 3513 3134 3583 perspicuum
3159 3510 3463 3576 exentplum

1906 3613 2162 3680 prazbeat.
2194 3609 2398 3664 scilicet
2421 3607 2550 3661 nihil
2586 3606 2804 3661 immani
2830 3593 3025 3659 stabile
3049 3618 3167 3656 esse
3196 3626 3209 3656 -.
3239 3603 3332 3654 sed
3364 3600 3468 3653 alia

1905 3703 2122 3772 quidem
2147 3717 2267 3772 quae
2302 3716 2404 3755 non
2439 3700 2792 3761 exsistebant,
2822 3700 2887 3751 ad
2927 3694 3316 3766 perfectionem
3342 3710 3468 3761 pcr-

1906 3795 2067 3847 duci:
2102 3795 2207 3847 alia
2251 3807 2381 3846 vero
2429 3791 2496 3845 ad
2538 3790 2818 3859 proprium
2859 3788 3096 3857 vigorem
3146 3799 3430 3854 progressa
3458 3824 3470 3845 ,

1906 3897 2287 3952 summumque
2304 3895 2570 3935 mensura:
2589 3881 2823 3949 ipsorum
2846 3879 3235 3932 incrementum
3259 3878 3469 3944 adepta,

1908 3978 2101 4030 iterum
2127 3974 2380 4043 paulatim
2404 3973 2763 4028 decrescendo
2787 3971 3085 4038 corrumpi,
3116 3969 3467 4036 dissolvique,

1907 4081 1957 4125 et
1994 4069 2279 4124 imminuta
2318 4068 2541 4124 destrui.
2572 4067 2751 4133 Quare
2795 4081 2858 4121 ex
2914 4066 3052 4118 lunae
3104 4074 3322 4131 aspectu
3377 4077 3474 4115 nos

1908 4168 2089 4212 nostra
2134 4158 2449 4221 erudimur,
2499 4167 2557 4210 ut
2597 4156 2828 4211 celerem
2871 4170 3053 4209 rerum
3116 4154 3474 4206 humanarum

1910 4250 2258 4305 mutationem
2337 4250 2741 4319 percipientes,
2808 4249 2875 4301 ob
2958 4248 3080 4300 vita:
3158 4245 3473 4299 felicitatem

1910 4361 2014 4398 non
2054 4343 2280 4397 nimium
2330 4343 2484 4397 nobis
2528 4356 2867 4411 arrogcmus,
2918 4354 3091 4408 neque
3135 4340 3187 4392 in
3235 4338 3472 4405 potentia

1916 4439 2230 4507 gloriemur,
2278 4452 2453 4506 neque
2506 4435 2818 4489 divitiarum
2867 4434 3072 4488 incerto
3119 4432 3473 4495 attollamur,

1912 4531 2003 4584 sed
2041 4545 2259 4585 carnem
2306 4546 2425 4598 quzc
2475 4539 2733 4592 mutatur,
2782 4542 3139 4597 aspernemur
3171 4567 3184 4591 ,
3237 4527 3473 4577 animam

1914 4638 2039 4675 \ero
2089 4620 2243 4691 cujus
2282 4622 2562 4676 immotum
2610 4629 2693 4674 est
2738 4621 2960 4681 bonum,
3005 4631 3274 4673 curemus.
3323 4615 3476 4682 Quod

1907 4715 1949 4768 si
2007 4714 2129 4767 luna
2185 4714 2308 4767 dum
2375 4714 2720 4783 splendorem
2787 4711 3043 4782 paulatim
3111 4707 3477 4764 decrescendo

1906 4806 2162 4872 absumit,
2209 4804 2300 4859 tibi
2336 4806 2613 4858 tristitiam
2643 4814 2792 4858 creat
2826 4819 2840 4857 :
2874 4804 3057 4857 dolore
3083 4813 3133 4856 te
3164 4802 3367 4871 majore
3396 4802 3475 4853 af-

1909 4898 2051 4951 ficiat
2084 4896 2285 4958 anima,
2319 4910 2459 4965 quae,
2491 4906 2775 4964 postquam
2804 4894 3054 4948 virtutem
3083 4903 3329 4948 assecuta
3368 4900 3476 4959 est,

1909 4990 2106 5040 bonum
2137 4988 2339 5042 amittit
2364 4988 2433 5042 ob
2473 4987 2873 5058 negligentiam,
2903 4998 2959 5041 et
2991 5001 3265 5055 nunquam
3302 4985 3355 5038 in
3388 5000 3479 5039 ea.-

1910 5084 2028 5136 dem
2065 5082 2306 5152 persistit
2346 5081 2649 5149 affectione,
2692 5083 2785 5138 sed
2838 5081 3154 5152 frequenter
3200 5080 3270 5135 ob
3313 5079 3476 5133 animi

1984 5287 2096 5354 (64)
2128 5288 2277 5341 Colb.
2326 5288 2531 5356 primus
2581 5285 2891 5340 ἐλλιποῦσα.
2946 5284 3141 5341 Statim
3190 5286 3298 5340 duo
3349 5301 3477 5341 mss.

1913 5358 2082 5428 αὐτῆς
2116 5359 2297 5428 μέρος.
2336 5358 2533 5411 lhidetn
2563 5357 2695 5422 Reg.
2732 5360 2953 5424 quintus
2973 5372 3094 5410 cum
3126 5356 3244 5409 aliis
3272 5356 3483 5428 duobus

1917 5426 2048 5481 mss.
2084 5426 2527 5499 προδεικνύουσα.
2569 5429 2709 5482 Editi
2742 5443 2861 5499 cum
2895 5428 3033 5499 Reg.
3056 5426 3482 5499 Διονινιιοῖτροδει-

1914 5500 2103 5579 magis.
2131 5496 2256 5579 dicit
2290 5502 2420 5579 lleg.
2459 5509 2643 5553 sextus
2675 5498 2955 5579 σκιάζεται
2977 5496 3339 5579 αὐξανομένη.

1985 5572 2095 5637 (ϋό)
2135 5571 2283 5624 Cnlh.
2316 5568 2523 5634 primus
2560 5570 2880 5640 παρασχεῖν.
2928 5568 3069 5621 Infra
3103 5568 3235 5637 lirg.
3279 5569 3484 5634 primtts

1908 5642 2221 5712 ἁφαιρέσεσι
2252 5641 2445 5711 φθίνει.

1982 5709 2091 5781 toti)
2116 5709 2273 5767 Colb.
2304 5712 2571 5765 secundus
2596 5710 2668 5780 μὴ
2697 5709 3033 5779 κτησαμένη,
3068 5710 3171 5763 Aut
3202 5709 3331 5763 nihil
3391 5714 3483 5763 aui.

1911 5801 2096 5853 parum
2127 5784 2311 5848 refert,
2346 5783 2511 5838 addas
2542 5798 2607 5835 an
2640 5787 2889 5837 detrahas
2914 5784 3270 5850 negationem.
