4092 6318
676 360 770 411 143

2002 356 2036 403 5
2104 348 2348 402 BASILII
2392 348 2602 398 MAtiNl

3810 339 3893 389 ΙΝ

665 462 1075 514 inconstantiam
1134 466 1353 513 tczlilttt‘
1414 479 1473 511 :te
1514 474 1769 516 mutatur.
1807 460 1940 515 Vere
1966 465 2127 524 enim,
2167 480 2195 513 υ

2328 459 2412 509 διὰ
2458 459 2516 508 τὸ
2564 461 2658 525 τῆς
2702 454 2921 522 γνώμης
2963 454 3258 521 ἁνίδρυτον,
3301 453 3389 523 Τῷ
3428 453 3540 503 ὄντι
3594 452 3739 519 γὰρ,
3777 456 3895 505 κατὰ

654 552 852 604 dictum
882 560 983 612 est,
1013 550 1216 604 Stultus
1234 553 1363 602 sicut
1391 552 1516 605 ltum
1542 561 1772 605 mutatur
1799 550 1863 604 ⁸⁸.
1893 554 2030 617 Quin
2059 554 2221 605 etiam

653 644 715 692 :nl
750 641 1003 693 animalia
1038 643 1442 705 constituenda,
1490 658 1545 698 et
1575 645 1637 697 ad
1690 658 1775 697 res
1832 659 2057 700 caeteras
2101 660 2223 713 qua:

648 746 711 783 ex
752 742 892 785 terra
933 745 1231 788 nascuntur
1260 736 1643 801 perliciendas,
1688 736 1828 791 luna:
1862 738 2219 793 mutationem

651 839 755 878 non
802 840 990 893 parum
1020 827 1325 880 conducere
1355 829 1616 882 arbitror.
1647 828 1822 881 Aliter
1869 832 2011 883 enim
2040 844 2100 881 ea
2131 830 2223 883 de-

650 929 950 974 crescente.
980 918 1135 968 aliter
1158 918 1346 970 eadem
1383 920 1723 973 increscente
1758 920 2063 974 alliciuntur
2094 937 2217 973 eor-

651 1021 799 1071 pora.
836 1006 989 1059 Nunc
1019 1007 1261 1075 quidem,
1294 1026 1355 1063 ea
1381 1011 1682 1073 desinente,
1733 1026 1850 1063 rara
1888 1014 2018 1065 liunt
2042 1021 2095 1065 et
2128 1027 2219 1064 va-

651 1114 746 1151 cua
783 1119 795 1151 :
829 1114 971 1151 nunc
1006 1114 1155 1165 vero,
1188 1111 1511 1170 augescente
1538 1110 1591 1154 et
1618 1103 1683 1155 ad
1718 1102 2101 1171 plenitudinem
2150 1102 2220 1157 fe-

649 1190 822 1241 stinan
834 1201 900 1253 te,
922 1190 1084 1244 etiam
1106 1192 1218 1260 ipsa
1236 1209 1422 1246 rursus
1446 1192 1721 1260 replentur
1743 1212 1755 1258 ;
1779 1204 2058 1262 propterea
2076 1198 2216 1262 quod

650 1276 928 1329 humorem
967 1281 1258 1347 quemdam
1291 1281 1457 1335 calori
1480 1280 1797 1343 innnistum,
1830 1285 1919 1350 qui
1948 1286 2013 1338 ad
2035 1293 2217 1353 partes

649 1380 819 1434 usque
872 1369 1162 1422 interiores
1224 1372 1489 1437 pervenit,
1543 1372 1775 1427 latenter
1806 1374 1910 1445 61
1950 1376 2212 1429 imtnittit.

646 1458 699 1508 ld
727 1459 1006 1512 declarant
1036 1471 1146 1514 tum
1175 1462 1235 1527 ii,
1272 1463 1361 1530 qui
1392 1464 1493 1516 Sub
1520 1465 1644 1519 luna
1676 1466 1969 1531 dormiunt,
1997 1469 2215 1537 copioso

644 1551 870 1605 hutnore
912 1556 1109 1622 capitis
1144 1570 1333 1608 eorum
1375 1560 1707 1627 capacitates
1758 1560 2059 1627 implente:
2100 1571 2211 1615 tum

641 1660 833 1697 carnes
862 1661 1051 1701 recens
1084 1657 1309 1711 necatae,
1333 1652 1458 1702 dum
1492 1652 1599 1703 cito
1646 1661 2030 1717 permutantur
2069 1653 2213 1708 luna:

640 1737 910 1791 delluvio:
958 1749 1065 1792 tum
1100 1742 1412 1795 animalium
1452 1743 1759 1807 cerebrum,
1795 1753 1850 1798 et
1880 1749 2210 1801 marinorum

2329 549 2386 599 τὸ
2433 547 2717 617 εἰρημένον
2745 585 2757 608 ,
2803 546 2864 595 ’0
2907 546 3108 611 ἄφρων
3148 546 3226 607 ὡς
3269 542 3501 608 σελήνη
3532 544 3895 597 ἀλλοιοῦται.

2328 631 2493 705 Οἶμαι
2544 636 2601 688 δὲ
2643 638 2735 689 καὶ
2789 637 2852 703 τῇ
2897 636 3004 686 τῶν
3056 632 3208 698 ζώων
3257 637 3610 705 κατασκευῇ,
3662 638 3899 701 καὶτοῖς

2326 733 2527 794 λοιποῖς
2572 736 2683 795 τοῖς
2718 732 2823 785 απὸ
2866 730 2967 799 γῆς
3015 729 3320 800 φυομένοις,
3375 736 3447 804 μὴ
3494 730 3706 803 μικρὰν
3737 733 3901 803 ὑπάρ-

2330 842 2448 894 χειν
2488 826 2550 876 ἐκ
2579 826 2677 895 τῆς
2704 825 2843 878 κατά
2866 823 2962 894 τὴν
2988 824 3214 893 σελήνην
3248 826 3553 895 μεταϐολῆς
3584 825 3691 895 τὴν
3721 826 3899 876 συντέ-

2322 918 2488 969 λειαν.
2528 916 2737 980 Ἄλλως
2767 916 2876 987 γὰρ
2908 914 3199 967 διατίθεται
3241 917 3567 987 μειουμένης
3590 915 3793 986 αὐτῆς,
3816 914 3902 965 καὶ

2321 1010 2495 1071 ἄλλως
2541 1008 2846 1080 αὐξομένης
2894 1010 2959 1062 τὰ
3001 1006 3265 1075 σώματα·
3323 1005 3415 1058 νῦν
3467 1011 3569 1077 μὲν
3631 1007 3902 1081 ληγούσης

2320 1102 2487 1176 ἀραιὰ
2527 1103 2821 1171 γιγνόμενα
2867 1103 2959 1155 καὶ
3004 1099 3163 1163 κενά,
3206 1099 3300 1151 νῦν
3351 1098 3408 1151 δὲ
3458 1101 3781 1174 αὐξομένης
3818 1100 3902 1154 καὶ

2324 1197 2454 1267 πρὸς
2501 1195 2559 1247 τὸ
2604 1194 2807 1264 πλῆρες
2861 1193 3220 1266 ἐπειγομένης
3269 1190 3363 1243 καὶ
3403 1190 3543 1243 αὑτὰ
3591 1195 3762 1248 πάλιν
3796 1190 3901 1264 (67)

2320 1284 2812 1355 ἀναπληρούμενα·
2845 1284 2981 1337 διότι
3014 1281 3288 1357 ὑγρότητά
3313 1297 3433 1334 τινα
3479 1280 3788 1356 θερμότητι
3821 1302 3903 1337 κε-

2319 1380 2595 1449 κραμένην
2624 1378 2715 1428 ἐπὶ
2746 1376 2807 1428 τὸ
2831 1374 2994 1444 βάθος
3023 1376 3329 1444 φθάνουσαν
3360 1371 3669 1443 λεληθότως
3705 1378 3897 1444 ἐνίησι.

2316 1470 2541 1543 Δηλοῦσι
2578 1469 2633 1521 δέ
2672 1469 2721 1520 οἱ
2765 1465 3115 1531 καθεύδοντες
3156 1468 3262 1520 ὑπὸ
3304 1466 3556 1537 σελήνην,
3601 1466 3901 1538 ὑγρότητος

2317 1562 2577 1634 περισσῆς
2606 1561 2705 1622 τὰς
2729 1563 2825 1631 τῆς
2850 1559 3089 1628 κεφαλῆς
3120 1562 3459 1633 εὐρυχωρίας
3494 1556 3896 1628 πληρούμενοι·

2315 1657 2406 1708 καὶ
2452 1654 2519 1707 τὰ
2574 1652 2848 1722 νεοσφαγῆ
2902 1650 3009 1703 τῶν
3066 1654 3243 1722 κρεῶν
3288 1655 3423 1723 ταχὺ
3466 1650 3791 1723 τρεπόμενα
3834 1654 3896 1720 τῇ

2315 1744 2583 1815 προσϐολῇ
2613 1745 2711 1813 τῆς
2736 1744 2987 1814 σελήνης”
3028 1743 3120 1796 καὶ
3146 1742 3300 1806 ζώων
3322 1744 3645 1813 ἐγκέφαλοι,
3671 1742 3770 1795 καὶ
3796 1741 3896 1793 τῶν

642 1831 955 1883 animalium
1001 1834 1394 1898 humidissima,
1422 1844 1477 1887 et
1503 1835 1758 1889 arborum
1792 1837 2053 1891 tticdullaz.
2083 1838 2204 1904 Quae

2314 1836 2612 1890 θαλαττίων
2650 1837 2718 1889 τὰ
2747 1837 3038 1907 ὑγρότατα,
3067 1834 3161 1887 καί
3189 1836 3244 1888 αἱ
3267 1836 3373 1888 τῶν
3392 1836 3629 1908 δένδρων
3647 1833 3896 1906 ἐντεριῶ-

640 1935 769 1973 sattc
800 1924 977 1974 munia
1013 1924 1308 1978 mutatione
1350 1941 1445 1979 sua
1487 1938 1819 1981 commutare
1862 1943 1969 1981 non
2003 1944 2207 1997 posset,

640 2016 764 2076 nisi,
795 2018 945 2081 juxta
974 2016 1268 2085 Scriptura:
1301 2021 1687 2087 testimonium,
1715 2026 1764 2075 ei
1814 2024 2017 2082 inesset
2052 2030 2208 2097 quid-

640 2106 782 2164 piam
809 2107 1021 2174 ingens,
1057 2122 1117 2161 ac
1155 2109 1359 2164 viribus
1386 2111 1727 2179 prtepollens.

714 2197 799 2249 Η.
860 2198 962 2251 Sed
1001 2210 1053 2253 et
1081 2217 1202 2269 quae
1232 2204 1344 2255 aeri
1397 2204 1651 2261 accidunt
1698 2208 2047 2274 alTectiones,
2086 2228 2204 2265 cum

634 2265 775 2340 intra:
819 2292 1207 2347 mutationibus
1236 2298 1605 2366 consentiunt,
1638 2302 1782 2356 velut
1816 2312 2079 2357 testantur
2111 2321 2207 2357 no-

640 2380 719 2433 his
754 2388 807 2433 et
834 2383 1128 2448 repentina:
1164 2389 1625 2457 perturbationes,
1652 2407 1771 2460 qua:
1804 2392 1931 2445 dum
1964 2393 2207 2459 nascitur

636 2475 781 2533 luna,
816 2475 1045 2529 nubibus
1077 2480 1370 2546 exagitatis
1410 2497 1471 2536 ac
1505 2484 1608 2537 sibi
1635 2482 1867 2537 invicem
1905 2499 2205 2539 occurren—

636 2564 796 2629 tibus,
832 2580 973 2635 saepe
1000 2578 1121 2635 post
1145 2573 1592 2639 tranquillitatem
1627 2585 2023 2645 ventorumqtte
2047 2576 2203 2630 silen-

636 2660 767 2711 tium
812 2660 1132 2714 exoriuntur
1168 2679 1182 2714 :
1226 2662 1375 2729 item,
1437 2666 1755 2735 euriporum
1794 2667 2079 2735 reﬂuxus;
2142 2687 2205 2725 ac

636 2753 821 2817 maris,
846 2756 986 2820 quod
1008 2764 1230 2811 vocatur
1267 2755 1538 2824 Oceanus,
1577 2771 1743 2816 aestus
1767 2764 2048 2832 reciproci,
2071 2780 2207 2833 quos

634 2858 950 2909 repererunt
998 2850 1195 2903 accolae
1248 2852 1700 2907 conversionibus
1765 2855 1905 2908 luna:
1954 2857 2204 2909 ordinate

634 2938 975 2997 respondere.
1007 2939 1141 2993 Nam
1171 2943 1346 3009 euripi
1374 2944 1517 2996 inter
1548 2944 1787 3011 reliquas
1827 2945 1966 2999 lunae
1997 2949 2202 3015 ﬁguras

631 3027 851 3083 eliluunt
880 3031 933 3085 in
961 3041 1248 3101 utramque
1273 3044 1482 3105 partem
1509 3053 1523 3088 :
1558 3038 1651 3091 sed
1681 3048 1835 3091 ortus
1869 3038 2040 3106 ipsius
2066 3049 2200 3091 tem--

631 3136 781 3189 pore,
809 3136 876 3177 ne
904 3124 1226 3181 brevissimo
1259 3127 1478 3196 quidem
1526 3137 1797 3184 momento
1859 3130 2154 3200 quiescunt
2182 3169 2197 3193 ,

631 3217 725 3271 sed
752 3218 805 3271 iu
836 3220 1154 3289 agitatione,
1185 3231 1349 3290 atque
1379 3221 1433 3274 in
1460 3222 1718 3276 continua
1757 3222 2046 3278 libratiOne
2080 3239 2201 3293 per-

631 3327 902 3379 severant,
922 3316 1091 3371 donec
1127 3331 1316 3371 rursus
1341 3331 1609 3386 apparens
1647 3318 1770 3373 huic
1790 3319 2203 3389 reeiprocationi

630 3407 881 3462 ordinem
928 3408 1161 3477 aliquem
1208 3409 1435 3464 dederit,
1495 3402 1795 3464 Occiduum
1842 3422 2021 3465 autem
2057 3427 2205 3466 mare

629 3500 854 3554 aestibus
886 3502 1183 3571 reciprocis
1208 3503 1499 3557 obnoxium
1540 3514 1642 3568 est,
1675 3520 1817 3558 nunc
1865 3505 2083 3573 quidem
2120 3519 2203 3561 re-

635 3600 875 3655 vertens,
908 3608 1051 3647 nunc
1101 3609 1227 3649 vero
1282 3606 1648 3664 restagnans:
1706 3598 1861 3662 quasi
1908 3606 2201 3651 retrorsum

629 3682 1045 3737 subtraheretur
1070 3683 1210 3738 lunae
1235 3686 1706 3754 respirationibus,
1735 3702 1796 3738 ac
1818 3687 2011 3739 iterum
2039 3688 2203 3754 ipsius

627 3775 1087 3844 exspirationibus
1117 3777 1183 3831 ad
1225 3777 1501 3847 propriam
1553 3792 1863 3834 mensuram
1899 3778 2202 3846 impellere—

633 3881 736 3921 tur.
777 3868 905 3924 Htec
933 3885 964 3924 a
1004 3885 1089 3924 me
1123 3870 1265 3925 dicta
1298 3879 1441 3930 sunt.
1485 3879 1543 3922 ut
1578 3869 1928 3923 lutninarium
1977 3873 2201 3926 demon~

635 3970 905 4017 straretur
939 3965 1284 4033 magnitudo,
1320 3974 1485 4032 utque
1511 3974 1791 4019 constaret
1829 3965 1881 4017 in
1918 3967 2095 4021 verbis
2116 3968 2198 4020 di-

626 4054 829 4107 vinitus
874 4054 1157 4123 inspiratis
1193 4071 1261 4109 ne
1298 4054 1462 4109 ullam
1502 4056 1722 4125 quidem
1766 4056 2029 4126 syllabam
2081 4073 2202 4113 esse

621 4145 852 4200 otiosam
886 4166 898 4200 :
930 4162 1239 4215 quanquam
1275 4148 1388 4203 fere
1418 4149 1759 4203 nihileorum
1805 4165 1923 4217 quae
1947 4154 2200 4205 momenti

622 4238 852 4308 alicujus
878 4248 1005 4293 sunt
1044 4254 1108 4293 ac
1157 4240 1543 4309 principaliora
1570 4282 1585 4304 ,
1636 4242 1813 4295 oratio
1849 4254 2033 4295 nostra
2076 4244 2199 4296 atti-

621 4334 699 4400 git
734 4350 746 4384 :
785 4332 933 4399 plura
961 4347 1194 4401 namque
1222 4333 1289 4386 de
1312 4332 1707 4401 magnitudine,
1726 4334 1898 4401 deque
1928 4335 2198 4388 distantiis

624 4422 757 4477 solis
788 4436 851 4477 ae
882 4421 1024 4476 luna:
1052 4422 1427 4476 ratiocinando
1464 4423 1778 4490 excogitare
1818 4422 2039 4489 poterit,
2101 4424 2193 4489 qui

2314 1949 2417 1983 ναι.
2462 1932 2528 1983 Ἀ
2566 1928 2743 1981 πάντα
2773 1928 2873 1980 οὐκ
2897 1925 2961 1979 ἀν
2986 1924 3253 1997 ἐξήρκεσε
3279 1928 3344 1995 τῇ
3379 1926 3583 1996 ἑαυτῆς
3612 1924 3895 1979 ἀλλοιώσει

2313 2020 2709 2093 συμμεθιστᾷν,
2761 2023 2809 2074 εἰ
2864 2020 2939 2091 μὴ
2974 2018 3250 2091 ὑπερφυές
3292 2034 3344 2071 τι
3383 2014 3450 2090 ἦν
3485 2020 3581 2072 καὶ
3630 2019 3895 2091 ὑπερέχον

2307 2116 2535 2186 δυνάμει
2564 2117 2705 2170 κατά
2732 2115 2831 2186 τὴν
2859 2114 2957 2185 τῆς
2993 2114 3216 2185 Γραφῆς
3246 2114 3571 2183 μαρτυρίαν.

2381 2210 2466 2265 H.
2502 2210 2611 2263 Καὶ
2633 2208 2699 2261 τὰ
2727 2207 2852 2277 περὶ
2884 2206 2976 2258 τὸν
3001 2206 3137 2276 ἀέρα
3162 2205 3218 2257 δὲ
3242 2204 3388 2271 πάθη
3412 2206 3534 2265 ταῖς
3565 2203 3891 2273 μεταεολαῖς

2307 2303 2510 2371 ταύτης
2554 2298 2983 2362 συνδιατίθεται,
3030 2298 3106 2358 ὡς
3143 2293 3512 2366 μαρτυροῦσιν
3546 2297 3687 2365 ἡμῖν
3730 2297 3792 2347 αῖ
3833 2313 3888 2347 τε

2309 2395 2447 2447 κατά
2472 2394 2569 2462 τὴν
2601 2390 2899 2460 νουμηνίαν
2936 2388 3193 2451 πολλάκις
3243 2387 3350 2440 ἀπὸ
3384 2387 3632 2458 γαλήνης
3664 2389 3761 2440 καὶ
3798 2406 3886 2459 νη-

2306 2488 2499 2557 νεμίας
2542 2485 2796 2553 αίφνίδιοι
2838 2486 3097 2558 ταραχαὶ,
3144 2482 3322 2552 νεφῶν
3368 2483 3756 2553 κλονουμένων
3800 2487 3891 2535 καὶ

2308 2580 2727 2651 συμπιπτόντων
2757 2576 3029 2649 ἀλλήλοις,
3072 2576 3166 2629 καὶ
3206 2576 3265 2628 αἱ
3298 2575 3425 2647 περὶ
3454 2574 3583 2637 τοὺς
3630 2574 3887 2646 εὑρίπους

2307 2674 2642 2745 παλίρῤοιαι,
2688 2673 2781 2725 καὶ
2821 2673 2854 2742 ὴ
2897 2671 3025 2742 περὶ
3050 2670 3141 2723 τὸν
3177 2668 3288 2741 (68)
3321 2668 3616 2740 λεγόμενον
3646 2667 3887 2721 ὠκεανὸν

2307 2769 2578 2837 ἄμπωτις,
2630 2767 2695 2836 ἢν
2736 2768 2859 2827 ταῖς
2895 2763 3163 2833 περιόδοις
3197 2763 3296 2833 τῆς
3341 2762 3571 2833 σελήνης
3617 2759 3886 2829 τεταγμέ-

2306 2878 2408 2921 νως
2436 2859 2706 2931 ἑπομένην
2738 2856 2958 2923 ἐξεῦρον
2994 2858 3041 2908 οἱ
3084 2854 3523 2922 προσοικοῦντες.
3548 2854 3614 2906 Oi
3652 2854 3752 2923 μὲν
3784 2852 3885 2919 γὰρ

2304 2951 2517 3020 εὔριποι
2573 2948 2960 3019 μεταρμουσιν
3008 2950 3091 3015 ἐφ’
3140 2948 3373 3016 ἑκάτερα
3424 2945 3567 2998 κατὰ
3612 2945 3684 2997 τά
3730 2944 3884 2996 λοιπά

2304 3050 2556 3116 σχήματα
2604 3045 2703 3113 τῆς
2749 3044 3003 3114 σελήνης’
3052 3045 3109 3096 ἐν
3153 3044 3210 3095 δὲ
3258 3041 3336 3111 τῷ
3380 3040 3561 3111 καιρῴ
3596 3042 3701 3111 τῆς
3735 3040 3884 3108 γενέ-

2256 3176 2270 3192 ,
2308 3156 2443 3201 σεως
2483 3137 2591 3208 (69)
2633 3136 2754 3190 οὐδὲ
2800 3137 2861 3190 τὸ
2903 3136 3239 3207 βραχύτατον
3267 3134 3622 3206 ἀτρεμοῦσιν,
3674 3134 3791 3188 ἀλλ’
3828 3136 3884 3187 ἐν

2310 3232 2455 3302 σάλῳ
2495 3232 2588 3284 καὶ
2638 3228 2975 3282 ταλαντώσει
3022 3228 3261 3299 διηνεκεῖ
3309 3225 3738 3297 καθεστήκασιν,
3785 3226 3882 3286 ἕως

2307 3324 2392 3389 ἂν,
2430 3326 2721 3393 ἐκφανεῖσα
2762 3320 2954 3386 πάλιν,
2987 3318 3307 3375 ἀκολουθίαν
3337 3318 3457 3373 τινά
3488 3321 3556 3389 τῇ
3592 3318 3883 3389 παλιρροία

2308 3417 2677 3489 παράσχηται.
2727 3414 2791 3467 Ἦ
2828 3414 2886 3468 δὲ
2929 3414 3168 3484 ὲσπερίαξ
3190 3413 3435 3468 θάλασσα
3466 3412 3567 3475 τὰς
3600 3410 3881 3480 ἀμπώτεις

2310 3511 2619 3581 ὑφίσταται,
2654 3507 2747 3561 νῦν
2787 3509 2883 3578 μὲν
2914 3505 3281 3560 ὑπονοστοῦσα
3318 3504 3452 3575 (70),
3489 3502 3654 3557 πάλιν
3681 3502 3737 3553 δὲ
3769 3504 3881 3553 ἐπι-

2308 3602 2595 3665 κλύζουσα,
2620 3600 2807 3671 ὥσπερ
2834 3600 3125 3663 ἀναπνοαῖς
3154 3598 3255 3668 τῆς
3279 3598 3505 3667 σελήνης
3538 3592 3877 3663 ὑφελκομένη

2308 3695 2441 3763 πρὸς
2473 3694 2535 3745 τὸ
2555 3692 2749 3755 όπίσω,
2788 3693 2883 3744 καὶ
2910 3690 3068 3742 πάλιν
3097 3690 3217 3750 ταῖς
3247 3688 3340 3739 ἀπ’
3375 3686 3545 3754 αὑτῆς
3580 3684 3877 3745 ἐκπνοίαις,

2304 3783 2382 3841 είς
2402 3781 2461 3831 τὸ
2488 3780 2685 3831 οίκεῖον
2720 3779 2917 3848 μέτρον
2948 3775 3359 3849 προωθουμένη.
3389 3774 3575 3828 Ταῦτά
3600 3791 3693 3844 μοι
3736 3775 3878 3844 εῐρη-

2302 3890 2389 3925 ται
2418 3871 2555 3943 πρὸς
2586 3870 2862 3935 ἀπόδειξιν
2899 3870 2994 3924 τοῦ
3038 3869 3179 3924 κατά
3212 3870 3337 3933 τοὺς
3372 3868 3671 3939 φωστῆρας
3721 3868 3875 3938 μεγέ-

2305 3965 2449 4030 θους,
2491 3964 2587 4017 καὶ
2622 3963 2880 4019 σύστασιν
2906 3961 3000 4017 τοῦ
3041 3963 3175 4034 μηδὲ
3209 3962 3371 4033 μέχρι
3405 3960 3680 4031 συλλαϐῆς
3712 3960 3876 4031 ἀργόν

2307 4076 2355 4111 τι
2385 4055 2523 4113 εἶναι
2546 4058 2654 4111 τῶν
2689 4056 3059 4111 θεοπνεύστων
3096 4057 3386 4128 ῥημάτων·
3433 4056 3612 4107 καίτοι
3640 4072 3704 4123 γε
3734 4054 3873 4108 οὐδε-

2309 4156 2392 4219 νὸς
2430 4154 2605 4225 ἥψατο
2643 4156 2824 4223 σχεδὸν
2860 4154 2969 4207 τῶν
3000 4154 3227 4223 καιρίων
3266 4155 3294 4205 ό
3322 4154 3509 4220 λόγος’
3555 4153 3732 4205 πολλά
3772 4152 3873 4221 γάρ

2306 4249 2430 4319 περὶ
2468 4247 2712 4318 μεγεθῶν
2750 4248 2841 4300 καὶ
2878 4247 3280 4315 ἀποστημάτων
3321 4246 3472 4315 ἡλίου
3517 4246 3613 4297 καὶ
3654 4246 3871 4314 σελήνης

2304 4342 2447 4392 ἔστιν
2488 4339 2727 4409 ἐξευρεῖν
2765 4340 2873 4400 τοῖς
2918 4337 3197 4407 λογισμοῖς
3224 4336 3313 4389 τὸν
3345 4336 3418 4407 μὴ
3451 4336 3752 4405 παρέργως
3780 4334 3873 4395 τὰς

2301 4431 2578 4503 ἐνεργείας
2624 4429 2801 4483 αὐτῶν
2855 4430 2947 4482 καὶ
2996 4429 3096 4492 τὰς
3146 4429 3400 4499 δυνάμεις
3442 4427 3867 4497 ἐπεσκεμμένον.

623 4517 732 4569 vim
756 4524 811 4569 et
836 4515 1091 4570 virtutem
1124 4528 1312 4568 eorum
1340 4514 1481 4567 haud
1503 4514 1880 4583 perfunctorie
1924 4516 2196 4581 expende-

2308 4524 2672 4594 Εὺγνωμόνως
2698 4519 2789 4577 οὖν
2834 4523 2915 4576 δεῖ
2944 4526 3272 4593 κατηγορεῖν
3312 4524 3457 4592 ἡμᾶς
3492 4520 3605 4588 (⁸71)
3636 4522 3739 4590 τῆς
3762 4520 3872 4573 ἐαυ-

626 4609 715 4662 rit.
745 4608 927 4677 Itaque
980 4610 1211 4675 ingenue
1247 4607 1557 4662 accusanda
1603 4615 1686 4661 est
1730 4616 1915 4661 nostra
1952 4608 2190 4676 ipsorum

624 4701 990 4765 imbecillitas,
1022 4718 1088 4757 ne
1141 4702 1267 4770 quis
1305 4700 1521 4769 opilicia
1563 4699 1801 4752 maxima
1844 4700 2041 4753 nostris
2076 4714 2193 4752 ver-

687 4836 732 4867 ⁸⁸
770 4834 932 4890 Eccli.
959 4849 1124 4899 xxvu,
1168 4836 1255 4888 12.

693 4925 802 4996 (67)
832 4925 946 4978 Duo
976 4939 1105 4979 mss.
1138 4928 1228 4977 καὶ
1256 4926 1429 4980 ταῦτα
1490 4927 1667 4981 πάλιν.
1708 4924 1853 4979 Infra
1884 4925 2015 4995 Reg.
2045 4929 2202 4995 quin-

618 5010 707 5068 tus
725 4996 1065 5068 εὐρυχωρίας
1092 4997 1514 5068 πληρουμένης.’

690 5066 801 5137 (68)
828 5068 939 5129 Illa,
968 5069 1063 5117 καὶ
1092 5068 1124 5136 ἡ
1152 5066 1276 5137 περὶ
1301 5068 1412 5132 τόν,
1428 5066 1567 5131 εις..
1588 5067 1667 5121 sic
1684 5068 1921 5136 explicat
1942 5067 2079 5121 idem
2113 5068 2199 5121 ille

618 5136 772 5203 i-njus
795 5137 909 5208 jam
943 5136 1269 5208 mentionem
1296 5138 1519 5191 fecimus
1542 5138 1798 5208 librarius
1828 5156 1841 5191 :
1872 5139 2197 5208 τικτομένης

618 5207 853 5277 γάρντῆς
899 5205 1148 5277 σελήνης,
1185 5209 1242 5259 ἐν
1296 5208 1491 5277 ἐκείνῳ
1518 5206 1596 5277 τῷ
1638 5208 1787 5277 τόπῳ
1829 5209 1921 5260 τοῦ
1960 5205 2197 5261 ὠκεανοῦ

616 5276 996 5359 ἀποδιίσταται
1027 5276 1091 5329 τὸ
1136 5276 1515 5359 κῦμα,,κα“ι⁷ή
1541 5276 1613 5359 γῆ
1656 5276 1874 5359 φαίνετε
1924 5281 2045 5359 (sic,
2087 5296 2197 5359 .pro

620 5346 914 5413 φαίνεται),
955 5340 1087 5400 Cum
1136 5340 1274 5401 enim
1298 5340 1444 5401 ﬁluua
1474 5340 1633 5415 parii,
1657 5340 1711 5401 in
1738 5349 1829 5401 illo
1856 5340 2040 5403 oceani
2078 5340 2191 5402 Ιὸεο

619 5427 822 5483 separat
842 5420 1060 5479 undam,
1086 5429 1131 5469 et
1149 5429 1288 5471 terra
1316 5430 1549 5485 apparet.

690 5486 801 5557 (69)
852 5486 1031 5543 Editio
1074 5488 1245 5558 Paris.
1307 5488 1572 5555 γενέσεως
1628 5490 1819 5558 αὐτῆς.
1880 5489 2038 5544 Deest
2090 5490 2187 5542 ab—

619 5559 715 5627 τῆς
773 5560 824 5610 in
870 5559 1105 5629 editione
1146 5557 1310 5612 Basil.
1340 5571 1393 5614 et
1427 5561 1477 5612 in
1524 5561 1706 5613 multis
1737 5575 1866 5614 mss.
1903 5560 2017 5613 Mox
2058 5560 2183 5629 Reg.

618 5640 803 5681 sextus
830 5627 973 5697 σάλῳ
1001 5628 1093 5679 καὶ
1118 5632 1326 5699 ταραχῆ
1363 5632 1619 5699 διηνεκεῖ.
1652 5630 1807 5695 Illud,
1840 5627 2186 5692 ταλαντώσεὶ,

618 5701 1002 5764 interpretatur
1048 5701 1295 5755 laudatas
1333 5705 1439 5770 jam
1475 5702 1725 5757 librarius
1767 5718 1851 5770 pet
1895 5717 2067 5757 rogem
2108 5721 2187 5755 γι-

615 5784 791 5838 νησει.

2302 4616 2407 4669 τῶν
2424 4614 2725 4675 ἀσθενείας,
2758 4612 2843 4666 ἵνα
2862 4612 2933 4682 μὴ
2954 4611 3032 4682 τῷ
3050 4612 3301 4683 ήμετέρῳ
3317 4611 3457 4679 λόγῳ
3480 4610 3749 4680 μετρῆται
3765 4608 3872 4680 (72)

2303 4708 2409 4760 τῶν
2460 4704 2953 4775 δημιουργημάτων
2990 4703 3058 4755 τὰ
3113 4703 3361 4773 μέγιστα,
3410 4700 3547 4754 ἀλλὰ
3582 4701 3641 4768 ἐξ
3682 4701 3873 4770 ὀλίγων

2371 4926 2482 4997 (70)
2508 4927 2619 4978 Duo
2650 4943 2779 4997 mss.
2806 4924 3195 4997 anovocrrob'aa.
3214 4924 3407 4979 Statim
3431 4926 3648 4981 codices
3674 4927 3873 4997 aliquot

2298 4995 2486 5067 ὥσπερ
2540 4995 2878 5062 ἀναπνοίαις.
2918 4998 3021 5050 Alii
3076 4996 3294 5067 quidam
3350 5011 3479 5067 mss.
3543 5012 3670 5050 cum
3717 4995 3871 5051 editis

2299 5065 2617 5129 ἀναπνοαῖς.
2681 5069 2920 5122 Subinde
2954 5068 3121 5121 editio
3184 5066 3372 5131 Basil.,
3430 5065 3594 5121 Coisl.
3648 5078 3873 5130 uterque

2296 5153 2349 5193 et
2406 5140 2495 5190 alii
2536 5139 2775 5207 quinque
2828 5153 2953 5191 mss.
2987 5137 3294 5207 ὲμπνοίαις.
3350 5137 3526 5207 Editio
3576 5136 3753 5190 Paris.
3785 5140 3862 5189 ἐκ·

2298 5208 2528 5270 πνοίαις.
2597 5206 2720 5262 Haec
2766 5208 2902 5261 luna:
2968 5208 3253 5275 respiratio
3309 5206 3641 5276 philosophis
3707 5207 3868 5261 nnsu'i

2298 5278 2554 5346 temporis
2589 5295 2691 5330 nun
2722 5281 2912 5345 placet.
2946 5276 3143 5331 Putant
3176 5278 3390 5345 quidem
3433 5287 3599 5331 aestus
3632 5278 3872 5344 reciprm

2292 5351 2562 5403 cntionem
2582 5363 2611 5399 a
2649 5348 2768 5401 luna
2797 5359 3051 5414 tanquam
3082 5363 3110 5400 a
3139 5363 3299 5401 causa
3330 5347 3598 5415 pendere:
3634 5347 3731 5400 sed
3766 5361 3872 5400 rem

2294 5423 2450 5487 longe
2492 5419 2647 5471 aliter
2678 5419 2969 5485 explicant.
2997 5418 3229 5472 Possunt
3262 5432 3448 5472 eorum
3481 5417 3602 5470 libri
3644 5433 3677 5469 ι
3706 5419 3874 5470 curio-

2292 5495 2363 5546 sis
2388 5490 2505 5546 leui.

2365 5508 2677 5629 (eictgi-Editio
2718 5558 2881 5612 Basil.
2927 5572 3069 5629 cum,
3103 5556 3251 5629 Bodl.
3286 5564 3339 5629 et
3366 5569 3487 5609 cum
3515 5554 3703 5610 multis
3752 5556 3869 5609 aliis

2298 5626 2425 5684 mss.
2457 5631 2775 5698 κατηγορεῖν
2808 5630 2971 5696 ἡμᾶς.
3002 5628 3175 5683 Editio
3200 5626 3368 5681 Paris.
3403 5640 3497 5694 per
3524 5629 3867 5681 oscitantiatn

2300 5704 2752 5764 tinnqrapliorutn
2788 5700 2948 5767 ὑμᾶς.

2381 5772 2482 5823 IT.”
2517 5770 2587 5823 ιω
2641 5784 2745 5822 tms
2800 5766 2848 5823 et
2874 5780 3097 5836 ultaque
3135 5778 3313 5823 nostra
3344 5766 3525 5823 editio.
3554 5766 3736 5833 Quare
3767 5782 3863 5824 non
