4092 6318
156 358 274 412 145

1259 360 1544 416 Honth
1593 361 1657 416 Vl
1698 360 1763 415 IN
1807 360 2299 419 IIEXAEMERON.
2406 338 2411 341 ’

3316 368 3411 424 ιιι

149 470 275 524 τῶν
330 472 634 543 εἰρημένων
675 476 805 545 παρ’
842 473 1054 537 ἑαυτοῖς
1106 474 1543 544 ἀναλογίζεσθαι,
1607 477 1722 530 πόσι

1858 476 1940 531 bis
1980 478 2272 533 metiatur:
2310 480 2403 535 sed
2431 494 2493 536 ex
2537 481 2725 551 paucis
2774 494 2895 552 qure
2937 477 3253 545 retulimus,
3289 490 3418 551 quot

150 565 288 618 τινά
312 566 427 618 ἐστι
459 569 553 620 καὶ
579 566 784 637 πηλίκα
821 567 888 619 τά
923 567 1249 639 παρεθέντα.
1280 566 1371 638 Μὴ
1401 566 1581 621 τοίνυν
1606 568 1741 641 μηδὲ

151 656 395 731 σελήνην
411 658 673 729 ὀφθαλμῷ
708 660 1004 731 μετρήσῃς,
1034 660 1169 714 ἀλλά
1198 658 1464 730 λογισμῷ,
1482 659 1540 723 ὃς
1565 658 1743 732 πολλῷ

149 747 270 802 τῶν
302 750 596 821 ὀφθαλμῶν
624 749 1010 823 ἀκριϐέστερος
1042 755 1157 805 ἐστι
1184 748 1320 821 πρὸς
1364 748 1620 819 ἀληθείας
1653 751 1743 805 εὖ·

151 858 336 913 ρεσιν.
366 840 542 894 Μῦθοί
570 859 713 907 τινες
752 844 1146 913 καταγέλαστοι
1192 841 1297 895 ὐπὸ
1334 841 1595 914 γραῖδίων
1641 861 1742 898 κω-

148 932 539 1002 Θωνιζομένων
578 934 1059 1008 παραληρούμένοι
1086 933 1361 1005 πανταχοῦ
1404 935 1737 1009 διεδόθησαν,

146 1028 235 1079 ὅτι
272 1030 635 1096 μαγγανείαις
658 1030 770 1081 τισὶ
794 1029 894 1099 τῆς
930 1028 1138 1092 οίκείας
1165 1029 1327 1101 ἔδρας
1348 1031 1740 1102 άποκινηθεῖσα

151 1116 360 1189 σελήνη
397 1118 533 1189 πρὸς
562 1119 665 1188 γῆν
693 1117 1085 1190 καταφέρεται.
1121 1119 1245 1185 Πῶς
1278 1123 1378 1193 μὲν
1404 1119 1496 1176 οὖν
1527 1122 1738 1191 κινήσει

149 1202 375 1279 γοήτων
410 1209 634 1280 ὲπαοιδὴ
654 1250 667 1274 ,
705 1208 769 1280 ἢν
805 1211 968 1274 αὐτὸς
993 1211 1355 1284 ὲθεμελίωσεν
1388 1217 1417 1266 ὁ
1440 1213 1734 1282 ’Ύψιστος;

150 1299 321 1363 ίιοῖος
357 1299 402 1351 δ’
431 1297 497 1352 ἂν
536 1301 629 1353 καὶ
671 1301 832 1366 τόπος
884 1304 1360 1359 κατασπασθεῖσαν
1404 1302 1572 1374 αὐτὴν
1631 1304 1735 1355 ὐπ-

142 1392 425 1458 εδέξατο;,
450 1392 636 1449 Βούλει
682 1396 789 1450 ἀπὸ
814 1398 1027 1471 μικρῶν
1057 1397 1372 1470 τεκμηρίων
1406 1396 1590 1451 λαϐεῖν
1638 1397 1734 1450 τοῦ

146 1483 422 1553 μεγέθους
454 1487 627 1558 αὐτῆς
661 1490 759 1562 τὴν
804 1490 1112 1554 ἀπόδειξινς
1152 1491 1217 1542 Δί
1250 1491 1389 1544 κατά
1413 1492 1512 1564 τὴν
1552 1494 1732 1546 οίκου-

144 1576 323 1649 μένην
358 1579 538 1644 πόλεις
588 1582 837 1635 πλεῖστον
876 1580 1123 1652 ἀλλήλων
1170 1583 1555 1656 ἀπῳκισμέναι
1611 1588 1733 1649 ταῖς

141 1669 293 1722 κατὰ
324 1671 423 1741 τὴν
449 1671 715 1740 ἀνατολὴν
736 1670 1139 1742 τετραμμέναις
1175 1674 1532 1746 ρυμοτομίαις
1552 1675 1730 1743 ἐξίσου

141 1763 326 1814 πᾶσαι
363 1764 424 1815 τὸ
448 1763 729 1834 σεληναῖον
760 1764 874 1834 φῶς
910 1766 1275 1839 ὑποδέχονται.
1304 1763 1401 1830 Ai;
1431 1770 1479 1821 εἰ
1517 1770 1592 1839 μή
1622 1769 1727 1822 πά-

1850 578 1905 623 et
1931 577 2132 639 quanta
2172 570 2281 623 sint
2304 584 2369 625 ea
2411 587 2529 641 quae
2573 572 2775 628 omissa
2823 572 3003 639 fuere,
3034 574 3173 642 apud
3203 588 3303 629 vos
3333 591 3419 628 re-

1850 669 2044 729 putare
2068 660 2300 715 debetis.
2326 659 2405 715 Ne
2435 663 2598 732 igitur
2624 661 2784 719 oculo
2810 664 2991 718 lunam
3028 663 3277 728 metiare,
3322 663 3415 717 sed

1853 755 2085 820 ratione,
2116 768 2238 823 quae
2258 754 2326 810 ad
2348 754 2723 813 inveniendam
2742 755 3026 811 veritatem
3058 742 3231 813 oculis
3259 756 3419 824 longe

1846 843 2157 899 accuratior
2188 852 2269 898 est
2305 859 2369 900 ac
2393 845 2616 899 certior.
2647 844 2908 901 Ridiculae
2945 847 3191 915 quaedam
3219 846 3416 901 fabulae

1847 936 1915 990 ab
1952 934 2186 990 aniculis
2222 934 2529 991 temulentis
2560 936 2881 1004 insipienter
2907 933 3173 999 conﬁt-tau,
3213 937 3412 1002 ubique

1844 1025 2177 1095 pervulgata:
2208 1037 2356 1093 sunt,
2384 1025 2530 1096 quod
2552 1024 2678 1081 luna
2704 1025 3159 1082 incantationibus
3181 1024 3408 1094 quibus-

1844 1118 1966 1171 dam
2002 1131 2064 1170 ex
2102 1120 2318 1188 propria
2366 1118 2495 1173 sede
2538 1126 2741 1183 emota,
2775 1118 2842 1170 ad
2886 1126 3081 1172 terram
3111 1116 3407 1174 deferatur.

1843 1211 2123 1277 Quomodo
2153 1225 2283 1281 ergo
2315 1210 2770 1282 praestigiatorum
2798 1210 3257 1266 incantamentum
3284 1226 3409 1267 eam

1838 1304 2131 1369 emovebit,
2161 1317 2321 1373 quam
2349 1305 2462 1375 ipse
2484 1303 2795 1360 Altissimus
2833 1302 3122 1359 fundavit?
3148 1305 3407 1371 Quisnam

1838 1412 1967 1453 vero
2021 1397 2173 1451 locus
2229 1397 2526 1452 detractam
2579 1398 2751 1467 ipsam
2784 1396 3058 1467 suscipere
3096 1396 3411 1467 potuisset?

1838 1487 1933 1543 Vis
1965 1504 2031 1542 ex
2065 1488 2276 1559 exiguis
2331 1489 2547 1543 indiciis
2605 1489 3030 1557 magnitudinem
3081 1488 3227 1545 illius
3262 1504 3407 1545 com.

1835 1590 2042 1651 pertam
2056 1579 2292 1638 habere?
2316 1579 2487 1637 Urbes
2507 1580 2655 1636 orbis
2678 1589 2965 1646 terrarum,
2993 1596 3155 1651 quam
3201 1581 3406 1652 longis-

1834 1676 1974 1730 simo
2034 1674 2161 1730 licet
2220 1675 2363 1731 inter
2405 1689 2465 1731 se
2514 1674 2719 1732 dissita:
2774 1674 3086 1741 intervallo,
3132 1689 3402 1746 “aqua

1833 1782 2023 1824 omnes
2044 1767 2097 1821 in
2127 1768 2192 1822 iis
2230 1767 2320 1837 qui
2349 1767 2542 1821 orienti
2585 1769 2799 1823 obversi
2828 1777 2955 1823 sunt
2982 1768 3121 1824 vicis
3142 1808 3159 1835 ,
3209 1767 3403 1823 lunare

144 1873 273 1919 σαις
324 1856 737 1926 ἀντιπρόσωπος
784 1852 872 1929 ἦν,
916 1860 1041 1924 τοὺς
1099 1861 1198 1931 μὲν
1254 1860 1341 1912 ἐπ’
1375 1858 1592 1921 εὐθείας
1621 1860 1722 1913 τῶν

1836 1864 2014 1919 lumen
2038 1828 2339 1934 excipiunt.
2362 1861 2569 1930 Quibus
2594 1862 2848 1917 omnibus
2866 1863 2968 1917 nisi
2988 1828 3292 1933 oppositam
3323 1862 3405 1918 la-

140 1948 441 2002 στενωπῶν
468 1951 684 2016 πάντως
709 1951 775 2005 ἂν
807 1953 1167 2021 κατεφὼτισε,
1196 1952 1325 2013 τοὺς
1353 1950 1409 2003 δὲ
1443 1950 1507 2003 τὸ
1527 1949 1727 2013 πλάτος

136 2038 318 2109 αὐτῆς
351 2040 792 2113 ὐπερπίπτοντας
818 2043 1233 2113 ἐγκεκλιμέναις
1273 2042 1338 2096 ἂν
1376 2046 1498 2106 ταῖς
1534 2044 1728 2113 αὐγαῖς

138 2133 238 2185 ἐπὶ
275 2134 347 2187 τὰ
404 2135 611 2205 πλάγια
649 2136 1133 2206 παραφερομέναις
1186 2134 1550 2207 προσέϐαλλεν
1588 2138 1723 2208 (75).

139 2225 329 2297 Ὅπερ
369 2227 462 2279 καὶ
517 2228 610 2280 ἐπὶ
650 2227 758 2279 τῶν
796 2227 1003 2297 λύχνων
1048 2225 1194 2280 ἐστιν
1245 2227 1371 2280 ἰδεῖν
1414 2229 1552 2282 κατά
1601 2230 1726 2293 τούς

136 2317 330 2383 οἴκους
358 2322 659 2393 γινόμενον.
708 2320 963 2375 Ἐπειδὰν
998 2320 1215 2384 πλείους
1263 2322 1588 2393 περιστῶσιν
1629 2323 1725 2375 αὐ-

134 2418 251 2483 τὸν,
300 2421 335 2488 ή
381 2420 480 2489 μὲν
521 2420 617 2474 τοῦ
654 2422 773 2474 κατ’
809 2419 1024 2475 εὐθεῖαν
1068 2421 1303 2483 ἑστῶτος
1333 2422 1461 2475 σκιὰ
1489 2422 1626 2492 πρὸς
1665 2421 1726 2474 τὸ

136 2512 327 2582 ὄρθιον
347 2514 711 2579 ἀποτείνεται,
740 2517 794 2569 ai
826 2515 881 2567 δὲ
903 2515 1087 2568 λοιπαὶ
1126 2516 1245 2569 καθ’
1270 2516 1529 2583 ἑκάτερον
1564 2511 1727 2582 μέρος

135 2605 483 2658 ἐκκλίνουσιν
519 2605 654 2675 (74).
698 2607 883 2671 Ὥστε,
919 2610 967 2660 εί
1021 2607 1095 2679 μὴ
1147 2607 1377 2660 ἄπλετόν
1420 2623 1474 2658 τι
1518 2601 1587 2677 ἦν
1633 2605 1725 2658 καὶ

140 2696 412 2766 ὑπερέχον
441 2696 661 2767 μεγέθει
682 2697 744 2749 τὺ
774 2697 1093 2769 σεληνιακὸν
1112 2697 1290 2769 σῶμα,
1318 2698 1418 2751 οὐκ
1438 2697 1505 2751 ἂν
1525 2698 1724 2768 ὁμοίως

138 2789 621 2861 ἀντιπαρετείνετο
652 2791 838 2845 πᾶσιν.
887 2791 1120 2862 Ὁμοίως
1148 2790 1256 2861 γάρ
1285 2790 1457 2859 αὐτῆς
1487 2790 1595 2844 ἀπὸ
1616 2790 1724 2843 τῶν

141 2881 478 2953 ίσημερινῶν
507 2883 688 2935 τόπων
719 2882 1115 2953 ἀνατελλούσης
1140 2883 1194 2936 οἵ
1218 2900 1277 2935 τε
1311 2879 1725 2955 προσοικοῦντες

138 2974 201 3041 τῇ
235 2972 625 3043 κατεψυγμένη
662 2974 758 3025 καὶ
800 2973 902 3025 ὑπὸ
945 2973 1056 3042 (75)
1089 2974 1187 3036 τὰς
1225 2973 1594 3047 περιστροφάς
1627 2974 1724 3045 τῆς

140 3066 345 3135 ἄρκτου
403 3064 644 3135 κείμενοι
687 3064 1194 3137 μεταλαμϐάνουσι,
1230 3067 1322 3119 καὶ
1368 3067 1418 3119 οἱ
1470 3066 1608 3119 κατά
1654 3065 1723 3119 τὰ

1833 1956 1972 2009 ciem
1998 1956 2245 2022 haberet,
2271 1960 2590 2026 angiportus
2617 1954 2834 2023 quidem
2868 1962 3015 2011 recta
3035 1955 3136 2024 ipsi
3162 1968 3399 2026 respon-

1831 2049 2023 2104 dentes
2038 2051 2263 2105 omnino
2293 2049 2623 2117 illustraret;
2656 2050 2709 2104 in
2738 2065 2833 2106 eos
2862 2063 2991 2105 vero
3017 2049 3127 2121 33
3154 2049 3247 2120 qui
3278 2049 3402 2104 lati-

1832 2142 2069 2198 tudinem
2097 2141 2268 2212 ipsius
2297 2142 2589 2205 excedunt,
2621 2141 2915 2196 inclinatos
2952 2142 3130 2195 radios
3162 2142 3214 2196 in
3258 2141 3398 2195 obli-

1828 2251 1934 2306 qua
1967 2236 2220 2307 delapsos
2246 2236 2585 2290 immitteret.
2610 2233 2664 2290 ld
2693 2235 2837 2305 quod
2865 2234 3029 2290 etiam
3063 2249 3126 2291 ex
3152 2236 3399 2299 accensis

1828 2333 1880 2385 in
1913 2331 2164 2386 domibus
2191 2329 2428 2386 lucernis
2450 2330 2743 2386 observare
2765 2328 2912 2386 licet.
2947 2328 3077 2383 Nam
3115 2344 3240 2384 cum
3274 2328 3398 2399 plu-

1827 2439 1917 2479 res
1968 2425 2429 2479 circumsteterint
2482 2425 2652 2491 ipsam
2693 2424 3003 2488 lucernam,
3044 2423 3233 2477 umbra
3279 2424 3396 2490 ejus

1827 2517 1918 2586 qui
1943 2515 2152 2571 directo
2186 2524 2317 2580 stat,
2351 2516 2404 2570 in
2451 2515 2722 2569 directum
2766 2514 3067 2584 porrigitur
3096 2555 3113 2581 ,
3173 2514 3396 2594 reliquae

1825 2622 1955 2662 vero
1999 2606 2055 2663 in
2092 2617 2379 2677 utramque
2430 2607 2707 2663 declinant
2760 2618 2993 2678 partem.
3055 2608 3260 2677 Quare,
3289 2609 3392 2666 nisi

1824 2715 2018 2770 corpus
2072 2700 2263 2756 lunare
2301 2709 2449 2755 esset
2492 2699 2813 2756 immensum
2872 2700 3129 2770 quiddam
3168 2710 3224 2755 et
3256 2715 3394 2770 pra:-

1824 2792 2045 2861 grande,
2078 2807 2184 2846 non
2226 2792 2416 2860 utique
2461 2793 2528 2846 ad
2576 2806 2767 2847 omnes
2814 2792 3065 2846 similiter
3100 2792 3395 2847 extendere

1826 2898 1886 2937 se
1908 2892 2113 2953 posset.
2149 2881 2309 2936 Enim
2337 2895 2468 2937 vero
2493 2881 2602 2951 qui
2651 2890 2707 2936 et
2733 2896 2925 2936 zonam
2951 2882 3213 2953 rigentem
3243 2897 3396 2939 acco-

1827 2975 1963 3040 lunt,
1999 2984 2055 3030 et
2086 2974 2188 3029 sub
2212 2988 2353 3029 ursa
2392 2973 2483 3028 siti
2506 2981 2636 3029 sunt
2656 2975 3128 3041 conversionibus,
3155 2986 3211 3029 et
3237 2974 3392 3042 juxta

1827 3067 2075 3122 meridiei
2100 3080 2232 3121 cava
2264 3065 2429 3121 vicini
2465 3076 2592 3121 sunt
2622 3080 2773 3122 zonae
2797 3067 3038 3131 torrida,
3072 3066 3127 3121 bi
3167 3066 3291 3120 luna
3324 3066 3394 3122 ab

141 3155 295 3209 κοῖλα
324 3158 425 3228 τῆς
455 3158 803 3231 μεσημϐρίας
826 3159 925 3230 τῆς
956 3158 1397 3229 διακεκαυμένης
1442 3159 1680 3227 γείτονες
1702 3174 1715 3187 ·

1827 3157 2291 3228 mquinoctialibus
2338 3156 2470 3212 locis
2498 3158 2709 3214 oriente
2750 3158 2953 3226 pariter
2978 3156 3268 3212 fruuntur:
3324 3157 3393 3212 ad

140 3243 219 3313 οἷς
251 3252 390 3303 πᾶσι
428 3251 571 3303 κατὰ
595 3251 655 3303 τὸ
697 3252 898 3314 πλάτος
944 3248 1413 3323 ἀντιπαρήκουσα,
1450 3250 1719 3320 σαφεστά-

139 3359 242 3412 την
281 3343 591 3414 μαρτυρίαν
636 3343 729 3397 τοῦ
790 3344 1055 3413 μεγέθους
1112 3344 1430 3414 παρέχεται.
1482 3345 1580 3408 Τίς
1626 3340 1721 3398 οὖν

140 3436 357 3507 ἀντερεῖ
387 3436 463 3506 μὴ
489 3436 609 3506 οὐχὶ
639 3436 993 3506 παμμέγεθες
1024 3436 1195 3507 αὐτῆς
1222 3431 1360 3488 εἶναι
1413 3436 1475 3488 τὸ
1525 3435 1716 3506 σῶμα,

138 3528 199 3581 τδ
220 3527 566 3600 τηλικούτοις
596 3527 730 3599 ὁμοῦ
777 3530 872 3581 καὶ
910 3528 1187 3591 τοσούτοις
1227 3528 1587 3599 διαστήμασιν
1637 3528 1722 3593 εξ-

144 3620 426 3693 ισούμενον
450 3638 464 3687 ;
493 3620 602 3674 Καὶ
621 3620 688 3673 τά
720 3621 818 3691 μὲν
848 3622 975 3691 περί¹
1004 3620 1251 3692 μεγεθῶν
1278 3620 1430 3692 ἡλίου
1452 3622 1544 3674 καὶ
1569 3621 1721 3693 σελή-

143 3733 235 3784 νης
250 3717 344 3769 ἐπὶ
375 3713 648 3768 τοσοῦτον.
691 3714 852 3785 Ἡμῖν
877 3714 982 3767 δὲό
1006 3716 1374 3787 χαρισάμενος
1391 3714 1631 3769 διάνοιαν
1656 3718 1718 3768 ἐκ

142 3806 245 3859 τῶν
277 3808 621 3879 μικροτάτων
644 3807 742 3877 τῆς
776 3808 1005 3871 κτίσεως
1032 3809 1131 3879 τὴν
1166 3808 1407 3879 μεγάλην
1420 3807 1514 3862 τοῦ
1545 3810 1721 3880 τεχνί-

142 3913 230 3948 του
246 3896 571 3967 σοφίαν(“16)
601 3898 1063 3968 καταμανθάνειν,
1093 3898 1367 3969 παράσχοι
1398 3901 1491 3953 καὶ⁵
1517 3902 1581 3953 ἐκ
1604 3900 1716 3953 τῶν

146 3990 397 4057 μεγάλων
429 3990 680 4060 μείζονας
701 3990 1000 4060 λαμϐάνειν
1025 3991 1122 4055 τὰς
1148 3993 1358 4055 ἐννοίας
1374 3992 1469 4045 τοῦ
1504 3994 1717 4046 κτίσαν-

143 4099 245 4146 τος.
274 4083 539 4151 Καίτοιγε
569 4084 853 4155 συγκρίσει
870 4082 961 4136 τοῦ
987 4084 1213 4155 ποιητοῦ
1236 4084 1386 4153 ἦλιος
1407 4086 1501 4138 καὶ
1520 4084 1713 4157 σελήνη

144 4174 361 4244 ἐμπίδος
397 4175 492 4228 καὶ
533 4176 823 4248 μύρμηκος
863 4178 1119 4246 ἐπέχουσι
1148 4177 1302 4245 λόγον
1342 4177 1476 4247 (77).
1507 4178 1580 4230 Οὐ
1607 4177 1715 4248 γὰρ

144 4267 282 4321 ἔστιν
307 4268 469 4332 ἀξίαν
497 4268 592 4321 τοῦ
624 4268 890 4339 μεγέθους
915 4270 1008 4322 τοῦ
1037 4270 1172 4323 Θεοῦ
1199 4269 1308 4322 τῶν
1345 4270 1479 4323 ὅλων
1507 4272 1572 4323 ὲκ
1602 4268 1716 4323 τού-

143 4375 245 4411 των
268 4358 458 4412 λαὸεῖν
480 4359 579 4429 τὴν
613 4359 866 4429 θεωρίαν,
890 4359 1025 4413 ἀλλά
1055 4364 1277 4432 μικραῖς
1301 4379 1411 4413 τισι
1440 4360 1533 4415 καὶ
1573 4361 1714 4432 ἀμυο

143 4451 286 4521 δραῖς
311 4451 585 4522 ἐμφάσεσι
605 4451 671 4504 δι’
688 4452 866 4506 αὐτῶν
902 4452 1334 4523 προϐιϐασθῆναι
1366 4452 1501 4525 ('78),
1526 4452 1712 4523 ὥσπερ

1823 3265 1961 3321 quos
2001 3264 2191 3305 omnes
2239 3247 2537 3303 secundum
2582 3247 2919 3302 latitudinem
2950 3262 3014 3302 ex
3037 3248 3266 3303 adverso
3299 3262 3392 3304 ac-

1820 3346 2042 3409 cedens,
2080 3340 2468 3413 magnitudinis
2499 3355 2610 3395 suae
2660 3341 3027 3396 testimonium
3062 3339 3391 3399 ntanilestis-

1822 3438 2019 3491 simum
2050 3436 2275 3503 prabet.
2317 3432 2452 3499 Quis
2481 3433 2645 3502 igitur
2693 3432 2903 3488 inﬁcias
2933 3433 3060 3488 ierit
3093 3434 3389 3487 maximum

1821 3539 1943 3580 esse
1967 3525 2137 3594 ipsius
2170 3536 2387 3593 corpus,
2418 3537 2543 3578 cum
2571 3530 2650 3575 tot
2683 3534 2747 3576 ac
2776 3522 2940 3576 tantis
2985 3521 3148 3575 simul
3187 3522 3390 3576 distan-

1828 3619 1918 3673 tiis
1949 3616 2309 3688 adaequetur?
2338 3617 2401 3671 Et
2427 3616 2643 3685 quidem
2669 3617 2737 3670 de
2760 3614 2893 3671 solis
2921 3629 2985 3670 ac
3016 3614 3155 3670 lunas
3185 3613 3390 3685 magni-

1824 3711 2010 3768 tudine
2033 3711 2317 3765 hactenus.
2344 3707 2613 3763 Ceterum
2660 3707 2752 3775 qui
2800 3721 2923 3761 eam
2976 3705 3389 3774 intelligentiam

1822 3807 2034 3869 tribuit,
2070 3813 2131 3860 ut
2156 3818 2223 3858 ex
2253 3801 2495 3858 minimis
2532 3803 2694 3855 rebus
2728 3800 2928 3854 creatis
2958 3812 3207 3867 magnam
3230 3796 3389 3867 opiﬁ-

1818 3898 1935 3954 licis
1962 3896 2280 3966 sapientiam
2307 3893 2769 3954 condisceremus,
2794 3889 2998 3943 tribuat
3030 3889 3194 3946 etiam
3223 3898 3283 3943 ut
3320 3901 3387 3944 ex

1818 3987 2030 4056 magnis
2055 3983 2262 4050 majora
2298 3983 2367 4035 de
2399 3990 2648 4033 creatore
2676 3980 2973 4034 sentiamus
3001 3980 3392 4050 concipiamus-

1817 4092 1943 4146 quo.
1974 4075 2299 4141 Quanquam
2323 4071 2622 4127 conditoris
2638 4071 3063 4140 comparatione,
3086 4070 3165 4125 sol
3187 4080 3240 4125 et
3262 4070 3388 4125 luna

1818 4165 2006 4221 culicis
2033 4179 2096 4219 ac
2129 4162 2367 4217 formicae
2416 4162 2678 4217 rationem
2720 4161 2993 4216 obtinent.
3024 4159 3184 4216 Notio
3220 4161 3388 4231 siqui-

1815 4257 1936 4311 dem
1969 4270 2089 4324 quae
2125 4253 2220 4308 Dei
2267 4254 2645 4308 universorum
2678 4253 3047 4323 magnitudine
3092 4254 3253 4323 digna
3290 4255 3385 4320 sit,

1815 4365 1883 4403 ex
1913 4349 1979 4404 iis
2003 4348 2209 4402 desumi
2240 4360 2345 4401 non
2372 4354 2551 4415 pateat
2586 4364 2599 4399 :
2626 4345 2719 4401 sed
2754 4359 2820 4399 ex
2859 4347 3039 4415 parvis
3060 4346 3386 4415 quibusdam

1815 4451 1869 4497 et
1905 4442 2155 4496 tenuibus
2180 4440 2395 4494 indiciis
2425 4455 2523 4510 per
2564 4441 2679 4509 ipsa
2719 4440 3176 4509 quemadmodum
3204 4450 3260 4494 et
3291 4454 3387 4511 per

146 4544 233 4596 καὶ
256 4544 322 4597 δι’
348 4520 588 4599 Ῠὲκάστου
615 4544 724 4597 τῶν
754 4520 1095 4617 μικροτάτων
1122 4546 1179 4599 ὲν
1210 4520 1426 4617 ξώοιςήῆ
1460 4520 1520 4600 εν
1554 4520 1707 4617 βοτάλ

1827 4535 2025 4606 singula
2059 4534 2423 4590 minutissima
2450 4532 2730 4595 animalia,
2777 4541 2872 4587 aut
2896 4532 3062 4585 etiam
3090 4548 3189 4603 per
3212 4533 3386 4588 minu-

148 4652 272 4699 ναις.
325 4636 709 4707 Ἀρκεσθῶμεν
735 4639 848 4700 τοῖς
884 4638 1221 4708 εἰρημένοις·
1260 4636 1373 4707 ἐγὼ
1420 4637 1519 4709 μὲν
1547 4638 1708 4708 εὐχα-

150 4729 398 4796 ριστήσας
422 4726 503 4796 τῷ
526 4726 624 4799 τὴν
656 4727 858 4798 μικράν
908 4745 997 4797 μοι
1044 4728 1246 4798 ταύτην
1290 4728 1564 4783 διακονίαν
1611 4729 1704 4782 τοῦ

150 4814 295 4884 λόγου
335 4820 719 4891 χαρισαμένῳ,
768 4821 925 4891 ὑμεῖς
972 4819 1028 4872 δὲ
1074 4819 1151 4889 τῷ
1193 4820 1532 4893 διατρέφοντι
1560 4821 1705 4891 ὑμᾶς

149 4910 259 4968 ταῖς
296 4912 695 4979 πνευματικαῖς
734 4912 991 4980 τροφαῖς,
1044 4909 1103 4972 ὃς
1143 4911 1237 4963 καὶ
1288 4908 1382 4963 νῦν
1422 4912 1566 4981 ὑμᾶς
1594 4906 1704 4965 οἷον

152 4995 360 5067 κριθίνῳ
397 4998 507 5050 τινὶ
545 5000 695 5070 ἄρτῳ
732 5002 797 5070 τῇ
823 4999 1068 5070 εὐτελείᾳ
1095 5000 1193 5070 τῆς
1214 5001 1487 5071 ἡμετέρας
1524 5003 1707 5070 φωνῆς

147 5084 377 5157 διέθρεψε
398 5106 412 5118 ·
449 5090 543 5142 καὶ
564 5090 839 5164 διατρέφοι
876 5108 939 5161 γε
962 5092 1043 5155 είς
1079 5093 1188 5157 ἀεὶ,
1218 5092 1359 5145 κατά
1384 5092 1480 5164 τήν
1518 5093 1706 5147 ἀναλο-

156 5330 302 5409 tuenti
329 5345 521 5409 sumus
552 5329 826 5409 Duemum,
852 5335 955 5409 qui
978 5336 1053 5390 ait
1076 5335 1177 5409 legi
1196 5349 1468 5409 oportere
1498 5336 1705 5409 μετρῆ-

151 5412 219 5475 τε.
242 5400 380 5475 ,νηιιᾷ
400 5415 589 5455 rursus
610 5404 714 5475 _vir_
734 5400 1083 5460 doctissimus
1106 5400 1207 5475 legi
1240 5400 1327 5460 liic
1348 5400 1547 5462 debere
1576 5400 1703 5460 ἀνα-

152 5469 443 5545 ξνογίσησθε,
464 5486 571 5525 non
598 5472 1006 5541 ἀναλογίσασθε,
1039 5488 1093 5529 ut
1119 5469 1184 5529 in.
1203 5477 1429 5545 vulgatis
1458 5479 1700 5532 habetur.

154 5534 247 5615 {fed
275 5534 438 5594 nostri
468 5556 657 5595 novem
704 5534 830 5598 mss.
875 5534 1044 5613 neque
1080 5534 1490 5641 ἀναλογίσησθε,
1531 5563 1705 5616 neque

156 5607 521 5641 ηυηὶηυιρηρα-
558 5613 843 5641 ..-η.ί’.........
912 5616 1001 5641 -..Α
1028 5616 1243 5641 ,ιη-πμλ
1281 5634 1301 5641 -
1380 5634 1427 5641 ...

156 5607 539 5689 ἀνιῖιλξιγξσασθεΔ
558 5613 873 5689 praeferunt,
1024 5607 1451 5689 ἀναλογίζεσθαι.

342 5679 415 5756 lt_a
433 5682 585 5735 multi
619 5697 744 5756 mss.
781 5687 841 5735 At
871 5686 997 5737 editi
1031 5679 1378 5756 προσέϐαλεν.

188 5748 317 5814 ,(74)
370 5751 472 5805 Sex
534 5769 663 5807 mss.
719 5748 1087 5808 ἐκκ).ἶνουσιν.’
1140 5757 1277 5809 Ιςιιιιι
1337 5756 1688 5821 ἐγκλίνουσιν.

160 5810 262 5869 δὲνῐ.
287 5810 482 5889 ινειηοιιι
512 5838 638 5877 ιιτεε.
672 5836 862 5893 ιη’ςυιοι·
902 5828 1141 5883 Combi'l.
1178 5810 1406 5881 ἄπλετόν
1430 5844 1477 5879 τι
1529 5816 1685 5884 ιῖἒιυδ(

1818 4632 2058 4686 tissimas
2084 4629 2283 4684 herbas
2319 4628 2638 4681 incitamur.
2684 4623 2780 4679 His
2823 4640 2953 4693 quae,
2976 4623 3118 4679 dicta
3180 4624 3333 4681 luere
3368 4666 3385 4689 ,

1814 4726 1983 4779 simus
2012 4725 2274 4777 contenti.
2307 4720 2417 4789 Ego
2447 4719 2661 4788 quidem
2691 4718 2895 4787 gratias
2931 4733 3030 4788 ago
3056 4718 3126 4781 ei,
3158 4718 3249 4787 qui
3275 4720 3387 4775 exl-

1810 4830 1967 4885 guam
1995 4814 2134 4867 hanc
2164 4812 2315 4867 verbi
2339 4810 2865 4864 administrationem
2889 4809 3017 4863 mihi
3046 4810 3340 4879 impertivit
3366 4827 3383 4879 ;

1811 4924 1910 4963 vos
1946 4922 2074 4962 vero
2100 4914 2284 4976 grates
2313 4903 2636 4974 persolvatis
2667 4902 2717 4955 ei
2749 4902 2839 4971 qui
2878 4916 2971 4956 vos
3011 4903 3385 4971 spiritualibus

1817 4999 1987 5053 nutrit
2015 4997 2312 5061 alimentis,
2338 4996 2427 5062 qui
2460 4995 2623 5047 etiam
2650 5009 2789 5047 nunc
2821 5007 2915 5047 vos
2934 4994 3084 5047 vocis
3112 5007 3246 5047 meae
3267 4998 3385 5047 cxi-

1814 5093 1967 5147 litate
2019 5100 2274 5158 tanquam
2321 5090 2621 5143 hordeaceo
2669 5086 2902 5157 quodam
2970 5100 3109 5156 pane
3174 5089 3385 5143 enutri-

1806 5352 1859 5387 τι
1885 5336 1951 5389 ιιι)
1982 5331 2161 5387 editis.

1880 5402 1993 5474 (75)
2017 5402 2194 5457 Editio
2216 5400 2380 5456 Basil.
2402 5414 2531 5474 cum
2553 5400 2796 5471 quinque
2824 5411 2953 5453 mss.
2986 5396 3081 5451 καὶ
3122 5395 3245 5450 ὑπό.
3267 5394 3387 5450 Edi-

1811 5471 2079 5530 lio‘Pa’ris.
2101 5474 2195 5528 atat
2220 5475 2267 5525 οί
2310 5471 2433 5525 ὑπό.

2034 5541 2109 5598 Ita
2163 5558 2354 5600 novem
2400 5555 2533 5597 mss.
2564 5541 2634 5595 At
2665 5539 2794 5595 editi
2831 5536 3073 5610 μεγάλην
3098 5534 3195 5591 τοῦ
3244 5532 3387 5590 Θεοῦ

1807 5631 2017 5668 σοφίαν.

1875 5633 2132 5751 ῗῖῗΐῦιιο
2167 5699 2293 5737 n‘ss.
2321 5682 2499 5753 ἔχουσι
2532 5681 2710 5749 λόγον.

1875 5755 1986 5823 (⁷8)
2034 5751 2386 5833 (ἷυιηνυκηδςίὶ
2426 5751 2891 5833 ῖςροσϐιϐασθῆναι
2940 5754 3078 5808 Editi
3116 5769 3237 5810 cum
3263 5754 3381 5811 alii:

1802 5822 1970 5881 uilius
2002 5841 2127 5879 tuas.
2160 5822 2606 5895 προθείὶατθῆναι.
