4092 6318
148 390 272 448 149

1244 389 1530 446 llOMlLlA
1576 391 1660 444 \‘ll
1698 391 1762 445 IN
1797 390 2289 445 IIEXAEMLRON.

3280 391 3382 447 150

143 508 383 570 κοῦντα,
417 501 524 562 οἷον
559 507 735 576 φῶκαι
766 507 860 560 καὶ
885 506 1124 575 δελφῖνες
1158 509 1250 560 καὶ
1281 509 1500 578 νάρκαι,
1541 508 1634 560 καὶ
1657 507 1722 559 τα

1831 517 1957 570 tur,
2010 517 2066 558 ut
2121 507 2351 574 phocae,
2402 505 2720 573 delphines,
2787 504 3135 574 torpedines,
3191 514 3245 559 et
3299 506 3384 561 his

142 601 326 670 ὅμοια
363 599 598 662 τούτοις,
638 599 706 652 τὰ
737 598 935 668 σελάχη
963 597 1255 667 λεγόμενα;
1293 600 1354 650 ού
1385 599 1452 650 τά
1483 599 1724 660 ωοτόκα,

145 688 312 760 ᾶπερ
347 689 461 741 ἐστὶ
497 688 675 741 πάντα
719 688 899 758 σχεδὸν
941 686 1047 739 τῶν
1089 686 1284 756 ὶχθύων
1314 689 1380 740 τὰ
1417 689 1578 757 γένης
1628 689 1726 758 ούχ

143 783 182 833 ὃ
197 799 264 834 σα
287 780 574 844 λεπιδωτὰ,
589 781 687 850 ούχ
713 782 811 833 ὃσα
837 779 1097 848 φολιδωτα
1119 780 1250 849 (85),
1265 781 1362 850 ούχ
1379 775 1457 842 οἷς
1474 783 1588 832 ἐστι
1607 797 1728 832 πτε-

148 874 330 943 ρύγια
353 873 446 925 καὶ
477 870 557 936 οἷς
593 874 665 944 μή
698 875 876 933 tactv;
919 872 982 923 Ἡ
1018 871 1114 940 μὲν
1158 872 1309 942 φωνὴ
1356 871 1450 924 τοῦ
1487 873 1725 943 προστά-

143 981 374 1034 γματος
432 966 620 1036 μικρὰ,
675 963 870 1034 μᾶλλον
918 962 974 1015 δὲ
1018 963 1139 1016 οὐδὲ
1174 964 1343 1034 φωνὴ,
1395 964 1531 1018 ἀλλὰ
1585 965 1722 1036 ῥοπὴ

150 1059 329 1128 μόνον
367 1059 458 1112 καὶ
492 1059 632 1130 ὁρμὴ
673 1056 766 1109 τοῦ
806 1056 1136 1126 θελήματος·
1190 1058 1250 1109 τὸ
1297 1059 1353 1110 δὲ
1398 1059 1496 1128 τῆς
1542 1059 1598 1110 ἐν
1646 1056 1723 1127 τῷ

146 1150 549 1220 προστάγματι
577 1148 812 1211 διανοίας
841 1147 1103 1217 πολύχουν
1132 1147 1382 1202 τοσοῦτόν
1410 1150 1573 1210 ἐστιν,
1604 1147 1723 1199 ὅσαι

145 1244 256 1294 καὶ
303 1242 412 1308 (86)
457 1244 511 1293 αἱ
559 1239 663 1292 τῶν
719 1238 912 1309 ἰχθύων
951 1240 1201 1310 διαφοραὶ
1249 1239 1342 1292 καὶ
1396 1238 1721 1307 κοινότητες,

144 1325 242 1396 οἷς
277 1336 411 1386 πᾶσι
448 1334 511 1385 δι’
541 1330 820 1401 ἀκριϐείας
868 1330 1174 1396 ἐπεξελθεῖν
1206 1331 1316 1382 ἴσον
1349 1331 1463 1382 ἐστὶ
1503 1331 1597 1382 καὶ
1629 1328 1725 1382 κύ-

151 1441 313 1492 ματα
353 1423 615 1489 πελάγους
643 1422 1090 1493 ἀπαριθμεῖσθαι,
1126 1421 1158 1492 ἢ
1188 1425 1305 1485 ταῖς
1330 1421 1580 1484 κοτύλαις
1607 1439 1725 1473 πει-

154 1514 367 1583 ρᾶσθαι
398 1514 457 1564 τὸ
483 1511 623 1583 ὕδωρ
653 1513 750 1582 τῆς
780 1513 1048 1583 Θαλάσσης
1090 1513 1436 1583 άπομετρείν.
1483 1515 1724 1582 Ἐξίιγα-

149 1606 309 1676 γέτω
336 1605 404 1658 τὰ
434 1604 618 1657 ὕδατα
643 1604 876 1672 ἑρπετά.
912 1605 997 1656 Ἐν
1018 1603 1226 1668 τούτοις
1253 1605 1328 1658 ἔνι
1354 1605 1425 1658 τὰ
1449 1604 1721 1672 πελίὶγια,

145 1699 226 1750 τὰ
257 1695 571 1766 αἰγιαλὼδη,
596 1696 662 1749 τὰ
698 1696 875 1765 βύθια,
899 1698 967 1750 τα
1000 1697 1265 1770 πετρώδη,
1292 1698 1357 1750 τὰ
1388 1697 1630 1764 ἀγελαῖα,
1657 1697 1724 1750 τὰ

147 1787 482 1857 σποραδικά,
518 1789 584 1842 τα
636 1791 797 1859 κήτη,
841 1789 906 1841 τὰ
954 1791 1263 1860 ὑπέρογκα,
1310 1787 1377 1840 τὰ
1421 1787 1722 1840 λεπτότατα

1827 598 2023 651 similia
2057 638 2071 660 ,
2120 614 2238 666 qua-3
2301 599 2550 650 dicuntur
2613 596 3044 664 cartilaginosa?
3097 613 3277 652 annon
3321 613 3382 652 ea

1825 693 2208 759 comprehensa
2260 699 2382 744 sunt
2437 706 2556 760 quze
2615 704 2714 743 ova
2772 692 2972 754 edunt,
3027 690 3202 759 qualia
3257 703 3388 747 sunt

1823 787 1998 839 omnia
2030 786 2142 839 fere
2193 787 2414 853 piscium
2473 799 2668 853 genera
2694 785 2717 837 ?
2749 799 2922 836 nonne
2949 799 3232 852 squamosa
3262 799 3380 839 om-

1825 879 1910 931 nia
1932 879 1954 929 ?
1979 893 2152 932 nonne
2183 879 2359 932 omnia
2407 878 2669 930 corticosa
2699 876 2721 928 7
2749 891 2920 929 nonne
2954 877 3147 944 quibus
3206 877 3386 932 insunt

1822 970 2020 1038 pinum,
2047 980 2100 1022 et
2132 970 2323 1035 quibus
2367 983 2468 1021 non
2526 967 2698 1022 sunt?
2725 967 2837 1021 Vox
2887 967 3100 1036 quidem
3133 969 3382 1038 praecepti

1822 1073 2009 1125 parva,
2046 1060 2154 1112 imo
2184 1074 2250 1111 ne
2289 1073 2388 1111 vox
2422 1057 2658 1125 quidem,
2691 1059 2782 1110 sed
2811 1057 2979 1110 solum
3015 1067 3175 1111 nutus
3207 1067 3261 1111 et
3289 1073 3384 1112 vo-

1824 1147 2045 1201 luntatis
2079 1149 2345 1215 impetus:
2381 1155 2432 1199 at
2469 1162 2596 1200 vero
2639 1148 2939 1212 sententia),
2963 1162 3078 1211 qua:
3101 1149 3153 1201 in
3180 1163 3384 1217 praece-

1823 1250 1914 1308 pto
1937 1239 2219 1301 delitescit,
2254 1248 2396 1292 tanta
2423 1251 2507 1292 eSt
2558 1238 2810 1298 varietas,
2843 1249 3042 1308 quanta
3081 1248 3135 1292 et
3165 1238 3277 1308 ipsa
3306 1239 3386 1306 pi-

1824 1332 1994 1383 scium
2022 1329 2340 1393 diﬂ‘erentia,
2371 1339 2460 1382 aut
2487 1329 2738 1384 societas.
2773 1329 2902 1396 Quae
2921 1331 3100 1384 omnia
3135 1341 3384 1385 accurate

1825 1437 2124 1488 recensere,
2150 1423 2367 1490 perinde
2390 1431 2470 1475 est
2503 1434 2662 1491 atque
2697 1423 2740 1474 si
2777 1423 3044 1491 quispiam
3073 1422 3267 1476 ﬂuctus
3296 1437 3386 1491 pe-

1825 1508 1924 1572 lagi
1959 1522 2298 1572 enumerare,
2337 1517 2427 1561 aut
2479 1524 2668 1563 manus
2710 1510 2823 1563 vola
2857 1527 3048 1580 aquam
3103 1512 3265 1565 maris
3293 1515 3385 1564 ad-

1825 1599 1998 1651 metiri
2059 1613 2361 1653 conaretur.
2407 1601 2708 1654 Producant
2760 1618 2906 1671 aqua:
2959 1603 3178 1667 replilia.
3210 1603 3264 1656 lu
3304 1604 3386 1658 his

1824 1700 1949 1743 sunt
1971 1692 2194 1758 pelagio,
2229 1692 2463 1757 littorea,
2493 1694 2594 1747 alia
2624 1695 2675 1748 in
2709 1695 2968 1764 profundo
2992 1695 3254 1765 degentia,
3284 1697 3384 1751 alia

1826 1783 1991 1851 petris
2027 1783 2350 1836 adhaerentia
2393 1801 2405 1835 :
2442 1797 2567 1838 sunt
2623 1789 2880 1856 gregalia,
2937 1789 3206 1856 solivaga,
3248 1800 3385 1855 cete,

146 1880 264 1931 τῶν
316 1880 528 1950 ἰχθύων.
590 1882 665 1952 Τῇ
711 1881 818 1952 γὰρ
865 1883 999 1951 αύτῇ
1051 1881 1294 1950 δυνάμει,
1357 1882 1450 1933 καὶ
1504 1879 1580 1950 τῷ
1627 1879 1722 1950 ἴσῳ

1827 1877 2041 1929 maximi
2073 1887 2127 1930 et
2163 1878 2504 1931 minutissimi
2531 1878 2724 1948 pisces.
2758 1880 3039 1934 Enimvero
3070 1885 3266 1938 virtute
3299 1899 3390 1938 ea-

147 1973 562 2042 προστάγματι,
596 1974 654 2026 τό
681 1991 735 2026 τε
776 1973 915 2043 μέγα
947 1974 1127 2025 καὶτὸ
1159 1973 1352 2043 μικρὸν
1389 1972 1724 2042 μεταλαγχά-

143 2079 236 2114 νει
259 2063 353 2115 τοῦ
381 2059 534 2117 εἶναι.
576 2063 936 2132 Ἔξίιγαγέτω
959 2064 1028 2116 τὰ
1056 2064 1255 2118 ὕδατα.
1290 2065 1494 2131 "eas-.5:
1525 2082 1604 2117 σοι
1625 2065 1723 2134 τὴν

146 2156 396 2224 φυσικὴν
452 2156 559 2207 τῶν
604 2155 812 2224 νηκτῶν
870 2156 1003 2225 πρὸς
1057 2157 1115 2209 τὸ
1168 2157 1312 2226 ὕδωρ
1375 2156 1716 2224 συγγένειαν·

143 2246 235 2298 διὸ
282 2246 395 2317 (8ἷ)
438 2248 625 2317 μικρὸν
661 2249 708 2298 οἱ
760 2246 937 2316 ἰχθύες
987 2247 1342 2318 χωρισθέντες
1387 2247 1478 2299 τοῦ
1535 2247 1723 2308 ὓδατος

144 2338 576 2409 διαφθείρονται.
629 2338 760 2390 Οὐδὲ
808 2340 916 2411 γὰρ
973 2341 1182 2409 ἔχουσιν
1233 2340 1520 2407 ἀναπνοὴν,
1582 2338 1721 2390 ὥστε

147 2431 340 2482 ἕλκειν
383 2429 469 2480 τὸν
512 2429 646 2499 άέρα
681 2430 902 2483 τοῦτον·
956 2432 1068 2484 ἀλλ’
1112 2433 1246 2500 ὅπερ
1294 2434 1403 2492 τοῖς
1451 2430 1722 2499 χερσαίοις

149 2525 308 2575 ἐστὶν
346 2523 470 2591 ἀὴρ,
506 2522 663 2576 τοῦτο
710 2523 788 2594 τῷ
835 2523 1031 2592 πλωτῷ
1061 2524 1203 2590 γένει
1237 2523 1296 2574 τὸ
1329 2522 1489 2592 ὕδωρ.
1528 2523 1636 2574 Καὶ
1688 2523 1721 2592 ἡ

149 2611 313 2662 αἰτία
365 2609 516 2680 δήλη.
569 2613 687 2664 ’Ὁτι
749 2615 877 2682 ἡμῖν
937 2613 1030 2680 μὲν
1078 2613 1104 2663 ὁ
1150 2611 1402 2681 πνεύμων
1459 2611 1720 2679 ἔγκειται,

149 2700 351 2770 ἀραιὸν
388 2701 476 2753 καὶ
511 2702 812 2772 πολύπορον
844 2702 1160 2771 σπλάγχνον,
1189 2703 1216 2755 ὃ
1249 2703 1334 2754 διὰ
1371 2704 1468 2772 τῆς
1499 2702 1589 2755 τοῦ
1622 2701 1724 2754 θὼ-

155 2811 327 2862 ρακος
360 2796 638 2864 διαστολῆς
671 2794 758 2846 τὸν
788 2796 926 2864 άέρα
961 2796 1266 2865 δεχόμενον,
1300 2795 1360 2848 τὸ
1391 2795 1535 2848 ἔνδον
1566 2795 1721 2866 ἡμῶν

152 2885 365 2956 θερμὸν
390 2887 716 2955 διαρριπίζει
757 2887 847 2937 καὶ
881 2887 1139 2956 ἀναψύχει
1164 2904 1176 2916 ⁸
1203 2889 1428 2951 ἐκείνοις
1465 2887 1519 2940 δὲ
1552 2890 1583 2958 ἡ
1616 2888 1724 2940 τῶν

154 2975 439 3044 βραγχίων
493 2975 740 3046 διαστολὴ
798 2976 888 3028 καὶ
942 2977 1242 3040 ἐπίπτυξις,
1304 2976 1602 3045 δεχομένων
1665 2975 1724 3027 τὸ

154 3068 310 3139 ὕδωρ
337 3070 430 3122 καὶ
459 3069 717 3132 διιέντων,
753 3069 838 3120 τὸν
870 3069 964 3138 τῆς
1013 3069 1283 3136 ἀναπνοῆς
1308 3067 1459 3136 λόγον
1487 3068 1724 3140 ἀποπλη-

154 3166 266 3233 ροῖ.
323 3163 478 3225 Ἵδιος
529 3163 724 3232 κλῆρος
777 3161 880 3214 τῶν
937 3161 1149 3230 ἰχθύων,
1193 3161 1295 3213 ἰδία
1329 3161 1507 3230 φύσις,
1548 3161 1723 3214 δίαιτα

156 3254 566 3322 κεχωρισμένη,
608 3253 899 3323 ἰδιότροπος
935 3254 966 3322 ἡ
1004 3252 1133 3324 ζωή.
1177 3254 1273 3306 Διὰ
1311 3253 1454 3306 τούτο
1493 3253 1610 3306 οὐδὲ
1647 3269 1726 3305 τι-

155 3343 522 3396 θασσεύεσθαί
554 3361 605 3396 τι
632 3343 739 3397 τῶν
779 3345 989 3414 νηκτῶν
1030 3345 1402 3415 καταδέχεται,
1437 3345 1554 3398 οὐδὲ
1593 3343 1726 3408 ὅλως

155 3435 426 3505 ὑπομένει
461 3436 638 3508 χειρὸς
664 3437 1006 3508 ἀνθρωπίνης
1031 3437 1304 3507 ὲπιόολήν.

228 3526 288 3582 2.
345 3525 703 3596 Ἐξαγιιιγέτω
733 3527 803 3578 τὰ
825 3527 1009 3578 ὕδατα
1037 3526 1251 3594 ἑρπετὰ
1280 3525 1496 3594 ψυχῶν
1527 3525 1727 3586 ζωσῶν

155 3619 317 3671 κατὰ
361 3617 549 3684 γένος.
609 3615 866 3668 Ἑκάστου
919 3617 1108 3684 γένους
1154 3617 1252 3679 τὰς
1301 3618 1550 3686 ἀπαρχὰς
1607 3617 1722 3679 νῦν,

153 3710 330 3761 οἱονΞὶ
360 3707 646 3779 σπέρματά
675 3725 793 3761 τινα
826 3711 923 3780 τῆς
956 3709 1187 3776 φύσεως,
1231 3707 1597 3778 προϐληθῆναι
1639 3725 1725 3759 κε-

152 3799 308 3851 λεύει
350 3799 493 3868 (88)·
528 3800 588 3851 τὸ
619 3799 674 3852 δὲ
710 3799 907 3868 πλῆθος
953 3800 1128 3852 αύτῶν
1173 3803 1227 3851 ἐν
1273 3803 1338 3870 τῇ
1375 3800 1509 3870 μετὰ
1558 3800 1726 3853 ταῦτα

153 3892 379 3960 διαδοχῇ
413 3891 760 3960 ταμιεύεται,
794 3893 919 3944 ὅταν
949 3892 1268 3957 αὐξάνεσθαι
1293 3893 1430 3945 αὐτὰ
1463 3896 1555 3947 καὶ
1587 3895 1726 3965 πλη-

153 3977 419 4030 θύνεσθαι
457 3979 570 4048 δέῃ.
615 3980 806 4031 Ἀλλου
842 3983 1029 4049 γένους
1067 3983 1182 4034 ἐστὶ
1214 3981 1278 4034 τὰ
1319 3981 1727 4054 ὀστρακόδερμα

154 4071 707 4140 προσαγορευόμενα·
741 4067 848 4124 οἷον
878 4074 1100 4143 κόγχαι,
1135 4075 1225 4126 καὶ
1253 4075 1470 4138 κτένες,
1508 4077 1599 4128 καὶ
1639 4093 1726 4128 κο-

153 4163 308 4233 χλίαι
352 4160 650 4229 θαλάσσιοι,
691 4166 784 4217 καὶ
831 4167 1109 4237 στρόμϐοι,
1156 4167 1249 4218 καὶ
1289 4168 1340 4219 αἱ
1385 4166 1573 4238 μυρίαι
1617 4167 1725 4220 τῶν

151 4255 400 4324 ὀστρέων
425 4255 691 4326 διαφοραί.
725 4258 885 4310 ’Λλλο
906 4259 1063 4311 πάλιν
1094 4259 1240 4328 παρᾶ
1263 4258 1430 4312 ταῦτα
1455 4259 1627 4328 γένος,
1658 4258 1726 4310 τὰ

156 4346 589 4416 μαλακόστρακα
612 4365 872 4419 προσειρη
884 4350 1035 4418 μένα,
1064 4351 1313 4421 κάραϐοι,
1338 4352 1429 4404 καὶ
1457 4355 1722 4422 καρκίνοι,

154 4442 247 4492 καὶ
272 4439 342 4491 τὰ
373 4439 726 4510 παραπλήσια
755 4441 980 4503 τούτοις.
1018 4445 1239 4513 Ἔτεων
1268 4445 1414 4512 παρὰ
1437 4445 1603 4496 ταῦτα
1631 4444 1723 4511 γέ-

1825 1968 1943 2020 dem
1979 1976 2033 2021 et
2060 1970 2248 2035 atquali
2282 1978 2548 2037 praecepto
2583 1969 2783 2022 animal
2832 1979 2942 2022 tmn
2991 1986 3240 2038 magnum
3275 1983 3385 2025 tum

1824 2075 2043 2129 parvum
2074 2061 2124 2112 itt
2157 2061 2328 2114 lucem
2362 2059 2561 2114 editur.
2600 2059 2912 2116 Producant
2943 2080 3111 2132 aquw.
3146 2062 3390 2119 Ostendit

1823 2154 1921 2208 tibi
1950 2169 2064 2206 eam
2099 2169 2256 2221 quam
2291 2155 2530 2208 natatilia
2590 2170 2710 2209 cum
2752 2157 2904 2225 aquis
2938 2156 3137 2210 habent
3161 2156 3389 2209 allinita-

1824 2259 1928 2299 tem
1957 2263 1969 2310 ;
2008 2261 2176 2314 eoque
2203 2249 2375 2314 pisces
2405 2248 2671 2316 paululum
2700 2250 2768 2302 ab
2812 2264 2949 2318 aqua
2988 2249 3201 2312 sentoti,
3227 2249 3391 2300 inter-

1822 2349 1970 2393 cunt.
2015 2339 2199 2408 Neque
2247 2339 2388 2393 enim
2436 2340 2566 2408 ipsis
2619 2341 2758 2393 inest
2803 2341 3118 2408 respiratio,
3150 2349 3206 2392 ut
3253 2341 3391 2394 hunc

1825 2430 2030 2500 possint
2085 2431 2300 2484 trahere
2331 2446 2509 2485 aerem
2540 2448 2555 2483 :
2591 2431 2683 2484 sed
2736 2433 2878 2500 quod
2937 2431 3285 2484 terrestribus
3309 2439 3389 2485 est

1823 2537 1934 2581 aer.
1973 2522 2024 2574 id
2054 2537 2191 2590 aqua
2229 2533 2310 2576 est
2363 2523 2487 2576 huic
2543 2523 2844 2576 natatilium
2899 2523 3104 2590 ge:.eri.
3137 2523 3199 2576 Et
3227 2537 3384 2575 causa

1824 2613 1965 2665 clara
1990 2622 2074 2666 est
2105 2623 2160 2665 et
2182 2613 2490 2667 manifesta.
2514 2611 2776 2666 Nimirum
2805 2613 2858 2666 in
2888 2615 3038 2666 nobis
3073 2622 3154 2666 est
3186 2612 3388 2680 pulmo,

1823 2704 2000 2757 viscus
2027 2719 2206 2757 rarum
2248 2719 2311 2758 ac
2351 2705 2531 2759 multis
2569 2705 2834 2758 meatibus
2863 2717 3074 2772 patens,
3111 2705 3251 2770 quod
3299 2718 3392 2772 per

1827 2794 2064 2848 thoracis
2113 2794 2496 2850 distensionem
2558 2809 2736 2848 aerem
2795 2795 3076 2861 recipiens,
3121 2796 3389 2848 internum

1827 2894 2069 2938 nostrum
2121 2884 2350 2938 calorem
2411 2886 2632 2940 ventilat
2684 2883 3067 2953 refrigeratque
3103 2900 3118 2914 °
3186 2887 3236 2937 in
3291 2885 3392 2938 illis

1825 2991 1953 3032 vero
2002 2978 2384 3033 branchiarum
2450 2979 2709 3033 distensio
2772 2989 2826 3033 et
2882 2979 3219 3042 contractio,
3273 2993 3389 3047 quae

1826 3085 2018 3136 aquam
2043 3072 2344 3138 suscipiunt
2379 3080 2432 3123 et
2455 3073 2729 3133 emittunt,
2756 3087 2949 3123 munus
2983 3085 3047 3124 ac
3081 3072 3248 3124 vicem
3295 3086 3392 3124 ex-

1750 3199 1792 3256 c
1826 3162 1971 3232 plent
1996 3163 2387 3230 respirationis.
2428 3162 2644 3230 Propria
2679 3162 2900 3230 piscium
2927 3172 3009 3216 est
3033 3177 3169 3221 sors,
3202 3174 3388 3213 natura

1826 3253 2062 3320 propria,
2097 3252 2268 3305 victus
2299 3263 2596 3320 separatus,
2649 3252 2930 3319 peculiaris
2966 3253 3088 3304 vita.
3131 3251 3250 3304 ldeo
3301 3266 3392 3303 ne-

1826 3356 1929 3408 que
1959 3343 2188 3396 cicurari
2226 3344 2517 3410 quidquam
2556 3359 2618 3396 ex
2655 3342 2964 3396 nat-utilibus
2993 3352 3188 3410 potest,
3225 3355 3392 3409 neque

1829 3433 1935 3486 ullo
1977 3435 2134 3487 modo
2165 3437 2414 3488 humana:
2447 3449 2639 3487 manus
2669 3443 2972 3486 contactum
3009 3433 3228 3501 patitur.

1895 3525 1948 3578 9..
1979 3525 2287 3578 Producant
2311 3541 2459 3594 aqua
2501 3526 2708 3588 reptilia
2755 3527 3045 3579 animarum
3084 3522 3194 3594 64
3218 3524 3390 3576 vit-en-

1827 3617 1953 3666 tium
1976 3617 2256 3668 secundum
2281 3633 2461 3684 genus.
2502 3616 2934 3686 Uniuscujnsqne
2960 3617 3170 3684 generis
3205 3615 3390 3682 primi-

1830 3702 1930 3757 tias
1959 3718 2120 3765 nunc,
2158 3705 2311 3774 quasi
2358 3706 2600 3773 quaedam
2647 3717 2850 3759 naturae
2895 3707 3133 3768 semina,
3172 3708 3389 3777 produci

1821 3795 1974 3864 jubet
2005 3813 2018 3847 :
2048 3811 2233 3852 eorum
2293 3809 2471 3852 autem
2516 3798 2800 3852 multitudo
2837 3799 2887 3852 in
2925 3809 3227 3852 secuturam
3279 3815 3394 3852 suc-

1827 3891 2123 3944 cessionem
2161 3891 2482 3954 remittitur,
2524 3908 2643 3946 eum
2695 3908 2755 3944 ea
2807 3902 2957 3944 aucta
2999 3892 3294 3959 oportuerit
3330 3906 3392 3944 ac

1835 3983 2203 4050 multiplicata.
2251 3983 2488 4036 Alterius
2539 3984 2749 4050 generis
2796 3991 2920 4036 sunt
2971 3997 3031 4035 ea
3075 3997 3192 4051 qua:
3241 3983 3391 4036 testis

1825 4082 2010 4139 cperta
2074 4072 2355 4134 dicuntur,
2409 4088 2506 4126 ceu
2553 4075 2790 4135 conchze,
2845 4075 3114 4141 pectines,
3159 4074 3391 4129 cochlea:

1827 4165 2066 4228 marium,
2103 4167 2350 4230 strombi,
2383 4175 2436 4220 et
2470 4165 2768 4220 innumera:
2813 4178 3114 4222 ostreorum
3143 4167 3392 4222 differen-

1829 4257 1932 4309 tiae.
1971 4255 2173 4310 Praeter
2208 4258 2318 4310 haec
2347 4257 2490 4310 aliud
2529 4273 2717 4312 rursus
2744 4273 2912 4324 genus
2945 4268 3069 4313 sunt
3109 4275 3226 4327 qua:
3265 4275 3391 4312 cru-

1827 4359 2004 4402 stacea
2063 4361 2363 4402 vocantur:
2395 4350 2646 4403 nimirum
2692 4351 2911 4413 carabi,
2953 4351 3154 4412 cancri,
3205 4359 3256 4403 et
3307 4352 3391 4404 his

1827 4441 2042 4493 similia.
2087 4441 2242 4493 Aliud
2290 4452 2483 4508 praeter
2537 4442 2648 4494 haec
2699 4457 2863 4509 genus
2906 4451 2988 4494 est
3040 4456 3222 4495 eorum
3267 4457 3385 4510 quae

152 4553 242 4599 νος
282 4535 404 4588 ἐστὶ
435 4533 503 4587 τὰ
539 4533 775 4604 μαλάκια
812 4535 951 4588 οὕτω
990 4536 1495 4606 προσαγορευθέντα
1517 4577 1531 4599 ,
1585 4537 1722 4589 ὅσων

1830 4536 2004 4588 mollia
2037 4535 2302 4604 appellant
2337 4551 2350 4586 :
2386 4549 2616 4603 quorum
2655 4550 2782 4590 caro
2825 4548 3009 4591 tenera
3040 4547 3124 4591 est
3160 4548 3212 4593 et
3241 4539 3379 4604 laxa,

153 4633 183 4697 ἡ
238 4630 382 4700 σὰρξ
425 4630 606 4700 ἁπαλὴ
638 4631 730 4682 καὶ
779 4630 983 4700 χαύνη·
1019 4630 1346 4694 πολύποδες,
1383 4631 1474 4681 καὶ
1510 4631 1720 4699 σηπίαι.

153 4723 246 4773 καὶ
280 4722 352 4772 τι
390 4721 548 4788 ὃμοια
573 4721 800 4782 τούτοις.
835 4723 943 4772 Καὶ
973 4724 1028 4773 ὲν
1053 4724 1259 4785 τούτοις
1283 4723 1442 4776 πάλιν
1468 4723 1724 4793 διαφοραὶ

155 4813 371 4884 μυρίαι.
407 4813 704 4880 Δρακοντες
743 4813 849 4883 γὰρ
881 4814 973 4864 καὶ
1011 4815 1267 4885 μύραιναι
1299 4816 1410 4883 (89)
1449 4817 1540 4868 καὶ
1572 4814 1726 4885 ἐγχέ-

153 4908 300 4970 ὶυες,
331 4907 386 4958 αἱ
415 4903 555 4956 κατὰ
584 4907 704 4967 τοὺς
738 4904 973 4967 ίλυώδεις
1004 4910 1277 4975 ποταμοὺς
1303 4908 1392 4959 καὶ
1418 4907 1612 4975 λίμνας
1637 4923 1719 4973 για

151 4998 399 5067 νόμεναι,
433 4996 546 5056 τοῖς
587 4994 806 5058 ἰοϐόλοις
853 4995 1050 5066 μᾶλλον
1094 4995 1198 5048 τῶν
1234 4998 1495 5067 ἑρπετῶν,
1535 4998 1567 5066 ἢ
1607 4998 1720 5058 τοῖς

154 5091 335 5160 ἰχθύσι
378 5088 519 5142 κατὰ
557 5087 652 5158 τὴν
696 5090 986 5160 ὁμοιότητα
1025 5090 1122 5160 τῆς
1167 5089 1378 5157 φύσεως
1430 5087 1719 5162 προσεγγί-

152 5185 359 5243 ζουσιν.
415 5179 574 5232 Ἀλλο
605 5181 756 5248 γένος
785 5183 844 5233 τὸ
871 5183 978 5235 τῶν
1023 5183 1414 5243 ὼοτοκούντων,
1461 5182 1554 5234 καὶ
1593 5180 1722 5234 ἄλλο

151 5275 206 5324 τὸ
235 5271 350 5325 τῶν
387 5271 812 5337 ζωοτοκούντων.
853 5275 1117 5326 Ζωοτοκεῖ
1141 5273 1194 5327 δὲ
1235 5273 1300 5325 τα
1339 5271 1580 5343 γαλεώδη
1627 5271 1720 5324 καὶ

220 5545 337 5619 (85)
369 5543 459 5595 Sic
496 5545 625 5619 Duc.
673 5554 895 5612 uterque
933 5545 1259 5619 etcombel‘.
1295 5543 1570 5619 cumanis
1604 5546 1718 5613 qui-

153 5618 182 5671 b
206 5617 376 5670 isilatit
407 5632 530 5669 mss.
569 5617 753 5667 Nistra
783 5619 944 5668 editio
976 5617 1143 5668 Patris.
1171 5617 1470 5681 φωλιδωτα.

221 5690 334 5747 (86)
369 5686 439 5736 lla
473 5701 598 5736 mss.
635 5687 806 5738 multi.
846 5687 999 5739 Abest
1043 5684 1132 5738 καί
1161 5690 1226 5736 ab
1259 5691 1436 5740 editis.

221 5758 335 5820 (37)
372 5755 516 5809 Unus
570 5773 666 5805 Ius.
719 5757 786 5807 δι’
839 5758 938 5808 ὅτι.
991 5759 1274 5822 Aliquanto
1323 5769 1438 5824 post
1481 5755 1713 5823 quinque

156 5841 281 5880 mss.
315 5827 396 5879 ὅτι
448 5827 578 5895 ἡμῖν
637 5826 733 5893 μὲν
784 5829 826 5878 ὁ.
881 5829 1030 5880 Deest
1083 5826 1178 5894 μέν
1222 5825 1271 5879 in
1342 5837 1564 5894 utraque
1603 5827 1706 5879 edis

1823 4627 1898 4678 uti
1924 4627 2119 4695 polypi,
2152 4635 2203 4677 et
2233 4626 2414 4694 sepire,
2447 4636 2745 4695 czeteraque
2790 4629 3069 4695 ejusmodi.
3100 4629 3164 4681 Et
3195 4631 3246 4682 in
3281 4629 3380 4682 illis

1825 4722 2016 4771 iterum
2076 4718 2296 4771 inﬁnita:
2349 4720 2690 4787 reperiuntur
2755 4719 3060 4772 varietates.
3119 4718 3387 4773 Dracones

1823 4813 1986 4877 cuitu,
2019 4827 2292 4875 murwuae,
2324 4823 2377 4866 et
2411 4812 2658 4882 anguilla:
2685 4812 2736 4865 in
2767 4813 2972 4866 limosis
2997 4811 3304 4867 ﬂuminibus
3334 4820 3389 4866 et

1826 4907 1875 4957 iu
1933 4905 2139 4973 stagnis
2191 4915 2508 4969 nascentes,
2547 4905 2828 4971 reptilibus
2882 4905 3164 4957 venenatis
3220 4905 3390 4972 magis

1824 5011 1982 5063 quam
2010 4994 2406 5063 piscibusjuxta
2435 5005 2644 5048 natura:
2668 4994 3072 5048 similitudinem
3103 4999 3388 5051 accedunt.

1825 5085 2100 5142 Pertinent
2129 5089 2193 5140 ad
2254 5087 2396 5140 aliud
2449 5101 2620 5156 genus
2671 5102 2733 5141 ea
2786 5102 2905 5156 qtue
2942 5101 3126 5150 ovum,
3157 5087 3221 5140 ad
3249 5087 3389 5142 aliud

1827 5195 1951 5232 vero
1975 5195 2033 5231 ea
2066 5196 2182 5246 qua:
2220 5179 2420 5232 animal
2463 5180 2696 5248 pariunt.
2730 5178 3025 5232 l'rocreant
3069 5189 3246 5233 autem
3274 5181 3392 5233 ani-

1826 5271 1928 5324 mal
1955 5288 2018 5326 ea
2054 5287 2171 5342 qua:
2211 5271 2485 5326 mustelini
2528 5273 2742 5342 generis
2781 5279 2982 5326 suntet
3002 5271 3224 5340 cynisci,
3257 5272 3389 5325 etin

1824 5552 1984 5597 tione.

1895 5617 2005 5682 (ὃὸ)
2063 5617 2192 5685 Reg.
2239 5625 2424 5669 sextus
2467 5631 2586 5667 cum
2635 5615 2784 5668 (inlh.
2836 5614 3006 5685 primu
3034 5611 3386 5685 ,ἐμϐληθῆναι

1823 5684 2046 5738 κελεύει.
2092 5683 2287 5739 Ibidem
2335 5696 2563 5752 quatuor
2606 5702 2732 5738 mss.
2761 5686 2820 5738 τὸ
2848 5684 2899 5736 δὲ
2955 5683 3173 5753 πλῆθος.
3225 5685 3387 5738 Abest

1819 5754 1872 5806 δέ
1897 5759 1962 5806 ali
1992 5762 2222 5809 excusis.

1890 5831 1998 5895 t8”)
2031 5827 2176 5880 Multi
2212 5843 2338 5880 mss.
2377 5828 2466 5878 καὶ
2497 5823 2806 5894 σμύραιναι.
