4100 6312
641 285 745 343 151

1984 290 2043 344 S.
2087 289 2334 344 BASILII
2377 290 2589 346 MAGNI

3806 290 3921 345 152

637 420 870 469 summa,
905 420 968 460 ea
994 420 1112 476 quae
1154 408 1539 478 cartilaginosa
1581 415 1857 461 vocantur.
1884 407 2022 474 Quin
2053 409 2219 463 etiam

2337 410 2372 461 il
2424 410 2669 463 κυνίσκοι
2713 409 2845 480 (90),
2889 408 2982 462 καί
3019 409 3353 473 ἁπαξαπλῶς
3389 410 3455 463 τὰ
3498 410 3698 480 σελαχη
3759 409 3920 477 λεγό-

639 497 784 554 lnter
810 505 964 564 cete,
994 497 1225 567 plurima
1260 507 1389 554 sunt
1439 512 1559 568 quae
1603 497 1802 551 animal
1836 499 2078 569 gignunt,
2106 499 2221 552 del-

642 586 839 655 phines
867 595 925 641 et
946 587 1159 656 phocae,
1187 602 1308 657 quae
1341 601 1467 643 suos
1504 586 1713 643 catulos
1754 596 2001 643 recentes
2047 590 2224 644 adhuc

640 690 703 730 ac
735 689 974 741 teneros,
1007 676 1184 746 aliqua
1216 692 1283 733 ex
1317 692 1481 733 causa
1523 680 1867 747 perterritos,
1898 680 1952 733 in
1983 690 2222 735 ventrem

642 771 819 822 denuo
850 768 1139 834 admissos,
1171 768 1225 824 in
1268 769 1489 824 tutelam
1536 784 1688 823 suam
1714 769 1956 839 recipere
1990 784 2221 824 narran-

645 868 751 912 tur.
794 857 1099 915 Producant
1123 876 1272 931 aqua
1291 863 1447 930 juxta
1471 877 1650 932 genus.
1669 860 1829 915 Aliud
1862 873 2103 916 cetorum
2135 877 2224 931 ge-

645 966 767 1013 nus,
794 950 938 1006 aliud
960 952 1277 1023 exiguorum
1307 953 1557 1022 piscium.
1582 953 1785 1008 Rursus
1803 954 1858 1007 in
1886 954 2124 1023 piscibus
2148 956 2228 1009 io-

646 1057 884 1098 numeraa
917 1053 1044 1099 sunt
1073 1043 1395 1099 diﬂ'erentia‘.
1433 1046 1727 1100 secundum
1760 1062 1959 1115 genera
1993 1046 2180 1101 divisa:
2211 1063 2225 1101 :

642 1152 867 1206 quarum
898 1146 955 1193 et
983 1138 1198 1193 nomina
1226 1137 1461 1207 propria,
1493 1148 1548 1193 et
1576 1138 1889 1193 alimentum
1922 1140 2223 1206 diversum,

640 1238 696 1282 et
744 1226 948 1298 ﬁgura,
1003 1237 1059 1281 et
1088 1229 1419 1298 magnitudo,
1471 1237 1527 1284 et
1583 1230 1828 1284 carnium
1884 1230 2220 1299 qualitates:

641 1322 825 1375 omnia
876 1320 1128 1375 maximis
1172 1321 1314 1375 inter
1365 1335 1424 1377 se
1470 1320 1789 1376 diﬂ‘erentiis
1846 1323 2118 1386 distincta,
2173 1321 2225 1375 in

648 1414 769 1467 aliis
799 1422 961 1483 atque
1007 1412 1131 1468 aliis
1169 1413 1455 1483 speciebus
1494 1415 1914 1468 constituuntur.
1951 1414 2051 1479 Qui
2101 1422 2226 1467 sunt

646 1505 812 1574 igitur
873 1505 1204 1559 thunnorum
1234 1502 1629 1574 exploratores,
1660 1504 1752 1573 qui
1783 1505 1992 1559 diversa
2042 1518 2227 1558 eorum

647 1611 845 1666 genera
907 1598 1063 1652 nobis
1113 1609 1435 1650 enumerare
1491 1596 1702 1665 possint
1745 1596 1768 1649 ?
1806 1595 2121 1663 Quanquam
2174 1594 2228 1647 in

649 1688 861 1755 magnis
918 1688 1149 1757 piscium
1205 1687 1458 1756 gregibus
1502 1686 1764 1741 dicuntur
1808 1685 1972 1739 etiam
2014 1683 2227 1739 illorum

2328 517 2488 570 μενα.
2519 501 2628 553 Καὶ
2657 501 2762 553 τῶν
2792 500 2973 573 κητῶν
3003 500 3070 553 τὰ
3100 501 3325 555 πλεῖστα
3356 500 3592 565 ζωοτὸκα
3612 521 3623 531 ·
3651 503 3921 570 δελφῖνες

2324 591 2423 643 καὶ
2452 589 2667 659 φῶκαι,
2700 591 2735 645 ἃ
2769 592 2871 667 καὶ,
2906 595 3132 664 νεαροὺς
3162 592 3242 645 ἔτι
3272 594 3397 656 τοὺς
3432 593 3706 665 σκύμνους
3731 636 3747 656 ,
3796 592 3920 645 δια-

2324 680 2660 750 πτοηθέντας
2684 681 2787 733 ὑπὸ
2808 682 2986 745 αἰτίας
3005 683 3170 747 τινὸς,
3195 683 3411 751 λέγεται
3434 684 3586 739 πάλιν
3601 690 3663 758 τῇ
3701 688 3922 755 γαστρὶ

2325 772 2695 843 ὑποδεχόμενα
2744 774 3132 843 περιστέλλειν.
3180 774 3541 845 Ἕξαιραγέτω
3584 778 3653 831 τὰ
3711 776 3926 829 ὕδατα

2326 866 2477 920 κατὰ
2512 865 2624 936 (9i)
2657 864 2850 935 γένος.
2896 867 3121 938 Ἕτερον
3158 868 3317 935 γένος
3343 868 3404 921 τὸ
3432 869 3678 937 κητῶδες,
3723 870 3831 923 καὶ
3861 869 3926 920 τὸ

2326 956 2433 1009 τῶν
2462 955 2677 1009 λεπτῶν
2713 954 2908 1025 ἰχθύων
2934 956 3138 1028 ἕτερον.
3172 958 3342 1012 Πάλιν
3374 959 3431 1010 ἑν
3453 961 3562 1021 τοῖς
3584 960 3785 1036 ἰχθύσι
3823 978 3925 1029 μυ-

2330 1050 2441 1121 ρίαι
2467 1051 2720 1122 διαφοραὶ
2742 1049 2881 1103 κατὰ
2904 1050 3033 1121 γένη
3058 1050 3381 1124 διῃρημέναι
3400 1068 3413 1081 ο
3437 1044 3510 1105 ὧν
3540 1053 3630 1104 καὶ
3653 1054 3926 1123 ὀνόματα

2328 1143 2455 1202 ῐόια,
2491 1143 2583 1194 καὶ
2614 1142 2786 1212 τροφὴ
2808 1141 3255 1214 παρηλλαγμένη,
3290 1144 3384 1197 καὶ
3422 1145 3625 1215 σχῆμα,
3661 1145 3772 1197 καὶ
3812 1145 3921 1216 μέ-

2328 1234 2510 1302 γεθος,
2542 1236 2634 1288 καὶ
2662 1234 2881 1306 σαρκῶν
2908 1234 3206 1304 ποιότητες,
3233 1236 3406 1291 πάντα
3426 1238 3701 1307 μεγίσταις
3716 1237 3925 1307 διαφο-

2332 1332 2449 1398 ραῖς
2481 1328 2725 1398 ἀλλήλων
2755 1328 3171 1399 κεχωρισμένα,
3207 1329 3299 1381 καὶ
3329 1332 3385 1383 ὲν
3420 1331 3621 1401 ἑτέροις
3656 1330 3759 1383 καὶ
3802 1330 3923 1382 ἑτέ-

2332 1438 2445 1492 ροις
2476 1421 2640 1474 εἴδεσι
2678 1420 3016 1475 καθεστῶτα.
3066 1421 3215 1474 Ποίοι
3265 1422 3362 1491 μὲν
3405 1419 3497 1477 οὖν
3546 1423 3923 1478 θυννοσκόποι

2328 1514 2435 1566 τῶν
2469 1514 2641 1582 γενῶν
2685 1516 2784 1579 τὰς
2820 1516 3085 1586 διαφορὰς
3119 1517 3253 1586 ἡμῖν
3288 1516 3781 1590 ἀπαριθμήσασθαι
3829 1517 3925 1570 δύ-

2330 1623 2550 1673 νανται;
2597 1607 2790 1661 Καίτοι
2834 1612 2995 1676 φασὶν
3034 1610 3231 1673 αὐτοὺς
3268 1612 3326 1661 ὲν
3383 1610 3636 1679 μεγάλαις
3673 1610 3923 1679 ἀγέλαις

2336 1695 2531 1767 ἰχθύων
2555 1698 2756 1751 καὶτὸν
2777 1699 3006 1769 ἀριθμὸν
3031 1699 3411 1769 ἀπαγγέλλειν.
3439 1700 3532 1763 Τίς
3556 1701 3609 1753 δὲ
3638 1700 3749 1754 τῶν
3779 1718 3857 1753 πε
3868 1701 3921 1770 pi.

650 1794 933 1834 numerum
952 1778 1393 1846 declarare.Quis
1422 1793 1551 1834 vero
1574 1793 1640 1834 ex
1669 1779 1737 1833 iis
1761 1779 1851 1847 qui
1876 1778 2020 1832 circa
2043 1776 2223 1830 littora

2337 1787 2610 1854 αἰγιαλοὺς
2644 1787 2736 1841 καὶ
2768 1787 2941 1851 ἀκτὰς
2983 1788 3477 1859 καταγηρασάντων
3508 1789 3721 1843 δύναται
3774 1793 3922 1861 ἡμῖν

649 1884 715 1924 ac
744 1869 894 1939 ripas
922 1884 1277 1936 consenuere,
1316 1871 1563 1924 bmninm
1620 1871 1775 1923 nobis
1819 1869 2100 1923 historiam
2139 1883 2230 1922 ac-

2337 1880 2427 1950 τὴν
2470 1880 2709 1951 ἱστορίαν
2746 1880 2962 1935 πάντων
2989 1881 3057 1933 δι’
3087 1856 3367 1953 ἀκριϐείας
3399 1884 3694 1955 γνωρίσαι;

648 1971 837 2016 curate
880 1959 1189 2030 patefacere
1222 1974 1287 2015 ac
1323 1961 1565 2017 indicare
1608 1959 1826 2013 valeat?
1860 1960 1979 2013 Alia
2036 1973 2227 2028 genera

648 2064 976 2125 cognoscunt
1015 2054 1107 2123 qui
1142 2054 1197 2108 in
1232 2053 1417 2109 Indico
1447 2052 1581 2107 mari
1624 2052 1904 2121 piscamur
1934 2067 1948 2102 :
1982 2050 2107 2115 alia,
2138 2052 2231 2120 qui

649 2148 705 2201 in
755 2146 1010 2218 Egyptio
1062 2147 1230 2201 sinu:
1280 2146 1413 2211 alia,
1474 2145 1743 2202 insulares
1784 2161 1799 2196 :
1846 2144 1977 2210 alia,
2012 2142 2233 2197 Mauru-

648 2240 736 2293 sii.
763 2238 954 2294 Omnia
1001 2253 1183 2294 autem
1227 2240 1507 2309 aequaliter
1542 2249 1653 2293 tum
1687 2253 1851 2306 parva
1896 2247 2008 2291 tum
2039 2251 2231 2307 magna

651 2333 881 2401 primum
918 2332 1046 2386 illud
1095 2334 1434 2396 mandatum,
1470 2343 1526 2384 et
1586 2330 1966 2384 inenarrabilis
2000 2331 2086 2383 illa
2145 2346 2235 2399 po-

653 2426 821 2478 tentia
869 2425 1199 2492 procreavit.
1247 2424 1410 2477 Multa
1442 2424 1655 2477 vivendi
1713 2423 2000 2475 diversitas
2043 2438 2057 2473 :
2096 2423 2236 2475 mul-

651 2526 764 2572 tum
826 2518 975 2573 circa
1062 2515 1485 2585 uniuscuiusque
1561 2516 1777 2583 generis
1835 2514 2233 2569 successionem

649 2610 964 2665 discrimen.
1025 2608 1140 2663 Non
1191 2618 1250 2662 ut
1308 2623 1470 2674 aves,
1510 2610 1628 2664 ovis
1696 2609 1955 2663 incubant
2006 2606 2233 2677 piscium

652 2702 869 2773 plurimi
899 2717 1045 2758 :nou
1094 2707 1418 2756 construunt
1468 2702 1646 2767 nidos,
1676 2716 1859 2770 neque
1884 2715 2006 2755 cum
2054 2698 2235 2753 labore

649 2812 779 2851 suos
810 2797 1086 2851 enutriunt
1112 2796 1253 2851 fetus
1280 2813 1297 2853 :
1326 2796 1420 2851 sed
1456 2810 1597 2864 aqua
1642 2794 1887 2862 elapsum
1930 2808 2089 2847 ovum
2123 2808 2235 2847 sus-

650 2889 875 2958 cipiens,
899 2888 1097 2943 animal
1126 2887 1309 2943 etﬁcit.
1351 2887 1489 2953 Quin
1522 2896 1576 2939 et
1629 2887 1980 2942 immutabilis
2029 2898 2083 2942 et
2114 2904 2234 2941 cum

654 2980 827 3033 altera
885 2988 1076 3032 natura
1130 2979 1465 3035 insociabilis
1520 2980 1799 3035 successio
1857 2980 1997 3033 inest
2054 2978 2236 3047 generi

658 3071 970 3139 uuicuique.
1024 3070 1139 3126 Non
1197 3072 1343 3127 velut
1380 3073 1645 3128 mulorum
1683 3073 1737 3126 in
1785 3082 1952 3135 terra,
1987 3080 2239 3140 antqua-

2333 1970 2693 2042 γνωρίζουσιν
2723 1974 2773 2026 οἰ
2815 1975 2913 2044 τὴν
2971 1973 3195 2045 Ἰνδικὴν
3244 1974 3546 2038 ἁλιεύοντες
3593 1974 3919 2029 θάλασσαν·

2332 2063 2463 2117 ἄλλα
2490 2065 2538 2117 οἰ
2575 2064 2665 2118 τὸν
2695 2065 2990 2133 Αἰγύπτιον
3018 2066 3345 2137 ἀγρεύοντες
3376 2066 3601 2119 κόλπον
3636 2067 3776 2122 ἄλλα
3817 2086 3920 2138 νη-

2334 2156 2555 2210 σιῶται·
2596 2158 2690 2210 καὶ
2719 2156 2853 2212 ἄλλα
2892 2158 3249 2230 Μαυρούσιοι.
3290 2159 3470 2212 Πάντα
3504 2158 3561 2211 δὲ
3588 2160 3795 2229 ὁμοίως
3828 2177 3923 2230 μισ

2333 2250 2441 2320 κρά
2470 2266 2528 2301 τε
2551 2250 2645 2302 καὶ
2671 2248 2880 2319 μεγάλα
2909 2249 2969 2301 τὸ
3002 2248 3217 2318 πρῶτον
3250 2251 3425 2302 ἐκεῖνο
3456 2250 3789 2320 πρόσταγμα
3822 2252 3920 2303 καὶ

2334 2341 2367 2409 ὴ
2393 2341 2594 2407 ἄφατος
2620 2340 2798 2409 ὲκείνη
2830 2341 3119 2411 παρήγαγε
3144 2340 3390 2411 δύναμις.
3420 2340 3612 2393 Πολλαὶ
3635 2342 3742 2395 τῶν
3776 2341 3918 2411 βίων

2335 2431 2391 2484 αἰ
2444 2430 2813 2499 παραλλαγαί·
2858 2430 3048 2484 πολλαὶ
3094 2431 3188 2484 καί⁵
3236 2434 3292 2485 αί
3328 2432 3455 2502 περὶ
3505 2432 3603 2495 τὰς
3652 2432 3919 2503 διαδοχάς

2335 2522 2565 2575 ἑκάστου
2592 2521 2782 2589 γένους
2824 2521 3093 2592 διαφοραί.
3131 2524 3244 2575 Ούκ
3278 2522 3613 2586 ἑπωάζουσιν
3658 2526 3708 2577 οἱ
3755 2525 3915 2577 πλεῖ-

2338 2629 2451 2665 στοι
2494 2613 2602 2664 τῶν
2637 2610 2832 2681 ἰχθύων
2859 2611 3045 2682 ῶσπερ
3079 2615 3134 2664 αἰ
3160 2614 3391 2682 ὄρνιθες,
3421 2615 3545 2668 οὔτε
3578 2616 3768 2679 καλιὰς
3808 2619 3917 2688 πή-

2333 2722 2592 2775 γνυνται,
2623 2704 2747 2757 οὔτε
2797 2704 2935 2774 μετὰ
2980 2705 3155 2757 πόνων
3197 2708 3551 2776 ἑκτρέφουσιν
3598 2710 3812 2760 ἑαυτῶν
3850 2712 3916 2762 τὰ

2335 2798 2571 2867 ἔκγοναο
2623 2796 2758 2852 ἀλλὰ
2807 2798 2867 2851 τὸ
2917 2796 3080 2867 ὕδωρ,
3116 2796 3513 2867 ὑποδεξάμενον
3566 2801 3803 2853 ἐκπεσὸν
3857 2804 3917 2854 τὸ

2334 2891 2462 2955 ὠὸν,
2514 2891 2653 2956 ζῶον
2700 2890 2975 2962 ἐποίησεν.
3011 2890 3119 2943 Καὶ
3161 2889 3373 2959 ἑκάστῳ
3416 2890 3561 2958 γένει
3613 2892 3645 2960 ἠ
3694 2890 3916 2963 διαδοχὴ

2338 2982 2755 3052 ἀπαράλλακτος
2793 2982 2887 3037 καὶ
2918 2982 3273 3053 ἀνεπίμικτος
3306 2981 3443 3053 πρὸς
3477 2981 3669 3050 ἑτέραν
3708 2983 3881 3051 φύσιν
3902 3002 3913 3011 ·

2338 3073 2436 3142 οὺχ
2467 3066 2575 3126 οἷαι
2612 3074 2718 3126 τῶν
2755 3076 2988 3144 ἡμιόνων
3018 3074 3109 3128 ἐπὶ
3138 3076 3234 3146 τῆς
3261 3076 3481 3146 χέρσου,
3536 3075 3568 3146 ἢ
3613 3073 3705 3128 καί
3749 3092 3917 3128 τινων

655 3163 905 3218 rumdam
951 3162 1229 3219 volucrum
1270 3166 1672 3233 permistiones,
1694 3165 1892 3235 quibus
1922 3164 2235 3219 adulteran-

2341 3161 2570 3232 ὀρνίθων
2594 3162 2887 3215 ὲπιπλοκαὶ
2910 3163 3438 3233 παραχαρασσόντων
3462 3162 3533 3215 τὰ
3562 3162 3716 3233 γένη.
3746 3162 3918 3214 Οὐδὲν

658 3263 746 3309 tur
771 3268 992 3324 genera.
1034 3254 1249 3311 Nullum
1284 3257 1511 3327 piscium
1543 3271 1711 3326 genus
1742 3255 1964 3311 dimidia
1986 3270 2053 3310 ex
2084 3262 2239 3325 parte

658 3340 987 3396 instructum
1012 3351 1094 3397 est
1125 3344 1399 3408 dentibus,
1432 3355 1490 3399 ut
1530 3346 1626 3399 bos
1652 3354 1707 3401 et
1746 3346 1865 3401 ovis
1913 3345 2055 3413 apud
2088 3360 2188 3400 nos
2220 3361 2233 3398 :

660 3447 838 3502 neque
862 3436 1006 3488 enim
1043 3436 1278 3503 ipsorum
1307 3438 1594 3506 quisquam
1628 3439 1886 3503 ruminat,
1920 3438 2022 3493 nisi
2054 3453 2240 3494 scarus

659 3528 807 3582 solus
836 3529 1132 3584 secundum
1173 3530 1531 3599 quorumdam
1575 3531 1964 3587 narrationem.
1998 3532 2069 3584 At
2112 3545 2239 3585 vero

659 3633 853 3673 omnes
912 3619 1091 3689 pisces
1125 3620 1440 3674 acutissima
1487 3620 1939 3674 condensatorum
1998 3622 2236 3675 dentium

662 3711 782 3765 acie
806 3714 1259 3780 communiuutur,
1304 3728 1371 3767 ne
1401 3728 1524 3768 esca
1570 3711 1697 3767 dum
1732 3712 1933 3765 diutius
1967 3714 2242 3767 manditur

660 3799 867 3856 difﬂuat
915 3824 926 3858 :
970 3803 1071 3858 nisi
1116 3805 1262 3857 enim
1304 3805 1558 3859 celeriter
1620 3805 1855 3860 dissecta
1902 3806 1952 3857 in
2000 3816 2239 3860 ventrem

661 3894 1061 3959 detruderetur,
1091 3903 1380 3949 extenuata
1431 3912 1526 3965 per
1560 3912 1756 3967 aquam
1787 3897 2168 3967 dissiparetur.

730 3985 838 4057 65
862 3986 896 4041 5
948 3988 1107 4040 Aliud
1153 3998 1331 4041 autem
1362 3987 1484 4042 aliis
1522 3989 1758 4057 piscibus
1800 3991 2128 4044 destinatum
2164 4000 2245 4046 est

663 4077 981 4133 alimentum
1002 4083 1298 4133 secundum
1326 4095 1519 4149 genus.
1539 4080 1765 4145 Quidam
1791 4084 1933 4136 enim
1955 4084 2105 4149 limo,
2126 4084 2244 4153 qui-

665 4173 788 4226 dam
819 4187 948 4227 vero
998 4172 1115 4244 alga
1160 4173 1598 4240 vescuntur;alii
1650 4173 1831 4228 herbis
1874 4175 1927 4227 in
1976 4190 2115 4245 aqua
2150 4191 2237 4229 na-

665 4266 946 4321 scentibus
996 4277 1124 4321 sunt
1179 4270 1447 4321 contenti.
1486 4268 1711 4333 Contra,
1758 4268 1985 4337 piscium
2036 4269 2243 4339 plurimi

669 4362 861 4411 vorant
888 4369 948 4409 se
982 4355 1233 4422 invicem,
1273 4357 1558 4427 minorque
1599 4359 1738 4429 apud
1784 4358 1903 4412 illos
1931 4356 2243 4414 alimentum

668 4456 750 4502 est
786 4445 1025 4514 majoris.
1056 4447 1121 4501 Et
1152 4450 1194 4501 si
1226 4462 1459 4517 unquam
1504 4451 1814 4520 contigerit,
1858 4459 1915 4503 ut
1950 4450 1992 4503 is
2018 4451 2109 4519 qui
2141 4454 2246 4505 mi-

2341 3252 2493 3325 παρὰ
2520 3253 2633 3315 τοῖς
2660 3250 2867 3321 ἰχθύσιν
2901 3250 2960 3314 ἑξ
2980 3252 3234 3321 ἡμισείας
3260 3251 3524 3305 ὥπλισται
3547 3256 3657 3316 τοῖς
3681 3253 3915 3316 ὀδοῦσιν,

2339 3347 2414 3410 ὡς
2442 3344 2570 3416 βοῦς
2602 3345 2733 3414 παρ’
2761 3345 2891 3414 ἡμῖν
2920 3342 3014 3394 καὶ
3056 3342 3326 3413 πρόϐατον
3348 3360 3361 3373 ·
3388 3343 3508 3395 οὐδὲ
3542 3346 3651 3415 γὰρ
3681 3349 3917 3417 μηρυκί-

2341 3438 2420 3500 ζει
2446 3454 2498 3489 τι
2526 3435 2653 3507 παρ’
2684 3434 2887 3497 αὐτοῖς,
2917 3434 2965 3486 εἰ
2998 3432 3071 3504 μὴ
3097 3431 3189 3486 τὸν
3219 3434 3418 3503 σκάρον
3450 3434 3611 3503 μόνον
3642 3435 3915 3505 ἱστοροῦσί

2340 3548 2499 3593 τινες.
2541 3529 2726 3583 Πάντα
2757 3528 2813 3581 δὲ
2844 3527 3132 3593 ὀξυτάταις
3170 3528 3375 3597 ακμαῖς
3413 3525 3640 3578 ὀδόντων
3671 3543 3916 3579 καταπε-

2342 3620 2642 3685 πύκνωται,
2681 3617 2768 3670 ἵνα
2798 3617 2873 3688 μὴ
2911 3619 2975 3687 τῇ
3010 3616 3200 3687 χρονία
3231 3615 3465 3686 μασήσει
3492 3615 3524 3683 ὴ
3553 3613 3728 3683 τροφὴ
3763 3612 3914 3684 διαρ-

2344 3713 2475 3784 ρέῃ·
2510 3709 2699 3782 ἔμελλε
2751 3709 2878 3779 γὰρ,
2916 3710 2964 3760 εἰ
3024 3709 3097 3779 μὴ
3137 3707 3301 3771 ὀξέως
3349 3704 3801 3775 κατατεμνομένη
3849 3706 3913 3775 τῇ

2342 3803 2538 3875 γαστρί⁵
2575 3801 2985 3874 παρεπέμπετο.
3032 3802 3090 3852 ἑν
3120 3802 3186 3870 τῇ
3226 3798 3606 3870 λεπτοποιήσει
3638 3796 3915 3869 διαφορεῖ-

2346 3896 2467 3949 σθαι
2492 3896 2642 3967 παρὰ
2676 3895 2786 3967 (92)
2812 3894 2907 3947 τοῦ
2940 3893 3145 3956 ὓδατος.

2415 3986 2467 4039 5.
2509 3985 2693 4056 Τροφὴ
2718 3985 2775 4037 δὲ
2820 3984 3029 4054 ἰχθύσιν
3074 3982 3252 4046 ἄλλοις
3283 3983 3413 4053 ἄλλη
3456 3982 3599 4037 κατὰ
3630 3983 3789 4051 γένος
3842 3983 3914 4037 δι-

2345 4077 2643 4151 ωρισμένη.
2674 4076 2739 4128 υἰ
2774 4076 2871 4145 μὲν
2897 4075 3003 4145 γὰρ
3037 4074 3141 4126 ἰλύῐ
3164 4074 3470 4143 τρέφονται,
3500 4077 3549 4125 οἰ
3575 4075 3633 4127 δὲ
3659 4078 3777 4139 τοῖς
3816 4094 3906 4144 φυ-

2346 4172 2513 4231 κίοις’
2560 4168 2706 4224 ἄλλοι
2753 4167 2865 4237 (95)
2906 4170 3025 4230 ταῖς
3066 4166 3313 4237 βοτάναις
3352 4168 3470 4227 ταῖς
3497 4168 3914 4236 ἐντρεφομέναις

2346 4264 2424 4335 τῷ
2454 4263 2607 4317 ὕδατι
2634 4261 2951 4333 ἀρκοῦνται.
3005 4259 3389 4331 Ἀλληλοφάγοι
3419 4258 3474 4312 δὲ
3499 4259 3607 4311 τῶν
3647 4258 3845 4329 ἰχθύων
3870 4261 3915 4311 οἰ

2348 4360 2609 4421 πλεῖστοι,
2643 4356 2736 4409 καὶ
2759 4358 2788 4410 ὀ
2818 4354 3136 4427 μικρότερος
3162 4354 3291 4426 παρ’
3322 4353 3549 4416 ἐκείνοις
3578 4352 3777 4424 βρῶμά
3807 4355 3914 4405 ἑστι

2346 4450 2441 4503 τοῦ
2489 4448 2747 4517 μείζονος.
2794 4447 2910 4500 Κάν
2958 4464 3088 4499 ποτε
3143 4446 3319 4517 συμϐῇ
3366 4446 3455 4498 τὸν
3496 4445 3590 4497 τοῦ
3642 4446 3914 4506 ἐλάττονος

668 4553 855 4595 norem
913 4548 1286 4611 superaverat,
1321 4542 1545 4595 alterius
1586 4543 1680 4596 liat
1718 4542 1901 4612 praeda
1938 4560 1952 4596 :
1995 4544 2155 4597 ambo
2188 4544 2235 4599 in

2349 4542 2695 4613 κρατήσαντα
2731 4541 2915 4609 ἑτέρου
2944 4537 3197 4606 γενέσθαι
3242 4538 3483 4608 θήραμα,
3522 4537 3625 4588 ὑπὸ
3656 4537 3757 4607 τὴν
3794 4538 3914 4607 μίαν

669 4649 834 4687 unum
857 4642 910 4687 et
937 4634 1183 4688 eumdem
1214 4632 1532 4704 posterioris
1564 4644 1805 4689 ventrem
1850 4634 2246 4704 ingrediuntur.

670 4726 808 4791 Quid
832 4726 994 4796 igitur
1040 4728 1181 4781 aliud
1210 4742 1310 4781 nos
1351 4725 1599 4781 homines
1628 4727 1857 4795 agimus,
1900 4730 2025 4783 dum
2067 4737 2249 4798 tyran-

675 4820 796 4873 nide
851 4826 906 4872 et
961 4819 1197 4887 potentia
1243 4817 1601 4887 opprimimus
1662 4817 1946 4873 inferiores
1986 4820 2008 4871 ἲ
2047 4819 2175 4887 quid
2217 4835 2245 4872 a

676 4922 946 4980 postremo
977 4912 1125 4982 pisce
1157 4910 1333 4964 dilIert
1360 4912 1426 4972 is,
1464 4911 1555 4980 qui
1596 4925 1705 4979 pra:
1734 4914 1909 4964 voraci
1935 4912 2246 4965 divitiarum

674 5006 968 5077 cupiditate
1016 5006 1070 5061 in
1109 5003 1527 5075 inexplebilibus
1592 5003 1833 5058 avaritiae
1887 5020 1998 5060 suae
2043 5005 2239 5061 linibus

748 5183 860 5253 (90)
884 5182 988 5237 Kal
1014 5184 1067 5235 cl
1097 5185 1395 5240 κυνίσκοι.
1426 5184 1596 5240 Piscis
1618 5185 1704 5239 ille
1728 5184 1811 5237 cui
1842 5182 2029 5238 Graece
2045 5196 2239 5237 nomen

676 5266 760 5308 est
799 5254 1073 5317 κυνίσκος,
1110 5253 1298 5310 Latine
1338 5259 1535 5319 dicitur
1584 5258 1650 5311 ab
1692 5255 1973 5310 Eustathio
2029 5254 2238 5306 asellus.

684 5327 808 5386 llius
832 5330 944 5378 haec
966 5336 1092 5379 Sunt
1122 5326 1283 5379 verba
1316 5326 1512 5382 :Facit
1544 5336 1713 5381 autem
1749 5324 1951 5379 catulos
1981 5324 2244 5385 mustella,

682 5403 731 5467 ξε
763 5394 978 5467 (melius.
1000 5405 1055 5467 ,ει
1085 5396 1262 5467 omnia
1305 5414 1421 5467 qua:
1442 5399 1555 5451 sine
1582 5399 1813 5465 squamis
1838 5405 1992 5467 sunt,
2013 5410 2135 5467 qua:
2158 5411 2245 5446 sa-

684 5463 816 5517 latia
838 5461 1007 5536 (ἶναξεί
1036 5461 1329 5520 nominant.
1367 5468 1471 5522 Sed
1494 5482 1589 5536 pro
1622 5461 1812 5518 salaria
1837 5461 2116 5536 legendum
2151 5478 2216 5536 μυ

689 5543 743 5586 tu
766 5532 1016 5607 sclachiq,
1041 5538 1111 5590 ob
1129 5537 1257 5591 illud
1287 5532 1507 5604 Basilii;
1528 5536 1598 5607 τὰ
1631 5537 1851 5607 σελάχη.
1918 5534 2121 5607 Plinius
2148 5533 2241 5586 lib.

693 5619 769 5664 ιι,
796 5619 914 5675 cap.
936 5602 1029 5669 ει,
1061 5609 1137 5660 sic
1160 5608 1394 5675 loquitur
1428 5627 1439 5661 :
1478 5602 1615 5661 illaec
1639 5602 1829 5660 (ἐγίνεθ’
1855 5609 1907 5659 in
1949 5605 2241 5675 universum

693 5674 893 5746 salaria
914 5674 1190 5746 appellavit
1218 5674 1521 5733 Aristoteles
1546 5679 1767 5745 primus.
1819 5678 1912 5729 hoc
1944 5674 2145 5727 nontine
2171 5675 2245 5725 eis

695 5744 952 5808 imposito.
983 5744 1106 5801 'Nos
1122 5749 1436 5819 distinguere
1467 5744 1566 5804 non
1588 5764 1883 5819 possumus,
1904 5746 2001 5800 nisi
2036 5746 2247 5797 cartila-

2346 4634 2569 4701 ἄγονται
2621 4632 2865 4699 γαστέρα
2909 4627 3004 4681 τοῦ
3050 4628 3377 4685 τελευταίου.
3428 4626 3492 4677 Τί
3530 4621 3626 4678 οὖν
3664 4628 3827 4697 ἡμεῖς
3870 4627 3912 4678 οἱ

2347 4724 2623 4795 ἅνθρωποι
2655 4723 2783 4776 ἄλλο
2808 4738 2862 4773 τι
2889 4719 3148 4791 ποιοῦμεν
3176 4722 3234 4773 ἑν
3261 4722 3327 4788 τῇ
3358 4718 3786 4789 καταδυναστείᾳ
3812 4719 3912 4770 τῶν

2349 4814 2783 4885 ύποδεεστέρων;
2829 4812 2880 4863 τί
2917 4810 3159 4883 διαφέρει
3201 4809 3295 4863 τοῦ
3327 4810 3634 4864 τελευταίου
3680 4808 3855 4878 ἰχθύος
3887 4810 3910 4859 ὁ

2345 4908 2412 4975 τῇ
2435 4905 2725 4977 λαιμάργῳ
2746 4902 3093 4975 φιλοπλουτία
3116 4903 3231 4963 τοῖς
3250 4901 3393 4971 ἁπλη
3404 4900 3591 4971 ρὼτοις
3611 4901 3709 4969 τῆς
3733 4899 3905 4951 πλεονυ

2345 5001 2493 5068 εξίας
2538 4996 2699 5052 αὑτοῦ
2732 4995 2951 5059 κόλποις
2992 4994 3416 5064 ἐναποκρύπτων
3456 4993 3583 5055 τοὺς
3637 4990 3903 5055 άσθενεῖςς

2346 5180 2497 5249 ginea
2522 5175 2786 5249 appellare
2813 5174 2986 5227 libeat.

2420 5248 2527 5319 (9|)
2557 5238 2738 5301 'Colb.
2798 5245 3068 5322 secundus
3124 5242 3291 5322 ὕδατα
3344 5238 3563 5322 ἑρπετὰ.
3602 5241 3761 5322 κατά.
3799 5239 3903 5322 Ilus

2353 5309 2483 5388 Ιὶιές.
2511 5309 2721 5373 ’δοιιιιε
2764 5332 2886 5371 cum
2935 5314 3088 5369 Colh.
3145 5317 3319 5383 primo
3366 5309 3429 5365 τὸ
3495 5309 3604 5364 τῶν
3654 5309 3904 5365 λεπτοτά-

2348 5408 2477 5443 των.

2424 5459 2533 5530 (92)
2568 5456 2638 5511 Ita
2684 5452 3145 5530 _codex__C_om_hef_.
3187 5468 3307 5508 cum
3352 5452 3476 5530 aliis
3512 5450 3749 5520 quinque
3788 5463 3900 5530 mss:

2355 5516 2529 5584 Deest,
2552 5528 2703 5597 παρά
2734 5529 2785 5582 ἰη
2816 5526 2997 5597 editis.
3030 5523 3229 5597 Ibidem
3264 5524 3480 5597 codices
3505 5516 3630 5577 octo
3660 5516 3829 5592 τροφὴ
3856 5516 3904 5571 δι

2356 5592 2708 5671 ἰχθύσινηςὶυι
2735 5601 2845 5671 τοῖς
2872 5595 3100 5666 ἰχθύσιν.
3139 5592 3531 5671 ἰχθξῖξρν.
3604 5661 3655 5671 ν
3726 5660 3778 5671 ,Α
3824 5658 3853 5671 _,

2429 5671 2535 5740 (9⁸5)
2572 5660 2671 5721 Sic
2724 5660 3142 5740 quinquenniis.
3200 5660 3537 5740 Ειῇεΐᾶλλοι
3725 5660 3901 5714 Statim

2356 5732 2483 5813 Rvg.
2514 5732 2696 5796 Sextus
2727 5732 2845 5794 cum
2877 5732 3031 5794 Coll).
3066 5737 3236 5805 primo
3263 5733 3412 5787 ὕδατι
3445 5732 3810 5803 διαρκοῦνται.
