4100 6312
176 321 304 373 155

1304 326 1585 379 ΙΙΟΜιΙΛΛ
1628 328 1713 381 VII
1754 328 1818 381 ΙΝ
1860 328 2355 389 ΙΙΙΞΧΑΕΜΜΚΟΝ.

3345 347 3447 400 HM

194 455 451 515 Ἐκεῖνος
480 449 594 524 εἶχε
631 454 702 508 τά
733 454 823 508 τοῦ
856 456 1079 527 πένητος
1147 458 1209 510 σύ
1241 458 1424 513 τοῦτον
1456 460 1566 525 (9-4)
1596 462 1753 514 λαϐὼε

1884 443 2176 499 imbecilles
2201 450 2481 503 abscondit
2506 450 2526 501 l
2554 449 2643 502 Ille
2674 451 2980 517 possidebat
3004 455 3256 521 pauperis
3277 456 3411 508 bona
3435 476 3447 509 :

178 544 370 614 μέρος
398 545 638 616 ἐποιήσω
666 546 762 615 τῆς
787 547 1096 617 περιουσίας
1126 548 1374 602 σεαυτοῦ.
1415 549 1637 601 ’Λδίκων
1662 553 1774 605 ἀδι-

174 634 441 704 κώτερος
495 637 803 705 ἀνεφάνης,
864 639 954 691 καὶ
1013 636 1531 708 πλεονεκτικώτερος
1584 639 1771 694 πλεον-

172 728 385 783 έκτου.
425 730 563 798 Ὅρα
586 729 660 797 μὴ
707 728 767 780 τὸ
798 731 929 784 αὐτό
963 747 1021 782 σε
1048 729 1217 800 πέρας
1254 732 1359 785 τῶν
1396 731 1594 802 ἰχθύων
1623 735 1775 789 ’ἐκδέ-

180 818 384 889 ξηται,
412 820 704 889 ἄγκιστρόν
738 840 859 888 που,
889 823 921 893 ἢ
957 821 1175 892 κύρτος,
1219 825 1515 895 ἡδίκτυον.
1550 824 1771 890 Πάντως

172 915 309 984 γὰρ
350 913 440 965 καὶ
472 914 632 983 ἡμεῖς
665 915 833 969 πολλά
868 914 974 967 τῶν
1006 915 1202 971 ἀδίκων
1250 916 1603 980 διεξελθόντες
1628 918 1769 988 (95),

172 1007 297 1075 τὴν
321 1006 633 1062 τελευταίαν
660 1007 930 1078 τιμωρίαν
954 1008 1051 1063 οὐκ
1082 1008 1512 1079 ἀποδρασόμεθα.
1549 1011 1683 1081 Ἤδη
1714 1011 1771 1063 δὲ

178 1100 294 1151 καὶ
322 1100 379 1152 ἐν
402 1101 616 1154 ἀσθενεῖ
641 1102 762 1170 ζώῳ
792 1100 925 1154 πολὺ
957 1102 1017 1155 τὸ
1039 1103 1341 1172 πανοῦργον
1368 1102 1460 1155 καὶ
1489 1103 1770 1156 ἐπίϐουλον

174 1194 552 1263 καταμαθὼν,
583 1191 841 1262 βούλομαί
873 1210 931 1246 σε
967 1198 1157 1265 φυγεῖν
1186 1192 1293 1245 τῶν
1324 1194 1644 1266 κακούργων
1673 1194 1769 1265 τὴν

181 1280 453 1349 μίμησιν.
525 1281 582 1331 ’0
644 1284 896 1353 καρκίνος
948 1286 1045 1355 τῆς
1107 1282 1305 1355 σαρκὸς
1357 1283 1615 1353 ἐπιθυμεῖ
1671 1282 1767 1337 τοῦ

174 1372 420 1442 ὀστρέου
442 1389 455 1402 '
498 1372 633 1426 ἀλλά
674 1374 977 1441 δυσάλωτος
1010 1379 1043 1447 ἡ
1072 1376 1218 1446 ἄγρα
1248 1377 1395 1447 αύτῷ
1428 1375 1515 1428 διὰ
1542 1376 1639 1447 τὴν
1668 1393 1765 1428 πε-

184 1464 416 1535 ριϐολὴν
448 1464 538 1520 τοῦ
569 1467 833 1540 ὀστράκου
874 1471 1104 1537 γίνεται.
1146 1469 1402 1541 Ἀρραγεί
1444 1468 1553 1538 γὰρ
1597 1468 1767 1539 ἐρκίῳ

178 1556 255 1609 τὸ
293 1557 501 1611 ἁπαλὸν
541 1559 639 1629 τῆς
668 1563 865 1632 σαρκὸς
904 1564 936 1630 ἡ
975 1559 1133 1629 φύσις
1180 1559 1639 1632 κατησφαλίσατο.
1676 1562 1767 1613 Διδ

180 1650 288 1702 aui.
322 1653 799 1722 ὀστρακόδερμον
831 1652 1279 1725 προσηγόρευται.
1316 1653 1427 1708 Καὶ
1454 1652 1639 1723 ἐπειδὴ
1672 1652 1766 1705 δύο

1880 542 1932 587 tu
1956 535 2129 604 ipsum
2166 540 2559 604 apprehensum
2607 541 2781 595 fecisti
2823 552 2927 595 tua:
2962 542 3132 611 ipsius
3168 546 3454 615 Opulentia:

1874 638 2102 693 partem.
2148 626 2366 694 lnjustis
2424 631 2800 699 iniustiorem,
2837 642 2893 686 et
2938 648 3105 687 avaro
3153 638 3449 691 avariorem

1873 726 1927 772 te
1954 720 2260 775 ostendisti.
2292 719 2434 774 Cave
2481 726 2717 795 excipiat
2749 734 2800 779 te
2848 725 2986 780 idem
3043 727 3200 792 finis,
3236 733 3325 798 qui
3367 733 3449 801 pi-

1870 826 1988 867 sces
2016 832 2029 867 :
2065 812 2255 866 bamus
2290 812 2560 879 videlicet,
2589 828 2679 871 aut
2712 831 2894 881 nassa,
2927 827 3021 871 aut
3052 830 3183 873 rete.
3220 818 3451 875 Omnino

1869 904 2010 958 enim
2035 914 2089 960 et
2122 918 2243 968 nos,
2272 905 2316 958 si
2346 904 2571 959 multum
2596 910 2979 965 admiserimus
3012 910 3335 981 iniquitatis,
3364 914 3447 965 ul-

1873 996 2052 1050 timam
2106 1011 2211 1051 non
2241 994 2559 1065 eﬂugiemus
2599 1012 2835 1067 pinnam.
2868 1003 2986 1058 Jam
3017 1016 3146 1058 vero
3185 1002 3349 1057 etiam
3395 1004 3447 1056 in

1870 1089 2083 1145 inflnno
2139 1089 2360 1145 animali
2418 1090 2647 1145 astutias
2702 1093 2895 1149 multas
2952 1106 3006 1150 et
3048 1094 3279 1152 insidias
3324 1111 3448 1149 cum

1868 1183 2151 1251 perspicis,
2177 1181 2567 1238 maleficiorum
2607 1184 2965 1239 imitationem
3006 1188 3194 1258 fugere
3224 1197 3275 1243 te
3302 1186 3447 1242 volo.

1866 1273 2080 1344 Appetit
2104 1285 2298 1330 ostrea:
2335 1290 2555 1330 carnem
2608 1291 2807 1331 cancer
2840 1294 2854 1331 :
2893 1278 2987 1331 sed
3018 1279 3248 1335 diﬂicilis
3284 1289 3445 1351 captu

1867 1378 1951 1424 cst
1980 1368 2028 1423 ei
2068 1368 2183 1422 haec
2212 1370 2411 1437 praeda,
2438 1378 2659 1439 propter
2690 1378 2838 1425 testae
2874 1370 3286 1426 munimentum.
3310 1373 3441 1429 Nam

1867 1462 2099 1532 infragili
2130 1472 2282 1530 septo
2311 1465 2491 1519 carnis
2536 1462 2952 1517 teneritudinem
2978 1472 3170 1517 natura
3200 1478 3441 1519 commu-

1866 1556 2018 1610 nivit.
2037 1554 2375 1623 Quapropter
2404 1562 2459 1608 et
2488 1556 2588 1609 hoc
2619 1553 2819 1609 animal
2841 1554 3264 1609 ostracodermon
3284 1570 3444 1611 voca-

1866 1656 1971 1703 tur.
2002 1648 2068 1701 Et
2097 1646 2349 1715 quoniam
2379 1645 2485 1699 duo
2502 1660 2631 1700 cava
2650 1656 2903 1702 accurate
2933 1646 3032 1703 sibi
3063 1645 3289 1701 invicem
3311 1660 3442 1703 con-

180 1741 502 1811 κοιλότητες
549 1743 789 1813 ἀκριϐῶς
854 1742 1107 1815 ἀλλήλαις
1169 1744 1653 1817 προσηρμοσμέναι
1703 1744 1753 1797 τὲ

1862 1742 2071 1808 juncta,
2095 1749 2333 1793 ostream
2361 1737 2607 1791 ambiunt
2628 1746 2683 1790 et
2711 1739 3244 1809 circumplectuntur,
3279 1738 3443 1793 forci-

177 1831 417 1902 6στρεον
459 1832 940 1903 περιπτύσσονται,
976 1829 1283 1905 ἀναγκαίως
1328 1834 1599 1905 ἄπρακτοι
1625 1838 1753 1889 εἰσιν

1870 1847 1964 1902 pes
2003 1830 2185 1886 cancri
2232 1829 2541 1885 necessario
2572 1828 2876 1885 inefﬁcaces
2904 1840 3052 1883 sunt.
3096 1829 3234 1895 Quid
3277 1829 3445 1899 igitur

178 1924 247 1974 αἱ
274 1923 441 1993 χηλαὶ
488 1924 580 1977 τοῦ
612 1924 891 1997 καρκίνον.
930 1928 994 1981 Τί
1034 1924 1125 1983 οὖν
1155 1928 1328 1991 ποιεῖς
1360 1926 1526 1979 Ὅταν
1576 1926 1661 2001 ἴδῃ
1703 1929 1761 1980 ἐν

180 2016 494 2088 ἀπηνέμοις
533 2020 749 2091 χωρίοις
796 2021 915 2091 μεθ’
943 2022 1133 2092 ἡδονῆς
1161 2018 1620 2091 διαθαλπόμενον,
1668 2020 1760 2072 καὶ

181 2110 329 2182 πρὸς
362 2111 460 2183 τὴν
492 2113 682 2165 ἀκτῖνα
730 2113 823 2165 τοῦ
857 2113 1006 2182 ἡλίου
1053 2114 1151 2175 τὰς
1193 2109 1399 2179 πτύχας
1432 2109 1626 2165 ἐαυτοῦ
1679 2110 1758 2164 δι-

180 2201 541 2265 απλώσαντα,
572 2204 691 2255 τότε
718 2202 804 2272 δὴ,
824 2202 997 2273 λάθρα
1024 2204 1225 2274 ψηφῖδα
1245 2203 1759 2273 παρεμϐαλὼν,δια-

180 2293 394 2346 κωλύει
446 2294 543 2363 τὴν
594 2293 927 2363 σύμπτυξιψ
984 2294 1077 2347 καὶ
1127 2294 1440 2365 εὑρίσκεται
1482 2295 1542 2347 τὸ
1594 2295 1760 2348 ἐλλεί-

182 2402 289 2437 πον
335 2384 448 2457 (96)
488 2386 583 2457 τῆς,
636 2385 914 2457 δυνάμεως
958 2385 1046 2439 διά
1092 2386 1189 2457 τῆς
1226 2386 1464 2450 ἐπινοίας
1505 2389 1757 2459 περιεχό-

181 2495 371 2548 μενος.
418 2477 626 2550 Αὐτηὴ
668 2480 835 2532 κακία
875 2478 983 2532 τῶν
1020 2479 1155 2551 μήτε
1186 2478 1345 2548 λόγου
1390 2478 1523 2550 μήτε
1575 2479 1757 2549 φωνῆς

182 2571 546 2639 μετεχόντων.
588 2571 725 2639 Ἐγὼ
747 2571 803 2624 δέ
835 2588 894 2623 σε
925 2570 1205 2642 βούλομαι,
1232 2571 1294 2625 τὸ
1325 2572 1637 2643 ποριστικὸν
1665 2572 1758 2623 καὶ

178 2659 495 2729 εὐμήχανον
522 2661 629 2715 τῶν
668 2660 942 2731 καρκίνων
978 2661 1259 2731 ζηλοῦντα,
1293 2662 1391 2730 τῆς
1424 2660 1625 2729 βλάϐης
1650 2659 1757 2712 τῶν

179 2747 415 2819 πλησίον
454 2748 772 2818 ἀπέχεσθαι.
810 2748 1059 2813 Τοιοῦτός
1087 2752 1233 2803 ἐστιν
1271 2751 1299 2802 ό
1327 2749 1462 2820 πρὸς
1486 2748 1575 2801 τὸν
1607 2749 1757 2801 ἀδελ-

178 2838 287 2908 φδν
316 2839 677 2910 πορευόμενος
704 2840 863 2910 δόλῳ,
893 2840 986 2893 καὶ
1020 2842 1140 2903 ταῖς
1178 2839 1285 2893 τῶν
1331 2840 1556 2911 πλησίον
1596 2840 1757 2894 ἀκαι-

183 2929 333 3000 ρίαις
382 2931 771 3001 ἐπιτιθέμενος,
816 2931 911 2986 καὶ
949 2934 1069 2995 ταῖς
1100 2932 1407 3005 ἀλλοτρίαις
1451 2934 1755 3004 συμφοραῖς

178 3023 485 3093 ἐντρυφῶν.
522 3023 690 3092 Φεῦγε
721 3026 817 3087 τάς
843 3027 1099 3096 μιμήσεις
1132 3024 1239 3079 τῶν
1270 3025 1752 3097 κατεγνωσμένων.

1866 1924 2085 1977 molitur
2115 1923 2294 1979 ?Cum
2325 1922 2523 1977 viderit
2562 1929 2797 1975 ostream
2842 1922 2895 1976 in
2943 1920 3248 1991 tranquillis
3305 1921 3440 1977 locis

1864 2031 1969 2070 non
2021 2018 2137 2071 sine
2192 2016 2467 2086 voluptate
2524 2014 2897 2085 apricantem,
2935 2022 2990 2069 et
3049 2016 3113 2069 ad
3170 2013 3299 2069 solis
3350 2028 3438 2067 ra-

1861 2108 1978 2163 dios
2010 2109 2190 2163 valvas
2236 2125 2362 2165 suas
2404 2107 2762 2178 explicantem
2795 2127 2806 2161 :
2841 2115 2969 2161 tunc
3019 2105 3319 2160 clanculum
3356 2106 3441 2159 in-

1854 2192 1998 2261 jecto
2032 2193 2261 2257 calculo,
2306 2195 2625 2262 plicaturam
2660 2195 2914 2265 impedit;
2945 2205 3108 2265 atque
3137 2195 3279 2265 quod
3305 2193 3437 2249 viri-

1860 2288 1960 2343 bus
1993 2286 2199 2351 deerat,
2233 2286 2284 2340 id
2318 2296 2437 2340 astu
2480 2294 2534 2341 et
2570 2284 2693 2340 dolo
2721 2285 2966 2340 obtinere
2992 2286 3433 2357 deprehenditur.

1860 2380 1983 2435 Haec
2011 2388 2094 2435 est
2125 2393 2309 2435 eorum
2338 2393 2456 2449 quae
2480 2394 2655 2450 neque
2679 2379 2909 2447 ratione,
2928 2393 3102 2450 neque
3136 2395 3267 2436 voce
3296 2395 3432 2451 pra.

1857 2472 1964 2527 dita
1994 2484 2137 2537 sunt,
2175 2471 2397 2527 malitia.
2421 2470 2531 2542 Ego
2557 2483 2737 2527 autem
2769 2475 2907 2537 volo,
2938 2484 2995 2530 ut
3026 2484 3081 2530 tu
3110 2489 3432 2529 cancrorum

1859 2566 1912 2618 in
1942 2564 2085 2618 victu
2114 2566 2483 2633 comparando
2519 2574 2687 2619 artem
2723 2581 2786 2620 ac
2820 2566 3138 2621 industriam
3168 2567 3431 2630 imitatus,

1856 2669 1885 2709 a
1929 2656 2292 2724 proximorum
2324 2671 2461 2711 noxa
2507 2658 2969 2727 incommodisque
3008 2659 3101 2713 tibi
3138 2672 3421 2730 temperes.

1856 2745 1999 2802 Talis
2058 2754 2142 2802 est
2208 2746 2299 2817 qui
2358 2746 2425 2801 ad
2489 2745 2710 2801 fratrem
2759 2746 3127 2804 fraudulenter
3186 2749 3428 2813 accedit,

1856 2840 2245 2910 adversamque
2293 2838 2525 2909 proximi
2572 2836 2839 2895 fortunam
2886 2841 3143 2899 insidiose
3190 2843 3427 2914 impetit,

1854 2940 1907 2985 et
1930 2931 2118 2986 alienis
2143 2931 2365 2987 insultat
2388 2931 2805 2989 calamitatibus.
2842 2932 2983 2990 Cave
3022 2937 3292 2991 aemuleris
3331 2936 3425 2990 lio-

1854 3021 2024 3077 mines
2052 3020 2397 3092 improbatus.
2417 3022 2547 3079 Tuis
2572 3023 2648 3079 sis
2676 3033 2963 3079 contentus
2988 3023 3165 3080 rebus.
3193 3025 3428 3097 Pauper-

175 3113 309 3177 Τοῖς
347 3116 566 3177 οἰκείοις
609 3115 801 3187 ἀρκοῦ.
850 3118 1017 3170 Πενία
1066 3118 1204 3186 μετά
1241 3120 1573 3190 αὐταρκείας
1622 3119 1753 3189 ἀλη-

1857 3126 1958 3183 tas,
1983 3132 2104 3172 cum
2145 3132 2322 3172 rerum
2352 3118 2779 3173 necessariarum
2818 3119 2973 3189 capia
3002 3135 3128 3175 vere
3158 3124 3424 3193 suppetit,

176 3204 308 3269 θοῦς
349 3206 526 3277 πάσης
562 3206 907 3271 ἀπολαύσεως
952 3210 1062 3271 τοῖς
1114 3208 1448 3280 σωφρονοῦσι
1497 3227 1755 3281 προτιμο-

172 3296 334 3367 τέρα.
378 3299 491 3353 υύκ
525 3298 590 3353 ἂν
624 3299 944 3371 παρέλθοιμι
977 3300 1038 3354 τὸ
1080 3297 1174 3353 τοῦ
1215 3299 1513 3363 πολύποδος
1540 3299 1753 3371 δολερὸν

175 3389 275 3442 καὶ
301 3390 612 3456 ἐπίκλοπον,
639 3390 697 3455 ὃς
721 3393 881 3464 ὁποίᾳ
919 3392 1035 3446 ποτ’
1060 3392 1126 3447 ἂν
1158 3392 1413 3446 ἑκάστοτε
1453 3392 1627 3463 πέτρα
1659 3407 1754 3443 πε-

178 3480 419 3552 ριπλακῇ
464 3483 595 3552 (97),
634 3484 733 3556 τὴν
769 3485 985 3555 ἐκείνης
1026 3486 1325 3556 ὑπέρχεται
1364 3484 1535 3557 χρόαν
1560 3501 1575 3514 ·
1610 3483 1749 3538 ὥστε

172 3575 307 3639 τοὺς
348 3574 572 3638 πολλοὺς
599 3575 705 3629 τῶν
742 3578 938 3647 ἰχθύων
968 3578 1290 3647 ἀπροόπτως
1322 3577 1649 3649 νηχομένους
1672 3576 1750 3649 τῷ

175 3664 439 3717 πολύποδι
472 3664 841 3736 περιπίπτειν,
873 3665 945 3729 ὡς
986 3669 1051 3736 τῇ
1080 3665 1255 3736 πέτρᾳ
1282 3664 1461 3733 δῆθεν,
1494 3667 1585 3719 καὶ
1613 3666 1750 3719 ἐτοι-

174 3770 285 3824 μον
308 3753 553 3823 γίνεσθαι
586 3753 806 3826 θήραμα
832 3754 910 3825 τῷ
943 3754 1254 3825 πανούργῳ.
1284 3754 1523 3807 Τοιοῦτοί
1557 3756 1662 3807 είσι
1687 3756 1749 3808 τὸ

168 3840 307 3916 ἦθος
344 3848 392 3900 oi
430 3849 526 3909 τὰς
555 3847 641 3900 ἀεὶ
670 3845 978 3918 κρατούσας
1017 3846 1334 3910 δυναστείας
1368 3846 1746 3918 ὐπερχόμενοι,

170 3934 271 3987 καὶ
302 3934 439 4006 πρὸς
476 3935 571 3999 τάς
608 3936 862 3991 ἑκάστοτε
904 3934 1090 4006 χρείας
1142 3933 1625 4006 μεθαρμοζόμενοι,
1671 3937 1746 4009 μὴ

170 4023 270 4077 ἐπὶ
296 4024 394 4093 τῆς
420 4025 588 4096 αὐτῆς
610 4026 698 4079 ἀεὶ
722 4027 1091 4097 προαιρέσεως
1115 4026 1426 4097 βεϐηκότες,
1456 4027 1571 4080 ἀλλ’
1597 4027 1743 4082 ἄλλοι

168 4114 273 4168 καὶ
316 4114 463 4168 ἄλλοι
497 4116 694 4186 ῥᾳδίως
737 4118 1034 4187 γινόμενοι,
1090 4118 1440 4189 σωφροσύνην
1480 4120 1745 4190 τιμῶντες

170 4205 315 4279 μετά
354 4208 664 4278 σωφρόνων,
703 4208 990 4261 ἀκόλαστοι
1040 4209 1097 4262 δὲ
1134 4211 1191 4263 ἐν
1237 4210 1574 4275 ἀκολάστοις,
1609 4213 1744 4283 πρὸς

164 4300 271 4371 τὴν
310 4300 538 4353 ἑκάστου
581 4300 874 4371 ἀρέσκειαν
913 4300 1011 4365 τὰς
1051 4300 1273 4372 γνώμας
1311 4302 1738 4374 μετατιθέμενοι.

165 4392 280 4457 Οὐς
308 4392 428 4445 οὐδὲ
464 4392 644 4464 ῥᾴδιον
673 4394 937 4461 ἐκκλῖναι,
972 4395 1093 4448 οὐδὲ
1123 4395 1222 4465 τὴν
1250 4396 1343 4447 ἀπ’
1366 4394 1543 4448 αὐτῶν
1571 4396 1741 4465 φυλά-

1854 3206 2108 3277 voluptati
2128 3207 2273 3262 omni
2304 3221 2334 3261 a
2354 3209 2684 3279 sapientibus
2711 3210 3071 3279 anteponitur.
3106 3210 3222 3266 Non
3248 3214 3426 3285 polypi

1855 3298 2202 3367 pmterierim
2243 3289 2422 3353 dolum
2451 3314 2514 3354 ac
2544 3299 2882 3355 furacitatem
2902 3340 2917 3365 ,
2947 3303 3034 3370 qui
3063 3302 3424 3374 qualicunque

1857 3390 2065 3445 tandem
2086 3405 2217 3445 saxo
2243 3391 2546 3458 adhaeserit,
2572 3391 2712 3447 illius
2744 3392 2915 3447 induit
2945 3392 3200 3453 colorem.
3225 3395 3425 3462 Quam-

1850 3482 2036 3538 obrem
2069 3483 2307 3553 plerique
2346 3483 2522 3554 pisces
2557 3483 2851 3553 improvide
2895 3493 3142 3540 natantes
3170 3485 3225 3540 in
3268 3487 3423 3556 poly-

1850 3588 1973 3643 pum
2008 3574 2083 3628 uti
2116 3573 2168 3628 in
2199 3582 2402 3643 petram
2435 3574 2697 3637 incidunt,
2725 3582 3077 3645 paratamque
3103 3588 3319 3633 versuto
3346 3579 3424 3635 illi

1850 3669 2082 3735 praedam
2108 3680 2226 3720 sese
2255 3664 2505 3720 offerunt.
2530 3665 2748 3721 Talibus
2778 3666 3015 3721 moribus
3037 3677 3163 3721 sunt
3191 3667 3420 3739 praediti,

1848 3758 1938 3826 qui
1968 3773 2180 3828 semper
2220 3759 2571 3827 potestatibus
2616 3758 3012 3816 dominantibus
3055 3772 3419 3828 assentantur,

1847 3858 2072 3918 seseque
2099 3849 2164 3903 ad
2203 3850 2468 3919 quoslibet
2500 3850 2687 3905 modos
2732 3865 2965 3921 ususque
2990 3854 3415 3920 accommodant,

1848 3953 1946 3994 nec
1984 3939 2038 3993 in
2083 3939 2270 3995 eadem
2321 3940 2482 3994 animi
2543 3941 2809 3995 sententia
2852 3956 3065 4012 semper
3101 3945 3416 4013 persistuni,

1844 4034 1939 4089 sed
1979 4034 2070 4088 alii
2103 4043 2263 4101 atque
2294 4033 2383 4086 alii
2420 4032 2579 4087 facile
2616 4032 2822 4100 effecti,
2850 4038 3255 4107 temperantiam
3294 4055 3417 4093 cum

1846 4124 2269 4194 temperantibus
2307 4133 2645 4190 venerantes,
2680 4126 2932 4195 impudici
2958 4143 3079 4181 cum
3112 4130 3415 4198 impudicis,

1844 4215 2172 4271 sententiam
2204 4225 2416 4269 mutant
2439 4216 2506 4269 ad
2541 4216 2958 4285 uniuscujusque
2981 4220 3204 4287 gratiam
3236 4223 3416 4275 conci-

1844 4308 2093 4362 liandam.
2123 4306 2267 4373 Quos
2297 4306 2508 4359 diﬂicile
2537 4316 2619 4361 est
2667 4306 2890 4372 evitare,
2921 4308 3130 4378 sibique
3163 4310 3233 4364 ab
3272 4310 3405 4380 ipso-

1844 4414 1959 4453 rum
1982 4400 2316 4453 nocumentis
2338 4413 2547 4465 cavere,
2581 4408 2862 4469 propterea
2887 4400 3029 4469 quod
3064 4415 3251 4456 eorum
3284 4416 3415 4456 con-

165 4484 365 4549 ξασθαι
404 4484 625 4555 βλάϐην,
669 4485 757 4538 διὰ
796 4485 857 4538 τδ
900 4487 958 4539 ὲν
1006 4486 1085 4557 τῷ
1128 4487 1476 4558 προσχήματι
1512 4487 1609 4556 τῆς
1649 4504 1739 4555 φι-

1856 4490 2060 4544 cinnata
2094 4489 2337 4559 pravitas
2360 4489 2459 4544 sub
2490 4490 2738 4545 amicitiae
2758 4490 2936 4560 specie
2955 4489 3060 4545 alta
3089 4492 3411 4562 contegitur.

163 4576 289 4640 λίας
346 4576 455 4646 (98)
501 4576 707 4647 βαθέως
766 4580 1279 4650 κατεσκευασμένην
1330 4579 1428 4651 τὴν
1482 4580 1745 4651 πονηρίαν

166 4668 646 4740 κατακεκρύφθαι.
690 4670 769 4723 Τά
814 4670 1040 4724 τοιαῦτα
1094 4672 1199 4741 ἡθη
1254 4672 1448 4736 λύκους
1490 4674 1745 4745 ἅρπαγας

162 4758 422 4828 ὀνομάζει
449 4763 476 4813 ό
498 4760 721 4832 Κύριος,
749 4761 807 4813 ἐν
833 4759 1091 4831 ἐνδύμασι
1133 4762 1418 4833 προϐάτων
1452 4782 1743 4835 προφαινο-

166 4852 381 4923 μένους.
429 4853 597 4921 Φεῦγε
636 4855 695 4907 τὸ
747 4853 1087 4906 παντοδαπὸν
1134 4853 1227 4907 καὶ
1274 4854 1610 4909 πολλαπλοῦν
1646 4856 1739 4910 τοῦ

158 4944 367 5013 τρόπον
392 4960 405 4972 ·
451 4943 611 4997 δίωκε
643 4944 699 4997 δὲ
732 4943 1007 5014 ἀλήθειαν,
1039 4943 1406 5015 είλικρίνειαν,
1436 4947 1728 5018 ἁπλότητα.

173 5036 233 5089 ὐ
262 5035 386 5104 όφις
418 5036 684 5101 ποικίλοςο
722 5035 811 5089 διά
837 5035 995 5091 τοῦτο
1020 5036 1112 5089 καὶ
1139 5036 1327 5109 ἕρπειν
1348 5038 1729 5112 κατεδικάσθη.

230 5218 277 5252 ’⁸
319 5217 505 5274 Matth.
540 5234 634 5282 vn,
672 5217 759 5271 15.
833 5218 878 5251 ⁵³
912 5218 1046 5274 Gen.
1103 5231 1228 5283 xxv,
1253 5217 1342 5272 27.

233 5353 346 5437 (θλ)
375 5354 450 5436 Ita
497 5350 663 5437 editio
690 5350 907 5437 iBaﬁsil...
929 5368 1049 5437 cuin
1083 5354 1312 5437 duobus
1339 5355 1582 5437 _Dne.ﬂetl
1606 5370 1726 5437 eum

163 5423 288 5479 aliis
322 5425 560 5493 quinque
599 5436 725 5493 mss.
772 5423 948 5493 Eilitio
976 5423 1146 5477 Paris.
1184 5425 1248 5476 σὺ
1272 5425 1447 5479 τοῦτο.
1492 5425 1731 5479 Subinde

160 5492 395 5564 quatuor
425 5506 555 5547 mss.
610 5492 833 5564 ἐφάνης.
865 5492 1003 5547 Editi
1034 5508 1153 5547 cum
1187 5510 1292 5548 uno
1322 5496 1601 5551 :utaltero
1628 5511 1727 5549 ms.

161 5565 452 5627 ἀνεφάνης.

235 5583 509 5705 Egilia.
544 5644 724 5687 sextus
750 5648 868 5687 cum
893 5632 1043 5686 Cn").
1076 5631 1246 5699 primo
1279 5635 1473 5693 ἀδίκων
1501 5634 1726 5701 ὑπεξελ-

162 5708 361 5768 θόντες.
396 5706 681 5768 Aliquanto
716 5713 831 5769 post
870 5705 1003 5755 idem
1048 5717 1148 5755 nis.
1185 5719 1303 5755 cum
1338 5708 1517 5761 eodem
1571 5710 1719 5760 (Iulli,

164 5793 333 5846 Pl'llli')
361 5778 549 5843 φυγεῖν
583 5774 687 5825 τῶν
714 5772 895 5825 κακῶν
924 5774 1020 5845 τὴν
1057 5770 1303 5843 μίμησιν.

1848 4580 2019 4636 Mores
2054 4581 2353 4651 hujusmodi
2386 4581 2616 4651 appellat
2671 4582 2929 4637 Dominus
2968 4597 3188 4651 rapaces
3232 4584 3411 4656 lupos,

1844 4677 1896 4728 in
1920 4675 2098 4729 ovium
2132 4676 2456 4729 indumentis
2488 4688 2609 4728 sese
2643 4675 3218 4747 ostentantes".Fuge
3247 4678 3411 4734 hosce

1844 4779 2019 4819 mores
2040 4764 2218 4819 varios
2247 4779 2308 4819 ac
2344 4764 2701 4833 multiplices:
2729 4763 2837 4818 imo
2861 4772 3072 4820 sectare
3101 4768 3408 4831 veritatem,

1846 4858 2230 4921 sinceritatem,
2260 4855 2683 4925 simplicitatem.
2702 4854 2893 4913 Varius
2904 4869 2985 4913 est
3000 4874 3246 4928 serpens,
3264 4868 3317 4915 et
3340 4862 3410 4913 oh

1840 4950 1891 5004 id
1912 4950 1977 5003 ad
1999 4950 2110 5020 66
2127 4948 2441 5019 reptandum
2473 4948 2858 5005 condemnatus
2889 4961 2991 5008 est.
3023 4950 3207 5007 Justus
3232 4950 3407 5006 ﬁctio-

1838 5054 1904 5095 ne
1936 5048 2108 5105 caret,
2132 5036 2307 5107 qualis
2346 5035 2449 5091 fuit
2491 5035 2655 5092 Jacob
2685 5040 2749 5092 ".
2787 5038 3123 5109 Quapropter
3154 5040 3407 5095 Dominus

1914 5349 2024 5422 (9(3)
2061 5350 2134 5422 l_ta
2164 5364 2258 5404 sex
2295 5364 2422 5404 mss.
2460 5348 2636 5422 Editig
2667 5360 2896 5422 utraque
2921 5348 2982 5402 τὸ
3009 5349 3211 5422 λεῖπον.

1912 5419 2187 5494 (97)_Reg.
2213 5429 2406 5494 sextus
2428 5434 2550 5473 cum
2586 5419 3126 5494 C0|b._primone'rpg.
3155 5419 3407 5494 συμπλαο

1841 5489 1933 5563 κῇ.
1972 5489 2111 5545 Infra
2135 5489 2368 5559 quinque
2399 5505 2529 5563 mss.
2568 5489 2916 5563 περιπίπτειν
2949 5493 3038 5563 τῇ.
3091 5490 3231 5545 Editi
3280 5506 3404 5547 cum

1844 5560 1973 5627 lleg.
2009 5571 2198 5631 octavo
2226 5560 2579 5631 περιπίπτειν
2608 5560 2683 5623 ὡς
2708 5562 2798 5631 τῇ,
2830 5561 3053 5631 rectius.

1914 5632 2021 5699 (98)
2050 5630 2122 5684 Ita
2151 5629 2353 5697 septem
2396 5646 2523 5683 mss.
2564 5630 2701 5683 Etliti
2732 5629 2788 5684 ἐν
2820 5629 2899 5702 τῷ
2927 5632 3273 5702 προσχήματι
3304 5634 3400 5698 τῆς

1836 5703 2137 5767 εὐλαϐείας,
2171 5702 2261 5756 sub
2288 5702 2497 5769 pietatis
2518 5702 2701 5769 specie.
