4092 6318
671 323 769 374 155

2005 312 2060 364 S.
2107 307 2344 362 BASILII
2379 308 2586 360 MAGNI
3801 309 3894 359 Γῇ

659 435 956 488 inhabitare
985 430 1113 496 facit
1168 429 1322 480 unius
1358 430 1515 479 maris
1553 429 1604 478 iu
1652 426 1802 476 domo
1833 424 1897 476 ”.
1940 426 2051 480 Hoc
2094 440 2233 476 mare

2350 423 2403 473 Ὀ
2424 424 2626 482 δίκαιος
2653 421 2941 483 ἄπλαστος,
2974 420 3152 480 ὁποῖος
3176 422 3202 470 6
3241 419 3433 472 Ἰακώϐ
3464 419 3594 487 (ιθ).
3628 419 3723 469 Διὰ
3751 421 3900 470 τοῦτο

660 538 902 592 magnum
953 530 1001 573 et
1053 519 1342 586 spatiosum
1375 533 1392 568 :
1429 518 1539 571 illic
1581 515 1816 581 rcptilia,
1861 532 2080 585 quorum
2129 531 2230 568 non

658 621 732 665 est
779 625 1021 662 numerus
1063 622 1081 660 :
1130 608 1383 659 animalia
1433 607 1622 674 pusilla
1649 621 1764 656 cum
1806 610 2009 676 magnis
2037 607 2102 661 “.
2129 605 2233 659 Sed

665 716 839 757 tamen
861 711 944 755 est
973 702 1024 754 in
1054 700 1162 755 illis
1197 700 1410 766 sapiens
1438 699 1676 769 quzedam
1707 706 1760 750 et
1789 700 1955 765 probe
1989 698 2232 752 ordinata

663 794 963 862 dispositio.
991 792 1106 846 Non
1144 794 1285 845 enim
1340 791 1509 846 solum
1545 803 1798 844 accusare
1831 792 2004 861 pisces
2045 805 2237 859 possu-

665 899 818 946 mus;
847 883 940 937 sed
971 892 1095 937 sunt
1116 882 1276 933 etiam
1309 896 1428 950 qua:
1452 894 1626 948 opera:
1647 881 1873 948 pretium
1906 889 1989 934 est
2015 879 2231 933 imitari.

662 975 943 1044 Quomodo
964 972 1167 1043 singula
1193 971 1420 1041 piscium
1450 985 1640 1042 genera
1675 973 1945 1040 regionem
1973 971 2073 1026 sibi
2105 971 2236 1040 ipsis

667 1067 911 1121 idoneam
934 1065 1150 1133 partita,
1170 1064 1273 1120 alia
1291 1065 1344 1120 in
1375 1066 1598 1118 aliorum
1625 1063 1780 1118 sedes
1803 1078 1908 1117 non
1934 1072 2233 1127 transeunt,

665 1158 761 1213 sed
793 1160 934 1212 intra
959 1157 1208 1228 praprios
1237 1159 1369 1212 lines
1395 1157 1732 1210 diversantur
1756 1155 1779 1208 ?
1809 1154 2095 1211 Geometra
2122 1157 2238 1211 nul-

669 1251 751 1304 lus
774 1250 1132 1306 habitationes
1157 1252 1291 1319 apud
1315 1251 1429 1304 haec
1463 1252 1686 1320 piscium
1717 1263 1912 1318 genera
1939 1248 2238 1315 distribuit;

669 1354 776 1395 non
829 1339 1234 1408 circumscripta
1280 1349 1407 1394 sunt
1444 1342 1631 1403 muris,
1664 1354 1768 1394 non
1805 1340 2000 1394 ﬁnibus
2047 1339 2240 1405 divisa,

669 1446 726 1490 et
760 1437 898 1505 quod
947 1432 1140 1502 cuique
1179 1435 1419 1504 prodest,
1462 1435 1513 1487 id
1569 1433 1760 1502 cuique
1799 1439 1985 1502 sponte
2039 1441 2242 1488 naturae

670 1529 992 1582 destinatum
1055 1537 1155 1583 est.
1214 1528 1309 1582 llic
1363 1528 1503 1581 enim
1541 1527 1690 1581 sinus
1729 1527 1970 1594 quaedam
2018 1525 2241 1593 piscium

672 1633 864 1686 genera
924 1617 1118 1686 pascit,
1155 1619 1243 1673 ille
1299 1618 1401 1673 alia
1438 1627 1529 1673 :et
1576 1634 1691 1687 qua:
1726 1617 1812 1670 hic
1863 1616 2155 1679 abundant,
2181 1633 2244 1672 ea

673 1707 802 1762 alibi
849 1709 939 1761 vix
1000 1710 1262 1763 invenias.
1314 1708 1501 1762 Nullus
1555 1721 1704 1760 mons
1747 1704 1918 1759 acutis
1959 1704 2246 1760 verticibus

2335 513 2646 572 Κίιτοικίζει
2690 513 2899 578 Κύριος
2929 512 3341 580 μονοτρόπους
3369 511 3438 563 ἐν
3470 510 3636 573 οἴκῳ.
3676 510 3835 576 Aﬁr?)
3869 511 3900 576 ἡ

2332 602 2614 658 θάλασσα
2649 604 2684 662 1')
2717 601 2950 670 μεγάλη
2979 602 3072 656 καὶ
3102 603 3436 673 εὐρύχωρος
3456 619 3468 631 ·
3505 601 3638 654 ἐκεῖ
3670 601 3902 669 ἑρπετὰ,

2331 688 2417 746 ὧν
2442 697 2552 748 οὐκ
2583 698 2754 749 ἔστιν
2776 694 3036 762 ἀριθμός·
3073 693 3181 755 ζῶα
3203 700 3384 764 μικρὰ
3426 695 3574 766 μετὰ
3601 694 3904 761 μεγάλων.

2345 786 2483 839 Ἀλλ’
2508 789 2657 856 ὅμως
2692 787 2826 856 σοφή
2860 787 2942 849 τίς
2989 790 3104 840 ἐστι
3132 788 3259 856 παρ’
3290 788 3472 852 αὐτοῖς
3518 790 3612 842 καὶ
3649 785 3909 845 εὔτακτος

2331 879 2704 950 διακόσμησις.
2747 880 2819 934 Ού
2863 878 2969 948 γὰρ
3005 882 3162 949 μόνον
3199 884 3524 948 κατηγορεῖν
3567 882 3768 953 ἔχομεν
3807 880 3912 929 τῶν

2337 970 2533 1041 ἰχθύων
2559 971 2656 1040 (l),
2692 973 2806 1025 ἀλλ’
2847 970 2992 1024 ἔστιν
3017 971 3051 1024 ἆ
3081 974 3174 1027 καὶ
3213 972 3556 1043 μιμήσασθαι
3582 976 3756 1040 ἄξιον.
3791 972 3911 1032 Πῶς

2334 1064 2401 1118 τὰ
2425 1062 2557 1133 γένη
2595 1063 2705 1116 τῶν
2751 1065 2944 1135 ἰχθύων
2981 1063 3185 1117 ’ἐκαστα
3223 1066 3321 1136 τὴν
3351 1066 3665 1134 ἐπιτηδείαν
3704 1067 3912 1127 ἑαυτοῖς

2336 1156 2726 1226 διανειμάμενα
2755 1158 2964 1229 χώρανφ
2989 1156 3088 1208 οὐκ
3113 1159 3206 1209 ἐπε
3218 1159 3428 1228 μῆαίνει
3459 1158 3735 1229 ἀλλήλοις,
3781 1161 3914 1214 ἀλλὰ

2337 1253 2446 1313 τοῖς
2496 1251 2713 1313 οἰκείοις
2763 1254 2908 1319 ὅροις
2945 1250 3299 1320 ἐνδιατρίῆει;
3350 1251 3538 1312 Οὐδεὶς
3589 1256 3914 1326 γεωμέτρης

2342 1359 2450 1412 παρ
2511 1343 2690 1404 αὐτοῖς
2731 1345 3013 1413 κατένειμε
3046 1341 3142 1404 τὰς
3172 1343 3442 1412 οἰκήσεις·
3483 1343 3544 1395 ού
3578 1345 3790 1412 τείχεσι
3826 1363 3914 1398 m-

2344 1432 2702 1506 ριγέγραπται
2731 1451 2743 1463 ’
2793 1436 2889 1504 οὐχ
2946 1432 3234 1506 όροοεσίοις
3280 1433 3570 1504 διῄρηται·
3609 1436 3710 1486 καὶ
3756 1439 3911 1489 αύτοο

2349 1527 2528 1597 μάτως
2566 1527 2776 1596 ἑκάστῳ
2802 1527 2859 1579 τδ
2890 1531 3154 1599 χρήσιμον
3187 1526 3571 1582 ἀποτέτακται.
3605 1519 3778 1589 Οὗτος
3821 1529 3913 1595 μὲν

2345 1616 2451 1687 γὰρ
2491 1618 2519 1668 6
2554 1616 2748 1678 κόλπος
2772 1616 2896 1669 τάδε
2919 1619 3040 1671 τινὰ
3071 1620 3144 1688 (2)
3169 1618 3299 1687 γένη
3324 1616 3430 1669 τῶν
3475 1614 3676 1686 ἰχθύων
3711 1616 3908 1684 βόσκει,

2348 1711 2595 1772 κάκεῖνος
2633 1709 2791 1779 ἕτερα
2816 1725 2828 1737 ·
2859 1711 2951 1762 καὶ
2973 1711 3039 1763 τὰ
3066 1706 3166 1765 ὦδε
3201 1709 3534 1782 πληθύνοντα
3565 1710 3754 1778 ἄπορα
3789 1712 3908 1780 παρ’

674 1813 975 1869 porrectus,
1013 1817 1076 1854 ea
1108 1801 1372 1869 seiungit;
1404 1814 1507 1851 non
1546 1797 1828 1850 transitum
1876 1797 2124 1850 discindit
2153 1795 2248 1852 ﬁu-

2350 1802 2573 1872 ἑτέροις.
2609 1799 2772 1851 usas;
2809 1798 2932 1870 ὅρος
2971 1801 3170 1865 ὀξείαις
3210 1804 3473 1872 κορυφαῖς
3511 1800 3909 1869 ἀνατεταμένον

673 1895 794 1946 vius
826 1912 840 1948 :
871 1892 962 1945 sed
993 1890 1233 1961 qua-dam
1260 1900 1342 1944 est
1371 1901 1574 1944 natum.
1605 1889 1718 1948 lex.
1752 1904 1868 1957 quae
1893 1903 2045 1959 aeque
2078 1889 2244 1960 juste-

674 1999 779 2054 que
805 1999 901 2052 pro
947 1984 1365 2054 uniuscujusque
1413 1984 1694 2039 commodo
1735 1981 1945 2037 vivendi
1985 1985 2244 2038 rationem

677 2077 834 2146 quasi
867 2077 1059 2132 sortito
1091 2076 1315 2147 singulis
1346 2074 1660 2146 praescribit.

748 2274 800 2327 4.
831 2273 938 2328 Nos
973 2290 1102 2328 vero
1121 2291 1458 2344 nequaquam
1490 2276 1624 2330 tales
1648 2291 1851 2329 sumus.
1885 2273 2071 2329 Unde?
2094 2273 2247 2340 Quod

680 2365 779 2435 ipsi
804 2367 1060 2418 terminos
1092 2376 1320 2420 aeternos
1375 2367 1768 2427 transierimus,
1801 2381 1933 2433 quos
1980 2367 2024 2397 "
2067 2376 2246 2435 patres

683 2457 849 2509 nostri
915 2463 1224 2523 posuerunt.
1281 2454 1563 2522 Perperatn
1621 2454 1915 2507 scindimus
1965 2453 2244 2519 tellurem;

683 2548 902 2600 domum
937 2547 1139 2608 domui,
1173 2563 1354 2617 agrum
1386 2562 1515 2615 agro
1541 2546 1901 2615 adjungimus,
1933 2555 2039 2602 uta
2066 2548 2250 2617 proxi-

685 2649 772 2687 rno
807 2635 1006 2702 aliquid
1057 2636 1382 2689 auleramus.
1430 2636 1636 2691 Norunt
1672 2647 1790 2690 cete
1840 2637 2050 2690 vivendi
2083 2651 2250 2706 genus

683 2726 781 2779 sibi
814 2742 841 2777 a
880 2735 1071 2778 natura
1105 2729 1474 2782 constitutum.
1509 2729 1784 2797 Occupaut
1829 2731 1877 2781 id
1905 2745 2074 2792 mare,
2110 2729 2250 2797 quod

684 2817 820 2870 ultra
875 2818 1189 2872 habitabiles
1227 2820 1408 2888 plagas
1464 2823 1647 2883 situm,
1690 2821 1878 2873 insulis
1929 2828 2112 2885 caret,
2167 2820 2250 2873 cui

684 2908 962 2961 continens
992 2908 1132 2960 nulla
1179 2917 1319 2961 terra
1362 2923 1390 2960 e
1437 2910 1652 2979 regione
1693 2909 1998 2976 opponitur.
2055 2907 2252 2972 Quam-

684 3000 867 3056 obrem
903 2989 1259 3069 ianavigabile
1291 3010 1393 3062 est,
1438 3015 1534 3054 nec
1560 3000 1722 3053 ullum
1748 2981 2099 3067 cognoscendi
2142 3007 2253 3051 stu-

688 3093 832 3147 dium
861 3133 875 3157 ,
925 3110 1025 3147 nec
1074 3093 1174 3147 ulla
1230 3095 1527 3149 necessitas
1577 3094 1707 3148 illud
1765 3102 1971 3148 tentare
2017 3106 2250 3162 unquam

2343 1895 2634 1965 διίστησιν,
2683 1891 2744 1942 ού
2793 1891 3030 1961 ποταμὸς
3071 1895 3170 1962 τὴν
3225 1894 3469 1947 διάϐασιν
3515 1895 3905 1964 ἀποτέμνεται·

2345 1987 2478 2041 ἀλλὰ
2513 1987 2673 2057 νόμος
2708 1984 2790 2047 τίς
2827 1984 2942 2036 ἐστι
2972 1984 3182 2053 φύσεως
3227 1985 3356 2048 ἴσως
3383 1989 3475 2037 καὶ
3514 1987 3746 2050 δικαίως
3780 1988 3908 2040 κατὰ

2345 2079 2404 2131 τὸ
2443 2081 2670 2132 ἑκάστου
2714 2076 2968 2150 χρειῶδες
3014 2076 3112 2148 τὴν
3149 2075 3353 2129 δίαιταν
3394 2077 3643 2140 ἑκάστοις
3678 2079 3908 2147 ἀποκλη-

2348 2167 2456 2238 ρῶν
2488 2169 2587 2238 (δ).

2414 2259 2468 2314 4.
2520 2259 2657 2310 Ἀλλ’
2681 2262 2777 2330 οὐχ
2809 2263 2969 2331 ἡμεῖς
3013 2261 3259 2315 τοιοῦτοι.
3310 2261 3514 2326 Πόθεν;
3554 2263 3687 2332 Οἷγε
3739 2262 3910 2332 μεταίο

2351 2369 2514 2424 ρομεν
2581 2353 2701 2422 ὅρια
2753 2353 2981 2411 αἰώνια.
3035 2355 3069 2407 ἂ
3111 2353 3288 2406 ἔθεντο
3336 2356 3385 2406 οἱ
3444 2357 3684 2426 πατέρες
3746 2356 3908 2425 ἡμῶν.

2348 2444 2812 2516 Παρατεμνόμεθα
2854 2445 2929 2515 (4)
2979 2447 3102 2515 γῆν,
3161 2446 3500 2515 συνάπτομεν
3557 2447 3740 2498 οἰκίαν
3790 2446 3910 2516 πρὸς

2348 2537 2520 2591 οἰκίαν
2551 2538 2640 2590 καὶ
2680 2537 2847 2606 ἀγρὸν
2881 2538 3015 2605 πρὸς
3061 2537 3246 2608 ἀγρὸν,
3275 2537 3361 2590 ἵνα
3393 2537 3485 2589 τοῦ
3544 2538 3780 2608 πλησίον
3814 2538 3907 2606 ἁφ-

2351 2628 2597 2699 ελὼμεθὰ
2627 2646 2698 2680 τι.
2729 2624 2848 2681 Οἷδε
2891 2628 2957 2680 τὰ
3004 2630 3141 2699 κήτη
3163 2629 3260 2700 τὴν
3306 2628 3700 2700 ἀφωρισμένην
3746 2631 3909 2692 αὐτοῖς

2354 2725 2504 2794 παρὰ
2531 2723 2628 2793 τῆς
2663 2723 2872 2791 φύσεως
2903 2722 3128 2787 δίαιταν,
3169 2723 3263 2794 τὴν
3312 2722 3415 2787 ἔξω
3446 2723 3556 2777 τῶν
3593 2725 3912 2794 οἰκουμένων

2353 2817 2564 2885 χωρίων
2607 2817 2897 2886 κατείληφε
2932 2817 3221 2879 Θάλασσαν,
3265 2817 3361 2886 τὴν
3403 2818 3500 2886 ἑρή
3513 2835 3622 2886 μην
3657 2819 3852 2886 νήσων,

2359 2908 2595 2976 μηδεμία
2629 2909 2764 2975 πρὸς
2784 2909 2844 2959 τὸ
2871 2907 3161 2976 ἀντιπέρας
3195 2908 3654 2977 ἀντικαθεστηκεν
3680 2909 3908 2976 ἤπειρος.

2355 2996 2552 3066 Διόπερ
2583 2995 2782 3057 ἄπλους
2805 2997 2970 3058 ἑστιν,
2999 2996 3121 3048 οὔτε
3152 2998 3388 3067 ἱστορίας
3412 2997 3534 3049 οὗτε
3562 2998 3710 3059 τινος
3741 2998 3910 3067 χρείας

2357 3087 2697 3158 κατατολμᾷν
2753 3088 2919 3159 αὐτῆς
2980 3088 3107 3151 τοὺς
3161 3087 3450 3158 πλωτῆρας
3506 3089 3906 3160 ἁναπειθούσης.

691 3181 869 3234 nautis
896 3183 1180 3250 persuasit.
1209 3180 1317 3235 Hoc
1350 3197 1499 3236 mare
1537 3192 1801 3251 occupant
1830 3193 1967 3246 cete,
2004 3178 2248 3234 maximis

2367 3180 2608 3251 Ἑκείνην
2653 3180 3023 3236 καταλαϐόντα
3053 3179 3118 3234 τὰ
3154 3181 3313 3252 κήτη,
3355 3183 3467 3244 τοῖς
3515 3182 3792 3250 μεγίστοις
3819 3182 3911 3234 τῶν

688 3273 958 3324 montibus
983 3274 1349 3341 magnitudine
1376 3274 1592 3335 similia,
1626 3275 1768 3326 velut
1799 3273 1851 3327 bi
1876 3274 1965 3342 qui
2009 3273 2254 3327 viderunt

687 3368 952 3413 narrant:
986 3371 1204 3413 manent
1236 3362 1373 3414 intra
1412 3364 1658 3430 proprios
1707 3363 1987 3426 terminos,
2030 3377 2128 3417 nec
2173 3363 2254 3416 in-

687 3456 831 3512 sulas
872 3472 1044 3526 neque
1078 3459 1236 3513 urbes
1273 3460 1570 3514 maritimas
1616 3460 1888 3515 infestant.
1945 3461 2034 3516 Sic
2094 3462 2256 3530 igitur

689 3552 1104 3620 unumquodque
1129 3568 1294 3622 genus
1333 3553 1384 3607 in
1409 3554 1643 3609 delinitis
1669 3555 1770 3609 sibi
1802 3555 1963 3609 maris
1991 3556 2251 3625 partibus,

686 3641 908 3710 perinde
932 3653 1093 3713 atque
1121 3644 1174 3698 iu
1234 3645 1560 3708 civitatibus,
1613 3656 1705 3700 aut
1744 3647 1877 3700 vicis
1906 3645 2251 3715 quibusdam.

689 3744 781 3788 aut
810 3735 1042 3804 antiquis
1077 3735 1284 3805 patriis,
1332 3736 1674 3791 immoratur.
1721 3735 1837 3790 lam
1870 3751 1997 3792 vero
2035 3738 2254 3807 quidam

688 3841 755 3881 ex
778 3828 1011 3897 piscibus
1045 3828 1472 3899 peregrinantes,
1493 3830 1639 3884 velut
1677 3844 1704 3883 a
1739 3830 2006 3885 communi
2029 3831 2175 3885 curia
2206 3829 2256 3883 in

690 3929 942 3976 externas
978 3923 1224 3993 regiones
1263 3922 1491 3993 ablegati
1517 3964 1530 3987 ,
1567 3937 1758 3978 omnes
1807 3923 1904 3978 sub
1955 3938 2060 3978 uno
2106 3922 2260 3993 signo

692 4012 1129 4079 proﬁciscuntur.
1153 4014 1287 4069 Cum
1324 4016 1468 4069 enim
1492 4017 1863 4084 praescriptum
1893 4015 2091 4070 fetandi
2124 4025 2260 4069 lem-

690 4116 787 4172 pus
815 4103 1089 4166 institerit,
1115 4105 1202 4159 alii
1229 4106 1294 4159 ab
1324 4105 1444 4160 aliis
1471 4107 1798 4173 emigrantes
1830 4107 2057 4168 sinibus,
2107 4121 2258 4160 com-

693 4193 840 4246 muni
869 4208 1074 4249 natura:
1132 4197 1246 4266 lege
1279 4198 1554 4263 concitati,
1608 4197 1675 4250 ad
1724 4212 1871 4252 mare
1927 4198 2258 4266 aquilonium

693 4282 968 4340 festinant.
995 4286 1059 4340 Et
1087 4289 1302 4352 quidem
1339 4289 1455 4356 ipso
1503 4303 1763 4343 ascensus
1791 4297 2027 4357 tempore
2084 4290 2261 4358 pisces

695 4384 914 4432 coactos
951 4392 1045 4447 per
1084 4377 1464 4447 Propontidem
1508 4380 1561 4433 in
1613 4379 1877 4434 Euxinum
1914 4379 2143 4435 Pontum
2180 4382 2260 4435 in-

2355 3274 2495 3343 ὀρῶν
2543 3275 2682 3327 κατὰ
2736 3274 2798 3326 τὸ
2847 3272 3070 3342 μέγεθος
3103 3273 3342 3337 ἐοικότα,
3390 3274 3464 3336 ὡς
3509 3276 3558 3326 οἱ
3609 3274 3911 3345 τεθεαμένοι

2357 3365 2507 3433 φασὶ,
2552 3364 2698 3433 μένει
2730 3365 2785 3414 ἑν
2819 3364 2929 3426 τοῖς
2963 3361 3180 3426 οἰκείοις
3208 3363 3372 3434 ὅροις,
3417 3365 3553 3434 μήτε
3580 3367 3701 3428 ταῖς
3723 3368 3912 3435 νήσοις,

2359 3459 2494 3528 μήτε
2533 3460 2648 3520 ταῖς
2676 3455 2958 3526 παραλίοις
3000 3455 3076 3527 (5)
3103 3456 3291 3511 πόλεσι
3334 3459 3726 3529 λυμαινόμενα.
3773 3459 3914 3510 Οὕτω

2360 3552 2455 3622 μὲν
2495 3546 2586 3604 οὖν
2634 3551 2862 3604 ἕκαστον
2897 3549 3085 3619 γένος,
3119 3553 3304 3624 ὥσπερ
3346 3553 3581 3617 πόλεσιν,
3634 3553 3666 3621 ἢ
3714 3551 3912 3617 κώμαις

2357 3644 2518 3709 τισὶν,
2550 3643 2582 3714 ἢ
2616 3644 2868 3714 πατρίσιν
2897 3644 3172 3716 ἀρχαίαις,
3195 3649 3302 3708 τοῖς
3337 3642 3795 3712 ἀποτεταγμένοις
3831 3642 3914 3694 αύ-

2358 3739 2469 3800 τοῖς
2517 3737 2615 3808 τῆς
2679 3736 2953 3809 θαλάσσης
3007 3739 3225 3808 μέρεσιν
3280 3732 3636 3797 ἐναυλίζεται.
3684 3735 3825 3806 Ἤδη
3865 3736 3914 3789 δέ

2358 3846 2502 3892 τινες
2559 3831 2653 3884 καὶ
2711 3828 3103 3900 ἀποδημητικώ
3155 3827 3263 3878 τῶν
3326 3825 3538 3894 ἰχθύων,
3584 3825 3778 3898 ὥσπερ
3820 3827 3918 3880 ἀπὸ

2360 3923 2539 3976 κοινοῦ
2586 3922 2961 3994 βουλευτηρίου
3008 3920 3144 3989 πρὸς
3188 3919 3284 3988 τὴν
3319 3920 3616 3991 ὑπερορίαν
3653 3921 3918 3992 στελλόμε-

2369 4033 2472 4079 νοι,
2499 4017 2586 4084 ὑφ’
2617 4017 2695 4068 ἑνὶ
2730 4013 3028 4084 συνθήματι
3070 4011 3270 4074 πάντες
3299 4011 3642 4080 ἀπαίρουσιν.
3681 4013 3917 4066 Ἐπειδὰν

2360 4105 2468 4179 γὰρ
2498 4108 2526 4160 6
2549 4103 2875 4174 τεταγμένος
2899 4102 3087 4174 καιρὸς
3125 4102 3224 4172 τῆς
3248 4101 3491 4172 κυήσεως
3516 4101 3592 4172 (6)
3621 4101 3914 4170 καταλάϐῃ.

2360 4198 2506 4252 ἄλλοι
2539 4195 2631 4249 ἀπ’
2684 4195 2854 4249 ἄλλων
2887 4195 3100 4248 κόλπων
3135 4195 3562 4264 μεταναστάντες
3580 4235 3594 4258 ,
3640 4194 3718 4263 τῷ
3769 4192 3919 4260 κοινῷ

2359 4293 2458 4361 τῆς
2509 4288 2722 4358 φύσεως
2770 4288 2917 4359 νόμῳ
2959 4288 3356 4359 διεγερθέντες,
3391 4287 3482 4340 ἑπ).
3531 4286 3630 4357 τήν
3687 4285 3918 4358 βορεινὴν

2360 4382 2664 4450 ἐπείγονται
2704 4380 2996 4439 θάλασσαν.
3027 4383 3134 4436 Καὶ
3168 4382 3298 4445 ῐδοις
3330 4381 3394 4435 ἂν
3422 4379 3562 4433 κατὰ
3599 4380 3696 4432 τὸν
3741 4379 3919 4453 καιρὸν

693 4463 956 4533 ﬂuentes,
1003 4469 1078 4523 uti
1137 4478 1426 4526 torrentem
1475 4471 1765 4539 quemdam
1823 4471 2008 4524 videre
2063 4473 2248 4540 possis.

2362 4475 2460 4546 τῆς
2510 4475 2695 4528 ἀνόδου
2741 4472 2929 4546 ὥσπερ
2977 4492 3029 4528 τι
3086 4473 3262 4546 ῥεῦμα
3320 4473 3443 4535 τοὺς
3498 4470 3655 4542 ίχθῦς
3717 4471 3917 4543 ἡνωμέ-

756 4575 804 4610 "
841 4577 985 4635 Psal.
1017 4596 1182 4646 vau,
1213 4583 1266 4636 7.
1338 4583 1383 4614 ⁸⁵
1419 4583 1558 4637 Psal.
1596 4598 1710 4647 cm,
1743 4582 1813 4637 25
1861 4583 1951 4637 26.

760 4689 875 4761 (99)
903 4689 976 4742 Ita
1005 4701 1236 4758 quatuor
1262 4709 1391 4748 mss.
1431 4694 1587 4748 Deest
1622 4696 1874 4750 articulus
1917 4697 1968 4749 iu
1988 4698 2164 4752 editis.
2200 4699 2253 4752 lu

692 4761 1010 4836 aliistt‘jbtts
1041 4777 1169 4836 mss.
1202 4763 1398 4836 legitur
1430 4767 1522 4818 mi
1545 4768 1571 4819 6
1618 4765 1827 4820 Ἰακώϐ.
1855 4766 2009 4820 Colb.
2052 4770 2257 4836 primus

694 4833 785 4886 καὶ
809 4833 837 4882 6
868 4828 1006 4882 Ἰώό.
1034 4829 1146 4904 _Nec
1173 4828 1484 4904 aliterrlegit
1509 4837 1839 4899 Eustathius,
1869 4840 1954 4904 qui
1986 4828 2063 4892 sic
2094 4839 2259 4892 inter-

695 4912 944 4977 p_ret_atu_r_
967 4919 981 4952 :
1016 4899 1201 4977 Justus
1221 4903 1358 4977 nihil
1374 4899 1525 4977 habet
1544 4906 1737 4977 [iclum
1761 4899 1898 4960 sicut
1914 4905 2036 4960 Job.
2071 4909 2260 4977 Respi-

693 4969 767 5025 cit
789 4969 1016 5045 [lasilhts
1041 4972 1107 5024 ad
1129 4973 1282 5045 illud,
1327 4973 1517 5026 Ἰακὼϐ
1541 4969 1619 5034 δὲ,
1655 4975 1933 5045 ἄνθρωπος
1959 4969 2255 5042 ἄπλαστος,

691 5041 856 5093 οἰκῶν
881 5039 1073 5113 οἰκίαν,
1111 5041 1493 5113 ,Ιαοοίξηαιιιᾼειη
1545 5049 1697 5097 Immo
1739 5039 1976 5113 simplex,
2009 5039 2250 5101 habitans

691 5113 905 5182 domum
929 5110 1225 5182 (Gen.xxv,
1251 5111 1361 5179 Ἦ).
1395 5111 1663 5166 Particula
1692 5113 1804 5177 καί,
1839 5110 1982 5182 qme,
2010 5127 2066 5170 ut
2101 5128 2253 5172 nota-

694 5181 894 5251 vimus,
920 5182 969 5232 itt
1002 5181 1205 5248 aliquot
1243 5198 1369 5236 mss.
1414 5184 1698 5251 reperitur,
1734 5181 1870 5237 lere,
1897 5185 2026 5240 facit
2068 5196 2126 5241 ut
2174 5187 2251 5241 le-

692 5250 922 5318 gendum
950 5252 1192 5318 suspicer
1214 5251 1393 5315 ὁποῖος
1423 5254 1451 5304 6
1478 5250 1690 5304 Ἰακὼὸ
1713 5254 1806 5306 καὶ
1829 5255 1856 5308 6
1897 5256 2036 5310 Ἰώὸ.

767 5317 1007 5393 ωορκ).
1039 5317 1303 5393 Secundus
1323 5322 1429 5374 τῶν
1456 5320 1706 5376 τοιούτων
1731 5322 1948 5393 ἰχθύων.
1982 5326 2099 5381 Mox
2124 5326 2263 5382 idem

697 5404 798 5444 ms.
835 5390 925 5441 καὶ
961 5390 1264 5459 μιμεῖσθαι.

769 5459 847 5529 (εἰ)
883 5459 972 5512 Sic
1006 5471 1239 5528 quatuor
1269 5476 1395 5514 mss.
1442 5460 1578 5514 Editi
1607 5477 1726 5515 cum
1767 5463 1973 5519 duobus
2006 5481 2134 5521 mss.
2190 5468 2258 5521 τὰ

698 5527 755 5581 δέ
778 5527 895 5581 τινα
927 5527 1226 5602 τάνίδιοιιιιι
1259 5534 1384 5602 editi
1416 5532 1593 5601 ἄπορα
1627 5535 1754 5602 παρ’
1794 5534 2041 5598 ἐκείνοις.
2078 5538 2138 5590 At
2163 5553 2257 5592 sex

704 5613 834 5650 mss.
877 5600 1000 5668 παρ’
1025 5601 1247 5668 ἑτέροις.
1281 5599 1474 5654 Ibidem
1511 5599 1674 5656 editio
1700 5599 1860 5655 Basil.
1885 5619 2006 5657 cum
2027 5607 2173 5659 Bodl.
2203 5619 2257 5659 et

702 5683 826 5789 gum
853 5682 1050 5738 septem
1086 5671 1202 5724 aliis
1230 5686 1357 5725 mss.
1393 5672 1542 5724 οὐδὲν
1576 5673 1720 5742 ὅρος.
1746 5673 1918 5729 Editio
1944 5675 2112 5732 Paris.
2135 5677 2254 5730 οὐδὲ

742 5754 852 5789 οος.

741 5754 852 5806 ρος.

2048 4584 2093 4615 ’⁵
2121 4584 2277 4642 Prov.
2306 4586 2551 4651 xxrt,28.
2603 4609 2608 4614 λ

2433 4699 2510 4768 (3)
2548 4699 2689 4772 Editi
2720 4716 2839 4772 cum
2865 4702 2993 4772 Reg.
3027 4699 3185 4772 tertio
3207 4710 3263 4772 et
3277 4714 3397 4772 cum
3417 4698 3792 4772 Colb._primo
3809 4701 3916 4754 ἐκά-

2365 4787 2509 4832 στοις
2536 4771 2881 4842 ἀποκληρῷν.
2909 4769 3087 4825 codex
3117 4769 3360 4825 Combel'.
3396 4785 3514 4824 cum
3547 4769 3672 4824 aliis
3702 4782 3916 4839 quatuor

2367 4855 2494 4912 Ittss.
2520 4842 2734 4912 ἀποπλη
2745 4841 2872 4912 ρῶν.

2438 4911 2517 4974 (ll)
2545 4911 2705 4965 Notat
2725 4907 2953 4964 '[tucauts
2975 4908 3073 4978 legi
3106 4909 3157 4962 in
3189 4910 3424 4963 editione
3449 4907 3737 4964 Basiliensi
3763 4920 3916 4978 poste

2368 4980 2496 5053 riori
2529 4982 2971 5053 παραπείνομεν,
3004 4985 3185 5053 aitque
3215 4979 3535 5053 Corum-ium
3569 4982 3710 5033 male
3735 4994 3913 5053 gemen-

2369 5051 2543 5114 dasse,
2567 5048 2685 5105 cum
2717 5067 2778 5104 ex
2832 5048 3237 5122 παραπείνομεν
3278 5049 3477 5122 είῖθοὶιί
3505 5051 3909 5122 παρατείνομεν.

2362 5124 2680 5187 ampliamus
2726 5119 2940 5173 terram.
2992 5119 3258 5173 Caeterum
3309 5120 3481 5173 ΙΝ]ρωί
3516 5119 3745 5174 Codices
3777 5135 3907 5187 teque

2361 5203 2423 5241 ac
2454 5191 2622 5244 nostri
2660 5193 2861 5260 habent
2883 5188 3366 5260 παρατεμνόμεθα,
3390 5205 3644 5260 secantur.

2433 5260 2509 5330 (5)
2541 5260 2769 5314 Codices
2806 5258 3024 5330 aliquot
3093 5258 3218 5314 cum
3271 5262 3517 5330 editione,
3562 5258 3729 5312 Basil.
3789 5275 3905 5328 παρ-

2369 5328 2562 5392 αλίαίς.
2598 5330 2769 5383 Editio
2802 5328 2967 5386 Paris.
2996 5345 3118 5384 cum
3150 5330 3269 5383 aliis
3295 5329 3610 5398 quibusdam
3630 5345 3756 5384 mss.
3782 5345 3900 5399 παρ-

2369 5401 2554 5462 αλίοις.
2733 5462 2738 5463 γ

2440 5470 2514 5539 (6)
2547 5469 2912 5542 EditioiBasil.
2942 5470 3132 5542 καιρὸς
3164 5470 3262 5540 τῆς
3290 5471 3579 5542 κινήσεως,
3611 5479 3664 5542 et
3693 5469 3763 5522 ita
3791 5467 3897 5536 legit

2367 5540 2673 5594 Coruarius.
2713 5541 2816 5593 Sed
2875 5541 3003 5594 Duc.
3037 5540 3264 5607 uterque
3321 5551 3374 5592 et
3413 5540 3624 5607 Anglici
3683 5555 3805 5593 mss.
3855 5548 3896 5588 ct

2367 5609 2605 5663 tiombel'.
2630 5625 2749 5662 cum
2797 5625 2890 5663 sex
2924 5611 3122 5664 nostris
3149 5610 3339 5678 καιρὸς
3386 5610 3483 5679 τῆς
3516 5611 3776 5679 κυήσεως.
3811 5607 3895 5661 Nec

2371 5680 2522 5734 aliter
2549 5679 2789 5749 legerunt
2819 5681 3128 5736 Ambrosius
3153 5690 3206 5736 ct
3240 5680 3575 5734 Eustathius.
