4100 6312
133 349 258 403 157

1255 343 1540 400 HOMILIA
1582 343 1674 398 VII
1715 343 1779 398 ΙΝ
1820 342 2312 398 HEXAEMERON.

3308 349 3408 403 11³18

119 478 275 524 you;
311 459 409 524 (7),
439 457 535 510 καὶ
563 456 650 509 διὰ
681 456 778 528 τῆς
821 457 1175 528 Προποντίδος
1213 457 1306 510 ἐπὶ
1345 456 1436 509 τὸν
1477 455 1722 521 Εὔξεινον

1833 452 2026 522 Ecquis
2056 467 2234 510 movet
2257 456 2280 508 ?
2303 455 2572 522 quodnam
2597 465 2681 512 cst
2709 459 2849 527 regis
2883 460 3205 530 imperium?
3231 470 3408 536 qualia

135 553 394 622 ῥέοντας.
437 549 534 611 Τίς
570 550 598 600 6
631 549 826 613 κινῶν;
863 553 1011 603 ποῖον
1057 549 1383 620 πρόσταγμα
1428 548 1720 618 βασιλέως;

131 647 281 698 ποῖα
316 642 706 713 διαγράμματα
738 642 857 694 κατ’
892 642 1098 713 ἀγορὰν
1126 640 1428 711 ήπλωμένα
1459 640 1556 710 τὴν
1599 657 1726 709 προ-

132 737 382 805 θεσμίαν
435 733 620 804 δηλοῖς
677 735 724 786 οί
785 733 1132 801 ξεναγοῦντες
1187 733 1367 795 τίνεςς
1411 731 1573 802 Ὁρᾷς
1627 729 1724 799 τὴν

133 830 304 884 θείαν
349 828 590 892 διάταξιν
636 829 810 881 πάντα
844 827 1176 898 πληροῦσαν,
1229 828 1320 881 καὶ
1368 828 1454 880 διὰ
1495 826 1602 878 τῶν
1639 844 1725 896 μι-

133 919 434 990 κροτάτων
468 919 778 990 διήκουσαν.
840 918 1012 988 Ἰχθὺς
1078 920 1178 971 οὐκ
1241 918 1508 986 ἀντιλέγει
1572 918 1723 988 νόμῳ

131 1013 310 1075 Θεοῦ,
346 1013 439 1065 καὶ
474 1012 744 1083 ἄνθρωποι
778 1009 1058 1081 σωτηρίων
1095 1011 1438 1082 διδαγμάτων
1484 1011 1583 1064 οὐκ
1632 1013 1726 1063 ἁν-

134 1105 410 1176 εχόμεθα.
449 1104 538 1174 Μὴ
570 1103 898 1174 καταφρόνει
925 1103 1031 1156 τῶν
1060 1104 1278 1174 ίχθύων,
1307 1103 1490 1174 ἐπειδὴ
1536 1105 1724 1171 ἄφωνα

137 1200 243 1250 καὶ
289 1197 460 1266 ἀλογα
508 1194 810 1257 παντελῶς·
864 1196 1000 1250 ἀλλά
1049 1196 1213 1265 φοϐοῦ
1265 1196 1340 1267 μὴ
1381 1196 1474 1248 καὶ⁹
1522 1195 1724 1248 τούτων

136 1289 489 1361 ἀλογώτερος
515 1285 598 1360 ᾖς,
640 1291 706 1358 τῇ
738 1289 963 1360 διαταγῇ
1008 1288 1102 1343 τοῦ
1141 1289 1428 1352 κτίσαντος
1469 1289 1724 1342 ἀνθιστά-

143 1401 334 1453 μενος.
363 1385 558 1434 Ἀκουε
596 1381 702 1432 τῶν
745 1381 940 1450 ίχθύων
1006 1382 1284 1452 μονονουχὶ
1327 1381 1508 1452 φωνὴν
1539 1381 1726 1449 ἀφιέν-

137 1493 256 1528 των
292 1476 357 1528 δι’
399 1467 471 1526 ὧν
521 1473 784 1538 ποιοῦσιν,
833 1475 937 1527 ὅτι⁹
982 1473 1075 1536 Ei;
1124 1474 1380 1544 διαμονὴν
1415 1472 1508 1524 τοῦ
1537 1473 1726 1541 γένους

137 1569 246 1638 τὴν
316 1564 532 1636 μακράν
583 1565 786 1634 ταύτην
839 1564 1146 1636 ἀποδημίαν
1201 1563 1549 1635 στελλόμεθα.
1606 1563 1719 1616 Οὐκ

140 1661 364 1729 ἔχουσιν
399 1658 525 1710 ῖδιον
558 1657 746 1725 λόγον’
796 1657 978 1726 ἔχουσι
1020 1657 1077 1710 δὲ
1120 1655 1211 1709 τὸν
1243 1657 1340 1725 τῆς
1391 1655 1603 1724 φύσεως
1635 1655 1723 1708 νό-

145 1765 251 1817 μον
285 1746 520 1818 ίσχυρῶς
555 1747 918 1818 ἐνιδρυμένον,
961 1749 1055 1800 καὶ
1101 1746 1162 1799 τὸ
1193 1746 1461 1816 πρακτέον
1509 1746 1723 1798 ὑποδει-

142 1840 371 1893 κνύντα.
429 1841 761 1910 Βαδίσωμεν,
807 1841 1000 1908 φασὶν,
1059 1841 1150 1892 ἐπὶ
1203 1839 1265 1891 τὸ
1312 1838 1518 1908 βόρειον
1558 1838 1721 1891 πέλα-

140 1948 241 1998 γος
275 1930 377 1999 (8).
411 1930 752 2006 Γλυκύτερον,
773 1931 880 2002 γάρ
911 1932 1006 2000 τῆς
1034 1931 1224 2001 λοιπῆς
1251 1929 1526 2004 θαλάσσης
1552 1934 1726 1987 ἐκεῖνο

137 2025 206 2076 τὸ
261 2025 430 2095 ὕδωρ,
483 2025 613 2077 διότι
669 2026 754 2076 ἐπ’
795 2025 974 2092 ὀλίγον
1025 2025 1162 2094 αὐτῇ
1222 2024 1650 2096 προσδιατρίϐων
1699 2029 1726 2079 6

139 2117 328 2186 ⁴ἣλιος,
382 2118 480 2169 οὐκ
529 2116 709 2184 ἐξάγει
748 2115 917 2185 αὐτῆς
961 2115 1080 2168 ὅλον
1127 2116 1214 2169 διά
1262 2117 1362 2187 τῆς
1413 2119 1628 2180 ἀκτῖνος
1666 2117 1727 2169 τὸ

143 2210 402 2278 πότιμον.
445 2208 637 2278 Χαίρει
669 2207 724 2260 δὲ
751 2210 865 2270 τοῖς
901 2207 1124 2275 γλυκέσι
1178 2209 1272 2261 καὶ
1311 2209 1378 2262 τά
1425 2209 1720 2262 θαλάσσια·

141 2301 267 2355 ὅθεν
301 2302 397 2352 καὶ
429 2301 522 2352 ἐπὶ
570 2302 693 2362 τοὺς
745 2302 1023 2370 ποταμοὺς
1069 2303 1394 2372 ἀνανήχεται
1444 2301 1723 2367 πολλάκις,

143 2396 242 2447 καὶ
278 2395 471 2466 πόρρω
513 2395 788 2464 θαλάσσης
826 2396 1068 2468 φέρεται.
1111 2397 1204 2448 Ἐκ
1243 2395 1432 2449 τούτου
1466 2398 1724 2467 προτιμό-

141 2503 304 2555 τερος
345 2487 528 2550 αὐτοῖς
562 2490 587 2540 ό
618 2489 818 2550 Πόντος
848 2488 955 2540 τῶν
993 2487 1192 2539 λοιπῶν
1221 2488 1335 2539 ἐστι
1384 2488 1618 2552 κόλπων,
1650 2490 1724 2552 ὡς

143 2579 454 2648 ἐπιτήδειος
509 2580 874 2648 ἐναποκυῆσαι
927 2579 1018 2630 καὶ
1075 2579 1335 2651 ἐκθρέψαι
1391 2581 1456 2634 τὰ
1505 2581 1723 2649 ἔκγονα,

156 2666 408 2720 Ἐπειδὰν
468 2667 523 2719 δὲ
571 2667 631 2718 τὸ
681 2668 1108 2738 σπουδαζόμενον
1154 2671 1464 2742 ἀρκούντως
1521 2673 1725 2742 ἐκπλη-

145 2759 335 2831 ρωθῇ,
380 2760 537 2812 πάλιν
592 2761 865 2833 πανδημεὶ
919 2763 1117 2828 πάντες
1167 2765 1598 2834 ὑποστρέφουσιν
1649 2765 1724 2817 οἵ-

146 2852 299 2906 καδε.
333 2853 442 2905 Καὶ
496 2854 577 2914 τίς
620 2855 647 2906 6
692 2854 868 2922 λόγος,
917 2856 1239 2926 ἀκούσωμεν
1294 2858 1444 2928 παρὰ
1499 2857 1572 2927 (9)
1620 2857 1725 2909 τῶν

146 2945 496 2999 σιωπώντων.
539 2947 904 3011 Ἐπιπόλαιος,
938 2950 1118 3016 φασὶν,
1146 2951 1176 3019 ἡ
1215 2949 1424 3020 βορεινὴ
1459 2950 1721 3014 θάλασσα,

144 3039 242 3090 καὶ
278 3038 444 3090 ὑπτία
481 3038 814 3108 προκειμένη
849 3038 955 3089 τῶν
989 3040 1205 3108 ἀνέμων
1240 3042 1356 3102 ταῖς
1405 3039 1581 3109 βίαις,
1618 3041 1724 3092 6).!-

143 3150 251 3200 γας
299 3132 470 3192 ἀκτὰς
504 3130 596 3182 καὶ
641 3130 948 3200 ὑποδρομὰς
983 3131 1092 3201 (10)
1134 3131 1349 3202 ἔχουσα.
1398 3134 1486 3185 Διὸ
1535 3135 1626 3186 καὶ
1661 3136 1724 3186 ἐκ
1752 3164 1791 3219 C

144 3223 426 3293 πυθμένος
463 3224 510 3274 οἱ
559 3223 746 3294 ἄνεμοι
806 3224 1003 3296 ῥαδίως
1061 3224 1228 3296 αὐτὴν
1276 3227 1721 3297 ἀναστρέφουσιν,

143 3317 223 3378 ὡς
260 3315 354 3368 καὶ
377 3315 476 3385 τὴν
520 3315 705 3384 βυθίαν
749 3315 972 3387 ψάμμον
1005 3321 1115 3380 τοῖς
1159 3317 1396 3388 κύμασιν
1428 3321 1726 3390 ἀναμίγνυ-

144 3406 294 3459 σθαι.
335 3405 492 3458 Ἀλλά
533 3407 625 3458 καὶ
657 3405 840 3476 ψυχρά
872 3407 1138 3476 χειμῶνος
1178 3407 1294 3478 ὥρα
1316 3446 1328 3468 ,
1378 3409 1480 3459 ὑπὸ
1515 3408 1724 3459 πολλῶν

143 3499 242 3550 καὶ
279 3498 528 3567 μεγάλων
578 3498 838 3566 ποταμῶν
892 3497 1263 3569 πληρουμένη.
1294 3499 1392 3551 Διά
1430 3498 1589 3551 τοῦτο
1637 3502 1722 3568 ἐφ’

140 3593 267 3642 ὅσον
315 3592 534 3660 μέτριον
577 3591 976 3654 ἀπολαύσαντες
1018 3591 1187 3661 αὐτῆς
1227 3593 1283 3644 ἐν
1315 3591 1390 3662 τῷ
1424 3592 1592 3664 θέρει,
1628 3593 1725 3646 πά-

139 3683 227 3736 λιν
255 3683 523 3754 χειμῶνος
556 3685 647 3736 ἐπὶ
679 3684 776 3756 τὴν
808 3687 864 3739 ἐν
891 3685 966 3755 τῷ
997 3683 1142 3755 βυθῷ
1181 3684 1344 3737 ἀλέαν
1382 3686 1427 3756 (1
1449 3686 1492 3755 I)
1527 3690 1620 3739 καὶ
1659 3687 1726 3740 τὰ

140 3775 417 3847 προσήλια
447 3777 554 3830 τῶν
586 3778 799 3848 χωρίων
839 3777 1180 3844 ἐπείγονται,
1225 3778 1315 3830 καὶ
1359 3778 1622 3845 φυγόντες
1665 3779 1726 3831 τὸ

138 3868 448 3939 δυσήνεμον
473 3868 580 3922 τῶν
608 3868 890 3939 ἀρκτῴων,
915 3873 1024 3933 τοῖς
1050 3870 1136 3922 ἐπ’
1164 3867 1381 3921 ἔλαττον
1405 3870 1725 3940 τινασσομέ-

141 3977 259 4022 νοις
289 3960 512 4022 κόλποις
547 3959 1056 4031 ἐγκαθορμίζονται.

212 4052 268 4105 5.
312 4046 462 4103 Εἶδον
507 4051 680 4104 ταῦτα
724 4051 852 4121 ἐγὼ,
893 4055 986 4105 καὶ
1035 4053 1133 4126 τὴν
1166 4056 1222 4106 ἐν
1256 4055 1387 4108 πᾶσι
1436 4053 1529 4108 τοῦ
1586 4053 1720 4107 Θεοῦ

140 4145 336 4212 σοφίαν
373 4143 676 4214 ἐθαύμασα.
721 4146 784 4199 Εί
819 4146 886 4199 τά
926 4146 1095 4215 ἄλογα
1135 4147 1454 4216 ἐπινοητικά
1485 4149 1580 4200 καὶ
1625 4166 1722 4216 φυ-

136 4233 380 4286 λακτικά
419 4235 516 4305 τῆς
551 4235 686 4300 ίδίας
723 4236 899 4290 αὐτῶν
932 4238 1225 4309 σωτηρίας,
1263 4241 1357 4292 καὶ
1390 4234 1496 4291 οἶδε
1544 4239 1606 4292 τὸ
1635 4241 1719 4291 αἱ-

139 4327 298 4396 ρετὸν
341 4327 488 4395 αύτῷ
540 4330 635 4381 καὶ
683 4331 743 4381 τὺ
794 4331 1025 4398 φευκτὸν
1073 4333 1100 4383 6
1147 4331 1327 4400 ιχθύς·
1376 4331 1429 4383 τί
1487 4331 1720 4402 ἐροῦμεν

134 4419 303 4486 ἡμεῖς
354 4418 404 4470 oi
435 4418 577 4489 λόγῳ
627 4421 997 4490 τετιμημένοι,
1033 4423 1124 4474 καὶ
1157 4423 1306 4492 νόμῳ
1355 4424 1721 4493 πεπαιδευμέ-

1827 547 2005 600 edicta
2049 547 2099 600 in
2151 547 2264 602 foro
2299 547 2564 616 exposita,
2629 551 2949 618 praiiinitum
3011 562 3221 626 tempus
3273 560 3411 613 indi-

1826 638 1993 691 cant?
2045 643 2134 707 qui
2189 647 2312 691 sunt
2349 639 2613 706 hospitum
2651 644 3087 715 advenarumque
3118 650 3414 708 ductores?

1831 730 1991 784 Vides
2043 731 2280 784 divinam
2315 731 2712 795 ordinationem
2783 747 2974 790 cuncta
3025 741 3408 810 complentem,

1827 834 1988 892 atque
2021 839 2118 893 per
2148 826 2508 880 minutissima
2562 828 2966 895 pervadentem.
3014 831 3183 888 Piscis
3215 834 3413 890 divinae

1828 914 1932 985 legi
1964 932 2069 970 non
2109 917 2445 984 adversatur,
2480 935 2574 975 nos
2617 936 2740 976 vero
2770 921 3098 978 salutaribus
3128 931 3410 998 praeceptis

1828 1027 1931 1064 non
1963 1012 2331 1080 obsequimur.
2366 1013 2506 1068 Cave
2538 1017 2713 1084 pisces
2743 1019 3072 1084 asperneris,
3097 1022 3240 1088 quod
3276 1021 3410 1076 muti

1827 1113 1971 1168 sunt,
1994 1113 2047 1158 et
2075 1105 2292 1159 oumiuo
2332 1107 2557 1161 rationis
2590 1108 2698 1178 67
2730 1119 3014 1178 expertes:
3041 1113 3134 1165 sed
3160 1112 3310 1176 time,
3343 1129 3411 1168 ne

1825 1193 1987 1245 etiam
2017 1192 2100 1246 bis
2129 1193 2354 1248 inferior
2387 1196 2463 1250 sis
2489 1200 2714 1260 ratione,
2760 1197 3082 1252 ordiuationi
3111 1201 3411 1256 conditoris

1827 1285 2111 1340 obsistens.
2143 1287 2276 1340 Audi
2303 1287 2502 1355 pisces,
2537 1290 2627 1358 qui
2659 1305 2754 1358 per
2779 1305 2839 1344 ea
2871 1307 2989 1359 quae
3019 1291 3241 1356 faciunt,
3290 1301 3412 1346 tan-

1831 1389 1943 1434 tum
1981 1394 2086 1433 non
2116 1381 2370 1434 emittunt
2400 1379 2538 1434 hanc
2564 1396 2746 1436 vocem
2787 1399 2799 1434 :
2860 1381 2970 1436 Nos
3000 1384 3065 1438 ad
3095 1395 3408 1455 perpetuam

1829 1474 2042 1544 generis
2091 1474 2560 1528 conservationem
2603 1475 2653 1528 in
2691 1473 3037 1543 longinquam
3090 1476 3230 1531 hanc
3259 1490 3412 1544 pere-

1829 1569 2190 1637 grinationem
2224 1567 2508 1620 mittimur.
2535 1565 2650 1620 Non
2672 1567 2958 1635 ipsisinest
2983 1569 3198 1636 propria
3232 1569 3410 1636 ratio;

1829 1657 1920 1712 sed
1953 1667 2157 1710 natura:
2190 1657 2362 1727 legem
2412 1657 2610 1712 habent
2649 1659 2748 1712 sibi
2802 1657 3004 1712 fortitet
3059 1658 3407 1724 insidentem,

1829 1759 1882 1804 et
1904 1750 2044 1818 quod
2073 1750 2338 1818 agendum
2355 1758 2438 1802 est
2466 1759 2860 1820 suggerentem.
2887 1751 3106 1815 Eamus,
3133 1749 3405 1819 inquiunt,

1826 1839 1892 1892 ad
1945 1837 2259 1906 aquilonare
2315 1836 2558 1906 belagus.
2593 1838 2809 1891 Dulcior
2841 1849 2920 1893 est
2973 1840 3114 1893 enim
3147 1838 3233 1893 illa
3269 1855 3406 1910 aqua

1826 1945 1985 1998 quam
2021 1928 2282 1996 reliquum
2313 1941 2479 1991 mare,
2512 1939 2793 1995 propterea
2822 1929 2961 1997 quod
2994 1929 3071 1983 sol
3099 1931 3247 1984 brevi
3273 1940 3402 1985 tem-

1826 2036 1954 2088 pore
1987 2021 2039 2072 in
2075 2036 2140 2074 eo
2189 2033 2554 2085 commorans,
2606 2037 2711 2073 non
2739 2035 2805 2073 ex
2837 2035 2899 2075 eo
2948 2037 3042 2089 per
3066 2035 3190 2076 suos
3229 2024 3410 2078 radios

1823 2112 2000 2166 educit
2025 2111 2283 2179 quidquid
2313 2111 2456 2178 potui
2487 2124 2668 2180 aptum
2698 2121 2798 2164 est.
2833 2110 3082 2166 Gaudent
3119 2123 3173 2168 et
3201 2115 3410 2170 marina

1824 2207 1980 2270 aquis
2014 2202 2297 2256 dulcibus:
2332 2202 2471 2255 unde
2505 2211 2558 2254 et
2590 2202 2656 2254 ad
2710 2201 2927 2255 ﬂumina
2965 2215 3106 2269 smpe
3165 2211 3407 2267 enatant,

1824 2294 2116 2361 proculque
2149 2308 2178 2344 a
2211 2292 2344 2346 mari
2379 2292 2678 2346 discedunt.
2729 2292 2840 2346 llac
2874 2294 2939 2346 dc
2992 2308 3160 2348 causa
3197 2294 3408 2348 ca’teris

1824 2388 2031 2440 sinibus
2068 2387 2136 2439 ab
2184 2386 2313 2454 ipsis
2367 2385 2656 2453 prtefertur
2686 2385 2908 2448 Pontus,
2972 2384 3112 2437 velut
3161 2387 3226 2438 ad
3266 2383 3408 2438 fetus

1824 2479 2058 2532 edendos
2093 2488 2252 2544 atque
2276 2477 2630 2530 enntrieudos
2657 2476 2903 2529 idoneus.
2953 2475 3242 2545 Postquam
3275 2490 3407 2530 vero

1827 2570 1876 2623 id
1909 2570 2124 2638 quodin
2162 2570 2295 2622 votis
2322 2577 2459 2628 erat,
2495 2567 2768 2634 expletum
2801 2567 3014 2620 abunde
3050 2565 3182 2632 fuit;
3220 2579 3407 2620 rursus

1825 2677 2012 2715 omnes
2063 2660 2376 2713 catervatim
2406 2660 2472 2711 ad
2513 2659 2728 2725 propria
2781 2667 3144 2710 revertuntur.
3197 2658 3250 2709 Et
3289 2673 3408 2725 qum

1825 2754 1893 2806 sit
1945 2751 2198 2804 redeundi
2233 2750 2388 2814 ratio,
2429 2764 2456 2802 a
2513 2750 2674 2801 mutis
2731 2748 3032 2800 audiamus.
3072 2747 3408 2813 Aquilonare

1825 2860 2027 2912 aequor,
2065 2844 2331 2912 inquiunt,
2395 2841 2715 2909 profundum
2767 2857 2869 2892 non
2909 2850 3012 2901 est,
3047 2855 3278 2909 t-mnque
3313 2854 3406 2894 su-

1828 2938 2009 3004 pinum
2061 2937 2164 3002 sit,
2226 2935 2470 2988 violentis
2521 2935 2695 2986 ventis
2751 2933 3059 3001 exponitur,
3113 2949 3176 2985 ac
3227 2933 3408 2986 littora

1827 3043 1992 3096 pauca
2027 3038 2078 3080 et
2117 3043 2318 3094 paucos
2353 3043 2597 3082 recessus
2653 3026 2828 3078 habet.
2867 3024 3204 3092 Quapropter
3239 3026 3404 3078 etiam

1827 3117 1893 3170 ab
1927 3117 2032 3170 imo
2069 3117 2182 3171 solo
2239 3119 2408 3185 ipsum
2446 3114 2598 3168 facile
2630 3114 2943 3167 concutiunt
2991 3117 3158 3176 venti,
3185 3115 3318 3168 adeo
3351 3124 3407 3168 ut

1827 3222 1986 3261 arena
2025 3222 2141 3277 qum
2195 3210 2246 3260 in
2301 3205 2463 3259 fundo
2525 3205 2863 3269 subsidebat,
2925 3203 3174 3259 ﬂuctibus
3205 3206 3403 3274 permi-

1827 3309 2061 3354 scentur.
2091 3299 2228 3365 Quin
2254 3309 2303 3350 et
2331 3296 2582 3366 frigidum
2598 3307 2679 3348 est
2705 3296 2897 3349 hiemis
2923 3305 3186 3363 tempore,
3207 3295 3406 3363 quippe

1827 3392 1968 3460 quod
1994 3407 2021 3442 a
2055 3390 2235 3443 multis
2255 3388 2571 3454 magnisque
2599 3386 2771 3438 ﬂuviis
2802 3387 3088 3454 repleatur.
3113 3385 3405 3454 Propterea

1828 3482 1942 3552 ipso
1968 3484 2017 3534 in
2047 3489 2234 3533 aestate
2279 3480 2554 3532 moderate
2607 3478 2785 3544 potiti,
2812 3492 2998 3530 rursus
3026 3475 3198 3530 hieme
3230 3489 3287 3529 ut
3337 3477 3406 3530 ad

1830 3577 2067 3637 teporem
2096 3565 2146 3617 in
2178 3565 2440 3634 profundo
2472 3574 2876 3629 conservatum,
2935 3565 3006 3619 ita
3047 3575 3100 3618 et
3129 3567 3194 3618 ad
3224 3567 3404 3634 aprica

1829 3657 1940 3712 loca
1970 3665 2289 3725 properant,
2331 3665 2492 3724 atque
2519 3655 2963 3722 septentrionales
2999 3664 3184 3708 ventos
3215 3671 3407 3723 graves

1826 3759 1878 3804 et
1911 3747 2134 3803 infestos
2169 3746 2454 3817 fugientes,
2490 3748 2540 3800 in
2571 3748 2719 3801 sinus
2751 3747 2930 3802 minus
2957 3747 3257 3817 exagitatos
3295 3747 3406 3801 vel-

1827 3853 1884 3898 ut
1913 3845 1964 3897 in
1997 3853 2184 3911 portus
2205 3855 2326 3896 sese
2356 3841 2647 3910 recipiunt.

1895 4050 1950 4106 5.
1990 4048 2112 4104 V’idi
2147 4048 2334 4104 isthmc
2366 4064 2467 4121 ego
2521 4051 2656 4120 ipse,
2709 4060 2761 4105 et
2795 4049 2885 4104 Dei
2935 4051 2987 4104 in
3037 4045 3289 4107 omnibus
3320 4069 3406 4106 sa-

1825 4144 2081 4214 pientiam
2111 4142 2405 4197 admiratus
2435 4157 2572 4196 sum.
2625 4141 2786 4194 Bruta
2820 4141 2866 4196 si
2915 4141 3251 4211 prospiciunt
3276 4144 3401 4204 sibi,

1823 4253 1887 4291 ac
1914 4236 2182 4307 propriam
2220 4249 2370 4288 suam
2404 4233 2631 4288 salutem
2668 4243 2904 4297 servant,
2944 4234 2989 4287 si
3045 4235 3192 4287 novit
3237 4235 3402 4303 piscis

1824 4332 1950 4400 quid
1986 4331 2086 4384 sibi
2113 4328 2416 4398 eligendum
2463 4327 2533 4380 sit
2577 4335 2669 4379 avt
2714 4323 3112 4394 eliugiendum:
3144 4326 3271 4396 quid
3304 4344 3403 4382 nos

1824 4440 2011 4479 sumus
2048 4422 2273 4486 dicturi,
2305 4421 2394 4488 qui
2417 4420 2622 4472 ratione
2642 4419 3004 4484 cohonestati,
3036 4419 3150 4489 lege
3177 4420 3398 4486 eruditi,

135 4525 240 4570 νοι,
283 4510 636 4579 ἐπαγγελίαις
664 4515 1084 4584 προτραπέντες,
1122 4515 1402 4586 Πνεύματι
1439 4516 1720 4587 σοφισθέν-

1825 4513 2304 4586 pollicitationibus
2361 4511 2586 4574 invitati,
2617 4522 2672 4565 et
2713 4511 2915 4581 Spiritu
2969 4513 3166 4578 edocti,
3220 4511 3400 4565 adhuc

133 4619 249 4666 τες,
282 4600 404 4658 εἶτα
434 4605 541 4657 τῶν
597 4604 792 4676 ίχθύων
826 4605 1163 4679 ἀλογώτερον
1209 4608 1277 4661 τά
1323 4610 1444 4663 καθ’
1487 4609 1715 4672 ἑαυτοὺς

133 4695 534 4766 διατιθέμενοι;
568 4698 725 4771 εἴπερ
755 4699 803 4751 οἱ
837 4700 933 4770 μὲν
970 4701 1116 4754 ἴσασι
1146 4700 1236 4753 τοῦ
1278 4703 1562 4772 μέλλοντός
1597 4719 1715 4754 τινα

134 4788 409 4843 ποιεῖσθαι
448 4791 718 4857 πρόνοιαν,
753 4796 914 4864 ἡμεῖς
941 4793 996 4846 δὲ
1025 4796 1088 4848 ἐκ
1116 4794 1216 4863 τῆς
1247 4797 1382 4866 πρὸς
1417 4797 1478 4850 τὸ
1523 4795 1712 4866 μέλλον

132 4883 487 4946 ἀνελπιστίας
513 4884 578 4936 δι’
605 4886 796 4958 ἡδονῆς
823 4887 991 4957 βοσκη
1003 4886 1278 4958 ματώδους
1301 4888 1398 4959 τὴν
1425 4886 1569 4959 ζωὴν
1598 4887 1711 4959 (12)

134 4977 521 5045 ἀναλίσκομεν.
560 4977 731 5046 Ἰχθὺς
765 4978 1000 5032 τοσαῦτα
1024 4979 1294 5050 διαμείϐει
1326 4982 1536 5052 πελάγη
1564 4982 1706 5052 ὑπὲρ

133 5069 229 5120 τοῦ
258 5069 521 5140 εὕρασθαί
549 5087 669 5124 τινα
699 5072 964 5140 ὠφέλειαν
985 5091 997 5103 ·
1031 5075 1082 5127 τί
1113 5075 1256 5144 ἐρεῖς
1287 5077 1350 5128 σὺ
1381 5077 1409 5127 6
1437 5077 1504 5146 τῇ
1541 5075 1712 5146 ἀργία

137 5159 351 5224 συζῶν;
396 5162 588 5233 Ἀργία
611 5162 668 5216 δὲ
696 5166 1030 5236 κακουργίας
1059 5167 1220 5236 ἀρχή.
1250 5167 1457 5238 Μηδεὶς
1483 5168 1706 5236 ἄγνοιαν

138 5253 576 5324 προφασιζέσθω.
625 5255 854 5319 Φυσικὺς
901 5257 1056 5324 λόγος
1104 5255 1376 5310 οἰκείωσιν
1430 5259 1562 5328 ἡμῖν
1613 5258 1707 5312 τοῦ

138 5478 282 5599 H:21)
332 5475 558 5532 Codices
622 5487 857 5549 quatuor
923 5477 1047 5537 τοὺς
1114 5475 1323 5546 ἰχθύας.
1383 5475 1523 5530 Editi
1581 5477 1708 5540 τοὺς

158 5565 188 5599 γ
227 5566 308 5599 υς.

158 5565 456 5686 7"igi‘Colb.
485 5617 692 5689 primus
718 5618 895 5672 ἐπὶ-τὸ
945 5619 1151 5689 βόρειον
1190 5617 1352 5687 μέρος
1379 5657 1414 5689 ,_
1443 5619 1510 5669 ad
1552 5617 1704 5684 aqui-

131 5687 362 5741 lonarem
393 5697 613 5759 partem.
641 5688 779 5741 Infra
818 5686 1100 5743 aluo—mss.
1136 5686 1314 5759 χαίρει
1358 5686 1464 5757 γάρ
1501 5690 1630 5750 τοῖς.

202 5759 273 5817 (9)
301 5761 487 5813 Codex
515 5757 760 5813 Combef.
791 5760 1020 5814 ἄκουσον
1054 5761 1224 5828 παρά.

199 5830 308 5898 (l0)
336 5829 480 5884 Editi
529 5844 650 5883 cum
679 5829 808 5900 Reg.
860 5834 1017 5886 tertio
1061 5830 1416 5900 ὑποδρύμους.
1465 5830 1567 5884 Alii
1609 5845 1698 5883 sex

1827 4620 2003 4662 tamen
2041 4620 2129 4659 res
2185 4614 2399 4659 nostras
2426 4603 2660 4672 ineptius
2689 4621 2850 4674 quam
2885 4608 3058 4673 pisces
3092 4604 3190 4673 ipsi
3220 4604 3392 4673 dispa-

1825 4697 2033 4753 nimus?
2068 4696 2144 4750 Illi
2173 4697 2314 4749 enim
2342 4699 2517 4750 lutura
2554 4697 2948 4766 quodammodo
2993 4699 3280 4765 providere
3305 4714 3401 4750 no.

1823 4802 1980 4847 runt:
2009 4805 2107 4844 nos
2138 4801 2316 4844 autem
2353 4805 2447 4857 spe
2481 4789 2643 4842 futuri
2675 4789 2881 4857 abjecta
2911 4789 2962 4843 in
3019 4790 3271 4845 belluiuis
3304 4807 3396 4842 vo-

1821 4882 2115 4954 luptatibus
2161 4883 2326 4937 vitam
2387 4893 2623 4936 nostram
2684 4885 3034 4937 absumimus.
3096 4882 3268 4938 Piscis
3319 4894 3398 4937 tut

1821 4988 1990 5033 mutat
2023 4979 2213 5042 maria,
2253 4989 2309 5031 ut
2343 4979 2542 5047 aliquid
2572 4978 2813 5032 inveniat
2845 4977 3233 5041 emolumenti;
3266 4981 3396 5048 quid

1821 5083 1875 5127 tu
1907 5074 2150 5128 dicturus
2197 5088 2277 5135 es,
2322 5072 2414 5141 qui
2445 5073 2495 5124 in
2522 5071 2630 5125 otio
2679 5084 2743 5123 ac
2779 5070 2978 5124 desidia
3010 5071 3174 5125 vitam
3201 5071 3346 5138 degis
3372 5069 3398 5123 ΐ

1819 5164 2001 5220 Otium
2034 5175 2238 5227 autem,
2302 5163 2425 5216 mali
2460 5162 2692 5217 faciendi
2715 5164 2890 5233 origo.
2943 5161 3110 5216 Nemo
3137 5163 3394 5232 ignorau-

1821 5253 1947 5305 tiam
1977 5260 2256 5320 praetexat.
2288 5250 2450 5305 Insita
2489 5261 2572 5307 est
2608 5251 2763 5307 nobis
2799 5251 3059 5306 naturalis
3096 5255 3254 5318 ratio,
3274 5269 3394 5322 quae

1809 5477 2476 5554 mss._61_:o690pdtg._Puto
2508 5489 2690 5554 autem
2724 5495 2853 5534 voce
2895 5481 3176 5554 ὑποδρομή
3214 5483 3387 5552 signi-

1807 5549 1954 5602 ﬁcari
1987 5551 2073 5603 hic
2102 5549 2423 5618 proluudum
2463 5549 2691 5619 aliquem
2726 5567 3004 5612 recessum.

1877 5620 1990 5686 (ll)
2021 5622 2092 5673 lta
2130 5619 2280 5687 Regii
2321 5622 2547 5687 primus,
2575 5622 2786 5684 tertius,
2826 5625 3069 5691 quintus.
3108 5635 3296 5681 sextus
3334 5637 3391 5682 et

1803 5699 2051 5754 octavus,
2087 5706 2238 5759 atque
2287 5707 2346 5744 ac
2381 5691 2534 5743 Colb.
2569 5697 2834 5746 secundus
2888 5711 3012 5749 cum
3049 5695 3293 5751 Cttllibcl,
3325 5701 3390 5750 At

1804 5762 1969 5814 editio
2010 5773 2236 5829 utraque
2269 5763 2326 5814 ἐν
2350 5761 2422 5831 τῷ
2460 5761 2606 5830 βυθῷ
2629 5763 2847 5828 ἄλαίαν,
2885 5767 3165 5822 mendose.

1875 5832 1984 5900 (12)
2011 5832 2156 5887 (lulb.
2191 5830 2402 5900 primus
2421 5830 2563 5903 ζωὴν
2605 5833 2779 5904 ἡμῶν.
