4100 6312
724 353 829 410 159

2059 354 2117 409 S.
2161 350 2402 407 BASILII
2444 344 2665 403 HAGNI

3885 348 3977 403 160

724 469 866 525 bona
926 468 1079 525 nobis
1111 468 1431 525 vindicanda
1477 482 1617 531 esse,
1673 482 1829 523 noxia
1885 484 2012 528 vero
2053 470 2292 539 fugienda

2409 463 2597 528 καλοῦ,
2647 463 2738 517 καὶ
2788 462 3137 533 ἀλλοτρίωσιν
3188 464 3297 519 ἀπὸ
3334 464 3441 519 τῶν
3510 464 3800 537 βλαϐερῶν
3851 468 3967 519 ὑπο

723 564 1034 618 submonet.
1068 562 1112 617 Δ
1145 562 1367 617 marinis
1385 561 1648 631 exemplis
1677 577 2011 633 nequaquam
2053 563 2298 621 discedo:

724 652 941 722 quando
973 654 1191 723 quidem
1220 653 1410 707 isthzc
1433 652 1588 708 nobis
1612 654 1962 723 expendenda
1991 668 2303 726 proponun-

724 752 832 796 tur.
860 742 1055 797 Audivi
1090 758 1119 796 a
1140 741 1373 812 quodam
1407 744 1697 810 maritimo,
1724 746 1973 800 echinum
2005 747 2296 811 marinum,

721 846 949 903 parvum
977 849 1197 904 prorsus
1218 843 1273 889 et
1303 836 1647 903 aspernabile
1665 838 1885 901 animal.
1924 852 2297 909 saepenumero

722 926 1140 996 tranquillitatis
1173 935 1229 981 et
1256 928 1593 999 tempestatis
1636 929 2042 999 navigatoribus
2067 931 2300 987 monito-

721 1031 838 1073 rem
876 1019 1013 1074 fleri.
1058 1018 1160 1087 Qui
1209 1034 1331 1074 cum
1366 1028 1645 1076 ventorum
1678 1023 2024 1091 presenserit
2052 1038 2296 1078 commo-

724 1108 946 1173 tionem,
970 1108 1208 1164 validum
1233 1108 1466 1180 aliquem
1490 1110 1754 1167 calculum
1784 1109 1951 1178 subit,
1986 1122 2043 1166 et
2082 1110 2137 1166 in
2183 1111 2296 1180 ipso

722 1210 976 1271 tanquam
1001 1200 1054 1256 in
1089 1202 1329 1257 anchora
1361 1202 1588 1256 firmiter
1632 1200 1881 1266 ﬂuctuat,
1922 1203 2143 1272 ejusque
2166 1216 2300 1271 pon-

717 1285 847 1344 dere
873 1288 1162 1358 detinetur,
1196 1306 1261 1345 ne
1289 1291 1445 1347 facile
1465 1307 1495 1345 a
1518 1290 1775 1346 ﬂuctibus
1802 1293 2168 1347 abstrahatur.
2184 1291 2297 1347 Hoc

718 1380 931 1451 signum
979 1384 1069 1438 ubi
1119 1384 1350 1439 viderint
1397 1384 1617 1445 nautici,
1670 1384 1962 1440 violentam
2015 1396 2296 1440 ventorum

718 1478 1067 1547 agitationem
1096 1479 1381 1535 imminere
1403 1480 1599 1535 sciunt.
1623 1481 1739 1554 68
1763 1482 2072 1553 Astrologus
2095 1481 2296 1549 nullus,

718 1570 897 1626 nullus
922 1570 1227 1637 Chaldaus,
1260 1586 1329 1627 ex
1377 1581 1646 1628 astrorum
1687 1584 1809 1630 ortn
1848 1574 1988 1629 aeris
2026 1574 2295 1629 turbatio-

716 1675 813 1717 nes
856 1660 1195 1732 coniectans,
1227 1664 1418 1720 istbaec
1459 1664 1710 1719 echinum
1750 1666 1970 1720 docuit:
2000 1665 2097 1720 sed
2131 1665 2297 1721 maris

714 1762 770 1808 et
792 1764 1076 1809 ventorum
1098 1754 1358 1811 Dominus
1404 1756 1487 1811 vel
1519 1772 1687 1826 parvo
1724 1757 1943 1810 animali
1996 1756 2218 1812 evidens
2240 1766 2296 1813 et

714 1857 967 1913 apertum
1001 1861 1211 1917 magna:
1238 1861 1349 1902 sua:
1377 1848 1657 1917 sapientiae
1684 1848 1968 1919 vestigium
2000 1844 2289 1919 impressit.

715 1937 1077 2010 lmprovidutn
1103 1937 1257 2002 nihil,
1289 1938 1421 1993 nihil
1446 1954 1474 1993 a
1503 1939 1612 1994 Deo
1640 1938 1742 1993 fuit
1802 1942 2126 2010 neglectum.
2159 1940 2297 2011 Spe-

715 2028 926 2085 culatur
954 2030 1137 2085 omnia
1174 2028 1363 2085 oculus
1398 2029 1488 2085 ille
1519 2031 1806 2100 insopitus.
1828 2030 2096 2087 Omnibus
2120 2033 2292 2100 adest,

714 2120 1003 2192 unicuique
1025 2120 1214 2177 salutis
1257 2123 1651 2191 consequendm
1686 2121 1994 2177 facultatem
2036 2123 2289 2194 largiens.

713 2213 858 2270 Deus
888 2213 936 2270 si
968 2214 1223 2270 echinum
1275 2228 1306 2268 a
1350 2229 1447 2268 sua
1500 2214 1837 2284 providentia
1897 2230 2001 2269 non
2032 2215 2289 2281 excludit,

713 2305 877 2360 rebus
919 2305 1025 2359 tuis
1070 2320 1176 2361 non
1236 2304 1535 2375 prospicit?
1590 2303 1721 2372 Viri,
1765 2306 1966 2377 diligite
2000 2322 2191 2362 uxores
2220 2307 2286 2362 “.

708 2392 971 2462 Quamvis
998 2395 1208 2452 externi
1242 2395 1383 2450 inter
1410 2410 1502 2450 vos
1554 2396 1696 2465 sitis,
1729 2408 1904 2453 tamen
1949 2397 2001 2451 in
2052 2395 2289 2467 conjugii

710 2489 1035 2545 societatem
1067 2488 1416 2543 convenistis.
1450 2486 1563 2546 Hoc
1612 2497 1817 2543 natura:
1873 2488 2166 2553 vinculum,
2191 2490 2292 2544 hoc

706 2578 895 2651 iugum
916 2593 1014 2651 per
1041 2579 1469 2634 benedictionem
1518 2578 1850 2648 impositum,
1877 2580 2190 2635 distantium
2221 2582 2293 2635 sit

710 2667 1041 2741 eojunctio.
1066 2666 1259 2740 Vipera
1280 2670 1551 2739 rcptilium
1574 2670 1956 2727 exitiosissima
1981 2673 2047 2725 ad
2069 2674 2293 2727 marina:

712 2773 967 2815 muraena:
998 2761 1211 2829 nuptias
1233 2762 1504 2816 accurrit:
1531 2770 1587 2817 ct
1615 2763 1704 2816 ubi
1758 2761 1916 2817 sibilo
1957 2778 2108 2817 suam
2154 2780 2290 2834 pra:-

712 2853 943 2907 sentiam
966 2852 1340 2916 denuntiavit,
1385 2853 1553 2922 ipsam
1590 2868 1618 2906 a
1651 2852 1817 2908 fundo
1878 2855 1945 2907 ad
1996 2856 2289 2924 nuptialem

711 2942 1054 3011 complexum
1104 2953 1315 2998 evocat.
1356 2943 1444 2997 Illa
1474 2952 1653 2997 autem
1688 2944 2047 3013 obtemperat,
2078 2954 2133 3000 et
2167 2961 2287 3000 cum

714 3044 975 3091 venenata
1000 3035 1170 3089 bestia
1204 3034 1504 3104 copulatur.
1537 3032 1674 3101 Quid
1693 3033 1793 3089 sibi
1826 3034 1936 3088 vult
1960 3034 2046 3091 hic
2074 3037 2290 3092 sermo?

711 3124 975 3180 Nimirum
1006 3138 1232 3180 necesse
1259 3139 1405 3190 esse,
1444 3133 1502 3178 ut
1533 3123 1726 3194 conjux
1747 3125 1997 3180 maritum
2029 3126 2284 3197 perferat,
2313 3160 2357 3219 ο

716 3218 841 3275 licet
866 3232 1145 3287 asperum,
1179 3218 1305 3273 licet
1357 3218 1598 3274 moribus
1653 3216 1851 3283 ferum,
1885 3236 1985 3275 nec
2026 3222 2095 3277 ob
2126 3221 2286 3276 ullam

711 3324 929 3367 causam
991 3309 1430 3378 conjunctionem
1492 3310 1749 3365 dirimere
1795 3312 1945 3366 velit.
1998 3310 2291 3369 Percussor

707 3402 848 3459 est?
899 3401 1007 3458 Sed
1068 3404 1153 3457 vir
1206 3412 1329 3458 tuus
1398 3410 1499 3459 est.
1554 3401 2017 3459 Temulentnsnel
2072 3408 2143 3461 At
2194 3407 2288 3463 tibi

711 3503 797 3553 est
845 3504 1040 3551 natura
1091 3494 1430 3565 coniunctus.
1462 3495 1710 3551 Durusne
1738 3504 1793 3551 et
1822 3496 2178 3567 implacidas?
2216 3503 2288 3557 At

713 3586 1014 3641 membrum
1040 3584 1150 3655 jam
1180 3594 1331 3641 tuum
1367 3594 1477 3652 est,
1503 3594 1561 3642 et
1610 3586 1978 3643 membrorum
2024 3600 2284 3660 praestan-

782 3767 835 3823 δ.
858 3770 1054 3823 Audiat
1075 3776 1253 3824 antem
1281 3777 1337 3823 et
1364 3768 1440 3823 vit
1488 3769 1894 3824 convenientem
1925 3770 2024 3826 sibi
2048 3771 2290 3826 admoni-

714 3859 936 3915 tionem.
965 3857 1156 3928 Vipera
1207 3859 1419 3928 nuptias
1492 3861 1747 3925 reverita,
1787 3861 1936 3915 virns
1963 3862 2197 3917 evomit:
2236 3872 2288 3917 tu

713 3951 878 4007 animi
930 3951 1184 4007 duritiam
1231 3962 1287 4008 et
1335 3953 1779 4007 inhumanitatem
1806 3953 1877 4009 ob
1900 3954 2290 4023 coniunctionis

715 4042 1077 4098 reverentiam
1135 4056 1242 4096 non
1277 4042 1556 4111 depones?
1603 4042 1711 4095 Aut
1757 4040 2005 4095 fortassis
2026 4041 2182 4097 nobis
2232 4049 2288 4095 et

711 4135 823 4190 alio
863 4137 1022 4190 modo
1055 4134 1293 4204 proderit
1320 4135 1517 4204 viperae
1538 4132 1842 4202 exemplum
1867 4148 1882 4188 :
1912 4132 2059 4201 quod
2085 4140 2289 4187 natura

714 4226 1037 4282 adulterium
1069 4226 1337 4295 quoddam
1382 4234 1465 4280 est
1509 4224 1596 4280 hic
1622 4223 1711 4278 ille
1744 4224 1938 4292 viperae
1960 4232 2015 4277 et
2038 4237 2290 4277 murmnat

712 4317 1046 4386 complexus.
1108 4315 1331 4373 Discant
1380 4317 1543 4387 igitur
1584 4316 1676 4386 qui
1734 4314 1925 4372 alienis
1971 4315 2290 4370 insidiantur

714 4400 937 4476 nuptiis,
959 4406 1117 4476 .quali
1148 4406 1322 4476 reptili
1353 4406 1462 4461 sint
1494 4406 1821 4461 consimiles.
1845 4404 2142 4461 Ecclesium
2186 4420 2288 4460 un-

2406 557 2623 620 δεικνὺς
2650 556 3116 626 ἐγκατέσπαρται.
3143 558 3256 611 Οὐκ
3288 558 3591 627 ἀφίσταμαι
3636 559 3750 612 τῶν
3782 558 3978 614 θαλασ-

2402 647 2532 701 σίων
2583 648 3017 721 ὑποδειγμάτων,
3067 649 3257 721 ἐπειδὴ
3305 650 3476 705 ταῦτα
3524 651 3658 721 ἡμῖν
3690 652 3982 720 πρόκειται

2400 741 2481 803 εἰς
2519 739 2765 805 ἐξέτασιν
2808 742 2940 812 (15).
2988 741 3234 795 Ἤκουσα
3273 742 3384 811 ἐγὼ
3414 743 3522 797 τῶν
3568 742 3872 813 παραλίων
3908 762 3957 795 τι

2399 833 2509 897 νὸς,
2541 835 2623 887 ὃτι
2656 836 2685 889 6
2712 832 3003 899 θαλάσσιος
3032 835 3227 906 ἐχῖνος,
3254 835 3317 889 τὸ
3347 838 3541 909 μικρὸν
3573 835 3866 899 παντελῶς
3897 838 3983 891 καὶ

2396 924 2868 999 εὐκαταφρόνητον
2897 926 3052 993 ζῶον,
3077 926 3397 993 διδάσκαλος
3433 932 3695 996 πολλάκις
3740 931 3983 1001 γαλήνης

2398 1016 2493 1069 καὶ
2527 1016 2793 1083 κλύδωνος
2822 1022 2934 1085 τοῖς
2958 1020 3178 1100 πλέουσι
3217 1022 3445 1090 γίνεται.
3477 1026 3592 1089 Ὃς,
3622 1026 3760 1079 ὅταν
3792 1025 3984 1097 προῖδῃ

2396 1106 2639 1179 ταραχὴν
2667 1108 2727 1176 ἐξ
2756 1109 2996 1182 ἀνέμων,
3034 1111 3239 1184 ψηφῖδα
3265 1129 3386 1166 τινα
3414 1114 3661 1170 ὑπελθὼν
3698 1117 3982 1186 γενναίαν,

2397 1200 2484 1253 ἐπ’
2520 1200 2714 1271 αὐτῆς,
2765 1202 2953 1274 ὥσπερ
3001 1204 3087 1257 ἐπ’
3127 1204 3401 1277 ἀγκύρας,
3452 1205 3689 1276 βεϐαίως
3722 1208 3845 1279 (14)
3891 1227 3985 1262 σα-

2397 1292 2562 1357 λεύει,
2592 1294 2953 1365 κατεχόμενος
2987 1294 3064 1365 τῷ
3090 1295 3245 1368 βάρει
3271 1298 3408 1368 πρὸς
3433 1298 3494 1352 τὸ
3521 1299 3594 1369 μὴ
3640 1301 3849 1371 ῥᾳδίως
3873 1303 3985 1363 τοῖς

2399 1383 2643 1456 κύμασιν
2677 1385 3062 1457 ὑποσύρεσθαι.
3094 1388 3265 1443 Τοῦτο
3292 1391 3418 1444 ὅταν
3447 1390 3627 1444 ἴδωσιν
3656 1395 3707 1445 οἰ
3734 1396 3984 1448 ναυτικοὶ

2398 1476 2459 1530 τὸ
2486 1480 2727 1549 σημεῖον,
2761 1476 2905 1531 ίσασι
2934 1478 3031 1548 τὴν
3064 1480 3515 1553 προσδοκωμένην
3542 1482 3729 1553 βιαίαν
3766 1485 3983 1557 κίνησιν

2396 1569 2504 1623 τῶν
2557 1569 2794 1641 ἀνέμων.
2847 1570 3035 1635 Οὐδεὶς
3066 1572 3417 1644 ἀστρολόγος,
3467 1576 3641 1639 οὐδεὶς
3687 1577 3978 1641 Χαλδαῖος,

2398 1665 2517 1727 ταῖς
2551 1662 2829 1727 ἐπιτολαῖς
2858 1662 2968 1717 τῶν
2995 1665 3210 1737 ἄστρων
3240 1666 3339 1730 τάς
3377 1666 3485 1721 τῶν
3514 1669 3698 1739 ἀέρων
3728 1672 3982 1740 ταραχὰς

2397 1752 2857 1823 τεκμαιρόμενος,
2905 1753 3073 1807 ταῦτα
3125 1754 3217 1807 τὸν
3258 1755 3432 1825 ἐχῖνον
3480 1755 3741 1821 ἐδίδαξεν,
3794 1758 3914 1810 ἀλλ’
3955 1762 3981 1810 6

2325 1814 2369 1870 Β
2397 1814 2676 1916 θαλάσσης
2702 1814 2816 1899 καί
2843 1814 3057 1918 ἀνέμων
3108 1814 3319 1917 Κύριος,
3358 1850 3452 1902 καὶ
3488 1848 3565 1920 τῷ
3615 1814 3809 1921 μικρῷ
3857 1849 3979 1918 ζώω

2396 1936 2492 2007 τῆς
2527 1937 2769 2009 μεγάλης
2794 1936 2988 1992 ἐαυτοῦ
3025 1938 3216 2007 σοφίας
3251 1940 3479 2010 ἐναργές
3510 1940 3655 2011 ι’χνος
3693 1943 3975 2011 ἐνέθηκεν.

2396 2026 2560 2079 Οὐδὲν
2582 2028 2933 2098 ἀπρονόητον,
2956 2027 3105 2081 οὐδὲν
3130 2028 3471 2099 ἠμελημένον
3502 2029 3653 2102 παρὰ
3672 2030 3818 2084 Θεοῦ
3844 2032 3973 2101 (15).

2394 2118 2579 2173 Πάντα
2624 2118 2878 2172 σκοπεύει
2906 2121 2935 2172 ό
2967 2119 3265 2190 ἀκοίμητος
3304 2119 3599 2192 ὀφθαλμός.
3638 2123 3787 2175 "dat
3840 2125 3979 2195 πάρ-

2394 2225 2561 2275 εστιν,
2590 2209 2896 2282 ἐκπορίζων
2936 2210 3150 2281 ἑκάστῳ
3197 2213 3295 2282 τὴν
3343 2214 3634 2284 σωτηρίαν.
3682 2214 3746 2267 Εἰ
3800 2218 3978 2283 ἐχῖνον

2392 2300 2496 2366 ἔξω
2542 2302 2643 2373 τῆς
2688 2303 2881 2357 ἐαυτοῦ
2915 2304 3221 2375 ἐπισκοπῆς
3259 2307 3289 2359 6
3339 2305 3471 2369 Θεὸς
3512 2307 3609 2359 οὐκ
3661 2306 3876 2376 ἀφῆκε,
3910 2310 3974 2361 τὰ

2395 2395 2463 2448 σά
2492 2394 2591 2449 ούκ
2628 2396 2950 2459 ἐπισκοπεῖ;
2988 2398 3055 2450 οι
3083 2395 3321 2465 ἄνδρες.
3344 2395 3610 2466 ἀγαπᾶτε
3638 2397 3747 2465 τὰς
3764 2399 3976 2469 τυποῖ·

2392 2504 2524 2553 κας,
2560 2486 2661 2541 κᾶν
2690 2487 2966 2559 ὑπερόριοι
2995 2487 3240 2558 ἀλλήλοις
3284 2490 3418 2560 πρὸς
3464 2490 3748 2543 κοινωνίαν
3792 2490 3973 2562 γάμου

2396 2578 2701 2651 συνέλθητε.
2738 2580 2796 2633 '0
2833 2578 2929 2650 τῆς
2977 2580 3190 2648 φύσεως
3221 2580 3438 2650 δεσμὸς,
3482 2582 3511 2633 6
3541 2580 3630 2633 διὰ
3663 2581 3769 2649 τῆς
3821 2580 3973 2634 εὐλο-

2393 2671 2511 2741 γίας
2551 2671 2745 2739 ζυγὸς,
2788 2671 2978 2736 ἐνωσις
3021 2671 3161 2725 ἔστω
3204 2671 3317 2725 τῶν
3358 2669 3677 2725 διεστώτων.
3714 2671 3969 2742 Ἔχιδνα,

2391 2762 2453 2815 τὸ
2497 2760 2875 2833 χαλεπώτατον
2909 2763 3017 2816 τῶν
3055 2762 3316 2834 ἑρπετῶν,
3358 2763 3493 2836 πρὸς
3530 2764 3709 2833 γάμον
3754 2764 3970 2833 ἀπαντᾷ

2392 2853 2491 2923 τῆς
2534 2853 2831 2917 θαλασσίας
2882 2856 3161 2926 μυραίνης·
3205 2854 3346 2924 (16),
3400 2856 3495 2910 καὶ
3556 2856 3818 2925 συριγμῷ
3873 2856 3971 2927 τὴν

2393 2946 2691 3017 παρουσίαν
2734 2947 3019 3017 σημήνασα
3065 2946 3375 3001 ἐκκαλεῖται
3420 2946 3589 3016 αὐτὴν
3618 2947 3686 3000 ἐκ
3724 2946 3838 2999 τῶν
3879 2946 3968 3015 βυ-

2391 3037 2499 3090 θῶν
2547 3038 2681 3109 πρὸς
2713 3037 2954 3109 γαμικὴν
2986 3037 3321 3110 συμπλοκήν.
3359 3037 3423 3091 Ἦ
3456 3037 3513 3091 δὲ
3545 3038 3833 3102 ὑπακούει,
3877 3042 3966 3091 καὶ

2389 3126 2602 3181 ἑνοῦται
2626 3127 2705 3198 τῷ
2736 3128 2943 3195 ίοϐὀλῳ.
2974 3128 3040 3181 Τί
3068 3128 3313 3198 βούλεταί
3350 3146 3439 3199 μοι
3477 3130 3507 3182 6
3534 3128 3723 3197 λόγος;
3752 3131 3837 3183 ὅτι
3866 3131 3965 3183 κᾶν

2388 3218 2592 3289 τραχὺς
2622 3214 2679 3292 ᾖ,
2711 3219 2812 3273 κᾶν
2858 3221 3047 3289 ἄγριος
3092 3219 3155 3276 τὸ
3189 3215 3319 3290 ἦθος
3360 3221 3389 3272 6
3424 3219 3699 3283 σύνοικος.
3745 3222 3964 3290 ἀνάγκη

2392 3311 2576 3383 φέρειν
2604 3312 2701 3383 τὴν
2724 3312 2987 3383 ὁμόζυγα,
3007 3313 3102 3366 καὶ
3122 3315 3187 3366 ἐκ
3210 3312 3479 3383 μηδεμιᾶς
3506 3314 3829 3383 προφάσεως
3853 3315 3964 3382 (Π)

2390 3403 2785 3475 καταδέχεσθαι
2832 3404 2929 3475 τὴν
2958 3404 3151 3458 ἐνωσιν
3200 3404 3457 3475 διασπᾷν.
3498 3404 3781 3475 Πλήκτης;
3821 3405 3963 3456 Ἀλλ’

2390 3496 2549 3569 ἀνήρ.
2596 3496 2891 3568 Πάροινος;
2955 3496 3092 3550 Ἀλλ’
3135 3497 3412 3568 ἡνωμένος
3461 3495 3603 3550 κατά
3645 3496 3740 3565 τὴν
3771 3496 3962 3564 φύσιν.

2389 3587 2604 3659 Τραχὺς
2640 3588 2734 3640 καὶ
2768 3585 3133 3657 δυσάρεστος;
3175 3585 3333 3639 Ἀλλά
3369 3584 3529 3655 μέλος
3562 3584 3659 3656 ἠδη
3709 3584 3822 3648 σὺν,
3870 3588 3967 3638 καὶ

2392 3676 2568 3748 μελῶν
2603 3676 2664 3729 τὸ
2689 3674 3032 3746 τιμιώτατον.

2459 3767 2510 3822 6.
2556 3767 2824 3821 ’Δκουέτω
2845 3766 2901 3819 δὲ
2937 3766 3031 3819 καὶ
3062 3766 3090 3819 6
3117 3765 3257 3836 ἀνὴρ
3286 3765 3383 3835 τῆς
3411 3764 3781 3837 προσηκούσης
3808 3765 3969 3836 αὖτῷ

2392 3858 2780 3929 παραινέσεως.
2833 3858 2894 3909 Ἢ
2940 3856 3123 3929 ἐχιδνα
3166 3857 3259 3910 τὸν
3306 3856 3382 3911 ἰὸν
3420 3856 3637 3928 ἐξεμεῖ,
3670 3856 3968 3929 αἰδουμένη

2389 3948 2480 4002 τὸν
2514 3949 2688 4019 γάμον
2710 3963 2721 3977 ·
2758 3948 2822 4001 σὺ
2852 3948 2913 4001 τὸ
2936 3948 3034 4018 τῆς
3067 3947 3247 4019 ψυχῆς
3291 3948 3495 4019 ἀπηνὲς
3537 3949 3631 4002 καὶ
3662 3946 3965 4019 ἀπάνθρω-

2389 4057 2490 4094 πον
2520 4041 2621 4093 ούκ
2648 4039 2967 4094 ἀποτίθεσαι
3010 4040 3150 4094 αίδοῖ
3178 4040 3276 4109 τῆς
3317 4037 3600 4105 ἐνώσεωςς
3632 4041 3701 4092 Ἠ
3730 4039 3876 4109 τάχα
3903 4039 3970 4093 τὸ

2387 4133 2486 4201 τῆς
2539 4130 2748 4202 ἐχίδνης
2811 4131 3111 4202 ὑπόδειγμα
3166 4132 3262 4185 καὶ
3315 4131 3517 4202 ἐτέρως
3580 4133 3705 4201 ἡμῖν
3758 4148 3969 4201 χρησι·

2393 4221 2581 4294 μεύσει
2614 4222 2746 4293 (18),
2782 4222 2863 4276 ὅτι
2906 4222 3119 4294 μοιχεία
3145 4224 3229 4287 τίς
3262 4224 3378 4275 ἐστι
3423 4222 3522 4293 τῆς
3552 4222 3755 4291 φύσεως
3785 4224 3824 4292 ἡ
3864 4223 3969 4293 τῆς

2389 4314 2602 4385 ἐχίδνης
2648 4315 2741 4368 καὶ
2775 4315 2871 4386 τῆς
2908 4316 3177 4387 μυραίνης
3218 4304 3525 4385 ἐπιπλοκή.
3551 4314 3970 4384 Διδαχθήτωσαν

2390 4401 2482 4459 οὖν
2518 4409 2630 4471 τοῖς
2672 4405 2972 4478 ἀλλοτρίοις
3005 4407 3447 4472 ἐπιϐουλεύοντες
3479 4406 3696 4477 γάμοις,
3726 4410 3969 4479 ποταπιῇ

716 4499 913 4555 delibet
951 4500 1219 4554 adiurare
1266 4512 1406 4553 unus
1457 4498 1585 4551 mihi
1622 4511 1817 4565 scopus
1874 4506 1978 4551 est.
2023 4495 2292 4551 Sedentur

2394 4500 2533 4553 εἰσιν
2564 4498 2781 4571 ἐρπετῷ
2821 4499 3211 4571 παραπλήσιοι.
3244 4495 3341 4563 Εἷς
3384 4516 3474 4571 μοι
3510 4500 3723 4562 σκοπὸς,
3751 4515 3969 4555 παντα-

717 4589 1165 4645 incontinentium
1195 4587 1466 4648 libidines.
1500 4597 1611 4640 tum
1649 4586 1879 4642 terrenis
1907 4596 2017 4641 tum
2066 4586 2290 4642 marinis

718 4679 938 4734 frenata:
971 4678 1251 4747 exemplis.
1280 4678 1379 4732 Hic
1411 4688 1465 4733 et
1493 4678 1738 4745 corporis
1766 4678 2051 4733 inllrmitas
2073 4690 2128 4733 et
2150 4687 2289 4734 tem-

716 4788 817 4842 pus
868 4774 1319 4841 advesperascens
1358 4770 1515 4826 tinem
1547 4771 1800 4841 loquendi
1855 4770 2030 4826 facere
2060 4788 2145 4827 mc
2192 4788 2285 4828 co-

716 4871 882 4934 gunt,
917 4864 1016 4918 etsi
1040 4862 1229 4932 bisqui
1260 4861 1488 4919 libenter
1513 4863 1756 4923 audiunt.
1780 4863 2056 4924 complura
2089 4864 2285 4932 adhuc,

787 4976 836 5010 “
865 4976 1059 5031 Enhes.
1084 4992 1140 5041 v,
1162 4976 1253 5032 25.

786 5108 901 5184 (l3)
930 5110 1021 5164 Sic
1046 5125 1179 5165 mss.
1204 5111 1280 5184 _At
1317 5110 1445 5184 editi
1491 5113 1569 5175 εἰς
1604 5111 1700 5184 τὴν
1744 5110 1826 5176 ἐξ.
1856 5108 1967 5165 Nec
1999 5111 2076 5166 ita
2124 5111 2289 5167 multo

717 5190 839 5253 post
862 5181 973 5253 duo
1007 5181 1230 5253 mss.1:6
1264 5182 1617 5253 μικρότατον.

790 5198 839 5236 st
866 5198 973 5235 ano
1007 5198 1138 5234 mss.
1167 5198 1230 5233 το
1261 5198 1617 5302 ἔικροτατον.

790 5251 906 5321 (Η)
954 5251 1027 5304 Ita
1062 5251 1229 5306 editio
1307 5252 1425 5307 asil.
1476 5267 1597 5307 cum
1647 5251 1886 5321 quinque
1932 5265 2063 5321 mss.
2107 5247 2287 5305 Editio

716 5318 894 5377 Paris;
911 5336 1043 5394 cum
1070 5322 1201 5394 Beg.
1228 5331 1421 5394 octavo
1451 5318 1701 5394 ἀγκύρας
1729 5318 1992 5394 βεϐαίαςζ
2010 5318 2286 5394 Tanquam

718 5394 772 5445 in
801 5391 1030 5444 anchora
1061 5389 1237 5457 ﬁnita.
1270 5389 1563 5460 Aliquanto
1592 5389 1713 5460 post
1732 5389 1910 5446 editio
1959 5389 2286 5444 Paris.cum

719 5461 1075 5535 aliquotmss.
1109 5461 1501 5535 ὑποσύρεσθαι.
1542 5461 1648 5517 Alii
1686 5462 1906 5531 quidam
1970 5476 2105 5516 mss.
2161 5475 2286 5514 cum

719 5528 869 5585 Bodl.
896 5528 1069 5583 ἀποσύ
1080 5533 1288 5601 ρεσθαι.

717 5601 903 5724 0‘05)
956 5600 1089 5671 Reg.
1140 5605 1409 5659 secundus
1469 5618 1591 5659 cum
1643 5602 1797 5659 Colh.
1849 5602 2087 5657 secundo
2137 5600 2289 5672 παρά

792 5688 855 5724 ω.

792 5741 901 5866 νϐ)
933 5742 1107 5823 codex
1157 5743 1397 5799 Contle
1458 5748 1522 5816 τῇ
1576 5743 1835 5819 θαλαττίᾳ
1869 5741 2127 5813 μυραίνῃ.
2168 5741 2285 5821 Mox

716 5811 794 5868 C0
817 5813 868 5868 Ι).
925 5828 1125 5884 primus
1184 5816 1494 5885 σημαίνασα
1548 5816 1913 5883 ἐγκαλεῖσθαι.
1980 5812 2157 5867 Monet
2208 5828 2287 5864 \‘ll‘

2396 4592 2549 4663 χόθεν
2624 4591 3016 4662 οἰκοδομεῖσθαι
3072 4591 3171 4663 τὴν
3228 4591 3575 4662 Ἐκκλησίαν.
3645 4592 3969 4662 Καταᾳτελ-

2395 4682 2568 4737 λέσθω
2604 4682 2717 4754 (to)
2765 4682 2835 4736 τὰ
2867 4681 3014 4752 πάθη
3059 4680 3167 4734 τῶν
3210 4682 3547 4747 ἀκολάστων,
3589 4682 3679 4735 καὶ
3718 4667 3970 4749 ἐγγείοις

2395 4776 2488 4829 καὶ
2526 4775 2827 4839 θαλαττίοις
2862 4774 3219 4845 ύποδείγμασι
3264 4775 3648 4845 παιδευόμενα.
3696 4775 3971 4831 Ἐνταῦθα

2398 4884 2465 4939 με
2510 4866 2699 4938 στῆναι
2751 4865 2846 4920 τοῦ
2893 4866 3049 4935 λόγου
3102 4868 3138 4936 ἦ
3183 4884 3244 4922 τε
3291 4864 3386 4920 τοῦ
3439 4864 3979 4939 σώματοςκαταναγ-

2396 5122 2744 5166 οοοιιεςιηιιιε
2772 5112 3017 5177 Ducmns,
3042 5121 3186 5182 quoa
3216 5127 3302 5167 n.c
3331 5125 3397 5165 ae
3435 5107 3701 5182 muraenis
3732 5105 3962 5182 dicitur.

2398 5182 2450 5251 id
2497 5182 2715 5249 quidem
2776 5199 2805 5235 a
2839 5178 3161 5251 quibusdam
3191 5181 3551 5251 scriptoribus
3574 5178 3828 5231 aﬂirmari
3858 5219 3873 5241 ,
3901 5184 3971 5231 ab

2396 5250 2519 5306 aliis
2546 5266 2673 5305 vero
2706 5250 2913 5321 negari.
2988 5320 2996 5321 ί
3057 5294 3063 5299 .

2468 5322 2580 5394 (Π)
2609 5316 3071 5394 (Ζοίὺ.ἐθοιιιις1υι
3107 5318 3543 5394 τὴνᾲδμόςηγρν,
3582 5317 3675 5371 καὶ
3727 5316 3863 5387 μηδὲ
3906 5319 3970 5394 ἐκ

2400 5389 2528 5463 μιᾶς
2576 5389 3095 5463 προφάσεωςξιὶοε.
3154 5389 3818 5463 prinius_habet__quoqne
3865 5389 3969 5459 τὴν

2396 5457 2814 5531 ὀμόζυγόνάὶΙίἱ
2848 5477 2977 5517 mss.
3010 5457 3131 5516 cum
3154 5459 3312 5531 editis
3344 5457 3714 5531 ⁴ττίινρμόζυγα
3739 5497 3755 5521 ,
3783 5470 3895 5531 εις.

2470 5526 2827 5602 (18)”Οο‹1ἰοεε
2861 5548 2952 5603 sex
3008 5526 3409 5603 χρησιμεύσειί
3449 5526 3595 5583 Editi
3647 5544 3770 5583 cum
3829 5526 3964 5598 Reg.

2397 5605 2583 5673 quinto
2605 5602 2944 5673 χρησιμεύει.

2468 5665 3075 5743 (Ιυγῦυἱὺξίδυοιιηιιιις
3137 5667 3705 5737 καταστελλέσθωσαν.
3770 5665 3965 5723 Statim

2398 5740 2536 5796 idetn
2565 5759 2661 5795 ms.
2695 5742 3075 5813 παιδευόμενα.
