4100 6312
1295 339 1572 392 ΙΙΟΜΙΙᾸᾹ
1617 341 1698 394 \‘il
1743 341 1803 394 IN
1847 341 2338 398 llEXAEMERON.

3333 353 3437 407 1ϋῖ

201 451 366 515 κάζει
397 451 689 521 ξάσθένεια,
730 453 822 506 καὶ
870 453 929 504 τὸ
972 453 1067 522 τῆς
1099 449 1244 524 ὥρας
1279 453 1411 520 ὀψέ·
1450 457 1570 507 ἐπεὶ
1606 457 1773 510 πολλὰ

1882 472 2046 526 eaque
2069 459 2420 512 admiratione
2454 459 2635 527 digna,
2665 463 2728 512 de
2759 462 2917 515 rebus
2957 462 3007 514 in
3048 462 3177 516 mari
3207 478 3435 518 nascen-

207 543 288 598 ἔτι
335 544 646 617 προσθεῖναι
681 542 821 616 εἶχον
854 546 964 607 τοῖς
1004 546 1277 616 φιληκόοις
1328 545 1601 616 θαύματος
1649 549 1771 615 ἄξια

205 637 338 707 περὶ
379 635 487 688 τῶν
521 639 800 708 φυομένων
844 637 901 688 ἐν
933 639 996 708 τῇ
1028 637 1294 709 θαλάσσῃ·
1333 638 1457 709 περὶ
1502 638 1773 711 Θαλάσσης

205 729 402 796 αὐτῆς,
445 728 559 792 πῶς
599 733 677 792 εἰς
708 727 840 789 ἃλας
873 727 930 779 τὸ
964 729 1105 798 ὕδωρ
1140 731 1435 798 πήγνυται·
1474 729 1589 790 πῶς
1616 731 1642 781 ό
1680 748 1772 784 πο-

206 819 500 887 λυτίμητος
543 819 685 878 λίθος
730 817 790 868 τὸ
822 820 1124 890 κουράλιεν,
1147 818 1272 890 χλόη
1311 821 1408 890 μέν
1445 823 1589 871 ἐστιν
1612 821 1666 870 ὲν
1707 825 1771 892 τῇ

207 911 480 986 θαλάσσῃ,
523 909 742 965 ἐπειδάν
779 911 835 963 δὲ
879 915 958 973 είς
999 910 1087 962 τὸν
1128 914 1262 982 άέρα
1307 911 1592 982 ἐξενεχθῇ,
1641 914 1775 981 πρὸς

205 1001 360 1057 λίθου
411 1004 740 1075 στερρότητα
792 1005 1236 1075 μεταπήγνυται·
1296 1006 1458 1058 πόθεν
1501 1007 1578 1077 τῷ
1623 1007 1774 1059 εύτε-

205 1096 450 1170 λεστάτῳ
491 1098 615 1167 ζώῳ
666 1097 737 1168 τῷ
781 1098 986 1169 ὀστρέῳ
1031 1100 1119 1151 τὸν
1167 1098 1460 1170 βαρύτιμον
1505 1101 1776 1173 μαργαρί-

204 1207 310 1263 την
345 1193 457 1260 (ἓο)
568 1191 726 1258 φύσις
757 1190 1043 1261 ἐνέθηκεν·
1084 1191 1119 1245 ἃ.
1169 1190 1274 1262 γὰρ
1311 1194 1632 1263 ἐπιθυμοῦσι
1682 1194 1776 1264 θη-

209 1288 404 1356 σαυροὶ
454 1284 733 1353 βασιλέων,
771 1284 940 1336 ταῦτα
977 1284 1101 1355 περὶ
1145 1285 1424 1354 αίγιαλοὺς
1471 1287 1562 1338 καὶ
1606 1286 1777 1349 ἀκτὰς

204 1382 304 1433 καὶ
343 1378 598 1449 τραχείας
645 1379 850 1447 πέτρας
891 1377 1216 1448 διερριπται,
1245 1379 1355 1439 τοῖς
1386 1377 1624 1446 ἐλύτροις
1668 1380 1776 1433 τῶν

205 1471 449 1540 ὀστρέων
477 1471 765 1542 ἐγκείμενα
785 1486 796 1496 ·
834 1468 994 1522 πόθεν
1025 1471 1085 1522 τὸ
1112 1469 1343 1540 χρυσοῦν
1378 1469 1519 1540 ἔριον
1561 1474 1615 1523 αἱ
1661 1472 1776 1524 πίνο

209 1580 296 1615 ναι
354 1562 660 1633 τρέφουσιν,
707 1563 840 1632 ὅπερ
877 1562 1051 1626 οὐδεὶς
1101 1563 1208 1615 τῶν
1261 1561 1579 1630 άνθοϐάφων
1616 1563 1775 1634 μέχρι

208 1653 306 1705 νῦν
341 1654 451 1724 (21)
498 1657 834 1726 ἐμιμήσατο·
868 1655 1026 1707 πόθεν
1058 1657 1114 1708 ai
1145 1655 1321 1726 κόχλοι
1353 1659 1463 1718 τοῖς
1501 1657 1777 1726 βασιλεῦσι

207 1746 306 1809 τὰς
338 1747 657 1820 ἁλουργίδας
686 1746 1013 1816 χαρίζονται,
1044 1749 1097 1802 αἶ
1129 1751 1221 1802 καὶ
1265 1748 1332 1801 τὰ
1365 1749 1497 1822 ἄνθη
1532 1752 1639 1804 τῶν
1680 1752 1779 1805 λει-

211 1839 408 1908 μώνων
460 1844 524 1910 τῇ
596 1839 816 1909 εῦχροίᾳ
882 1843 1248 1913 παρέδραμον.
1289 1842 1647 1913 Ἐξαγαγέτω
1703 1846 1775 1898 τὰ
1811 1829 1848 1882 1⁸

208 1933 401 1985 ὕδατα
433 1932 566 2000 (‘22).
607 1933 713 1984 Καὶ
747 1933 798 1985 τί
831 1935 891 1986 ού
936 1935 1124 2003 γέγονε
1173 1933 1280 1986 τῶν
1327 1936 1674 2002 άναγκαίων;
1723 1932 1778 1988 τί

204 2025 265 2077 δὲ
297 2023 417 2092 ούχὶ
450 2025 556 2076 τῶν
591 2024 894 2078 πολυτελῶν
944 2024 1204 2096 ἐχαρίσθη
1250 2024 1325 2094 τῷ
1379 2026 1511 2095 βίῳ;
1561 2027 1628 2080 τὰ
1681 2030 1777 2097 μὲν

203 2119 290 2179 είς
334 2118 636 2189 ὑπηρεσίαν
691 2118 1010 2190 ἀνθρώπων,
1055 2117 1124 2169 τά
1171 2117 1226 2169 δὲ
1269 2119 1348 2180 είς
1401 2118 1632 2190 θεωρίαν
1682 2118 1775 2171 τοῦ

204 2215 339 2286 περὶ
368 2214 463 2286 τὴν
496 2216 672 2268 κτίσιν
716 2215 1009 2283 θαύματος.
1039 2212 1205 2264 Ἀλλα
1239 2211 1464 2286 φοϐερὰ,
1509 2214 1779 2283 παιδαγω-

203 2307 412 2374 γοῦντα
456 2307 610 2378 ἡμῶν
643 2308 704 2360 τὸ
744 2306 981 2378 ῥάθυμον
1035 2306 1166 2376 (‘23).
1214 2306 1524 2374 Ἐποίησεν
1557 2311 1589 2361 ὀ
1637 2307 1778 2374 Θεὸς

204 2401 282 2454 τὰ
340 2401 489 2467 κήτη
556 2404 626 2454 τὰ
678 2399 931 2470 μεγάλα.
982 2401 1095 2452 Οὐκ
1154 2401 1338 2472 ἐπειδὴ
1415 2401 1630 2474 καρίδος
1687 2405 1778 2454 καὶ

207 2492 457 2564 μαινίδος
508 2493 746 2563 μείζονα,
787 2492 875 2545 διὰ
915 2492 1072 2544 τοῦτο
1123 2493 1331 2564 μεγάλα
1376 2492 1622 2564 εἴρηται·
1664 2494 1778 2546 ἀλλ’

203 2583 396 2655 ἐπειδὴ
444 2587 553 2648 τοῖς
588 2585 861 2655 μεγίστοις
900 2584 1047 2656 ὄρεσι
1080 2584 1156 2655 τῷ
1195 2586 1341 2657 ὄγκῳ
1386 2584 1481 2639 τοῦ
1531 2585 1781 2656 σώματος

203 2676 604 2747 παρισάζεταν
640 2676 674 2731 ἆ
721 2695 784 2746 γε
831 2677 922 2730 καὶ
967 2679 1143 2749 νήσων
1193 2680 1450 2743 πολλάκις
1483 2679 1781 2749 φαντασίαν

207 2771 541 2839 παρέχεται,
591 2771 806 2824 ἐπειδάν
874 2788 1003 2823 ποτε
1059 2772 1149 2823 ἐπὶ
1197 2773 1293 2840 τὴν
1336 2771 1508 2842 ἄκραν
1582 2774 1780 2841 ἐπιφάι

208 2877 361 2912 νειαν
412 2862 503 2913 τοῦ
548 2861 735 2925 ὓδατος
775 2863 1122 2932 άνανήξηται,
1175 2863 1357 2915 Ταῦτα
1415 2863 1594 2932 μέντοι
1634 2867 1783 2934 τηλι-

209 2954 388 3008 καῦτα
438 2954 564 3007 ὄντα
618 2956 678 3007 οὐ
734 2956 863 3025 περὶ
914 2954 1115 3017 ἀκτὰς,
1153 2955 1272 3007 οὐδὲ
1330 2955 1606 3023 αἰγιαλοὺς
1656 2955 1779 3027 (9.4)

207 3045 506 3116 διατρίϐει,
555 3047 688 3100 ἀλλὰ
728 3049 789 3100 τὸ
835 3048 1171 3100 Ἀτλαντικὸν
1216 3048 1501 3118 λεγόμενον
1550 3049 1782 3120 πέλαγος

209 3141 429 3192 ὲνοικεί.
462 3140 698 3194 Τοιαῦτα
737 3142 853 3192 ὲστι
895 3141 964 3192 τά
1013 3140 1146 3210 πρὸς
1205 3139 1366 3208 φόϐον
1399 3141 1492 3194 καὶ
1522 3141 1780 3211 ἔκπληξιν

207 3232 486 3305 ἡμετέραν
539 3232 1006 3304 δημιουργηθέντα
1047 3232 1178 3296 ζῶα.
1229 3232 1352 3286 Ἐάν
1397 3234 1453 3286 δὲ
1506 3233 1776 3302 ἀκούσῃς,

208 3323 293 3377 ὅτι
327 3326 394 3379 τὰ
428 3325 662 3396 μέγιστα
696 3325 804 3379 τῶν
861 3325 1054 3379 πλοίων
1103 3327 1438 3397 ήπλωμένοις
1493 3325 1678 3387 ἱστίοις
1721 3326 1779 3392 ἐξ

207 3417 400 3485 οὐρίας
439 3419 709 3487 φερόμενα
737 3417 797 3470 τὸ
851 3419 1174 3489 μικρότατον
1236 3416 1523 3487 ἰχθύδιονὴ
1567 3416 1781 3487 ὲχενηῒς

207 3507 356 3561 οὕτω
395 3510 588 3580 ῥαδίως
629 3511 859 3579 ἵστησιν,
892 3509 1029 3561 ὥστε
1087 3510 1339 3579 ἀκίνητον
1393 3510 1485 3560 ἐπὶ
1533 3507 1780 3560 πλεῖστον

211 3601 506 3669 φυλάσσειν
557 3601 654 3672 τὴν
701 3601 832 3654 ναῦν
878 3600 1067 3672 ὥσπερ
1121 3599 1616 3672 καταρῤιζωθεῖσαν
1668 3599 1778 3670 (25)

207 3698 270 3750 ὲν
305 3697 451 3766 αύτῷ
472 3696 548 3766 τῷ
576 3697 819 3766 πελάγει,
849 3694 936 3768 ἆρ’
962 3697 1080 3766 οὐχὶ
1102 3699 1193 3750 καὶ
1220 3700 1275 3750 ἐν
1303 3697 1378 3766 τῷ
1408 3695 1586 3767 μικρῷ
1609 3696 1781 3765 τούτῳ

206 3789 311 3860 τὴν
358 3789 525 3860 αὐτὴν
584 3791 682 3860 τῆς
719 3788 810 3842 τοῦ
845 3789 1125 3852 κτίσαντος
1157 3789 1435 3858 δυνάμεως
1486 3787 1780 3858 λαμϐάνεις

209 3880 487 3946 ἀπόδειξιν
507 3898 520 3944 ;
540 3882 612 3934 Οὐ
640 3881 748 3953 γάρ
777 3882 922 3953 μόνοι
943 3882 1052 3952 (26)
1085 3881 1276 3949 ξιφίαι,
1307 3882 1399 3934 καὶ
1425 3880 1661 3952 πρίονες,
1687 3881 1780 3934 καὶ

210 3971 398 4034 κύνες,
429 3973 521 4025 καὶ
553 3973 808 4042 φάλαιναι
837 3975 930 4027 καὶ
962 3973 1231 4043 ζύγαιναι,
1263 3972 1487 4044 φοϐερὰ,
1523 3972 1656 4025 ἀλλὰ
1687 3971 1781 4025 καὶ

207 4064 471 4136 τρυγόνος
503 4067 723 4136 κέντρον
745 4066 845 4136 τῆς
875 4066 1190 4130 θαλασσίας,
1211 4067 1302 4120 καὶ
1327 4065 1528 4134 ταύτης
1560 4067 1777 4133 νεκρᾶς,

213 4156 312 4208 καὶ
337 4153 542 4222 λαγωὸς
570 4156 597 4206 ὁ
621 4155 928 4218 θαλάσσιος,
965 4158 1062 4225 ούχ
1095 4151 1252 4226 ἧττόν
1284 4157 1397 4207 ἐστι
1431 4153 1653 4224 φοϐερὰ,
1684 4169 1781 4206 τα-

214 4246 367 4316 χεῖαν
383 4245 474 4297 καὶ
498 4245 864 4317 ἀπαραίτητον
901 4245 996 4316 τὴν
1026 4245 1225 4316 φθορὰν
1255 4245 1598 4314 ἐπιφέροντα.
1630 4242 1783 4295 Οὕτω

213 4352 275 4389 σε
315 4336 400 4390 διὰ
453 4342 664 4391 πάντων
695 4339 1053 4409 ἐγρηγορέναι
1082 4340 1109 4390 ὁ
1150 4337 1370 4408 κτίστης
1421 4336 1686 4407 βούλεται,
1715 4335 1780 4388 ἵν’

211 4430 272 4482 ὲν
306 4432 369 4499 τῇ
405 4429 537 4501 πρὸς
562 4430 692 4484 Θεὸν
722 4430 893 4483 ἐλπίδι
919 4429 1014 4494 τὰς
1056 4431 1150 4482 ἀπ’
1189 4429 1365 4482 αὐτῶν
1399 4428 1599 4499 βλάϐας
1648 4429 1780 4481 ἀπο-

1877 552 2016 605 tibus
2061 566 2330 620 apponere
2377 563 2636 621 poteram.
2696 551 2956 609 Nimirum
2997 555 3063 609 de
3109 556 3224 624 ipso
3263 560 3438 614 mari:

1875 646 2142 713 quomodo
2182 646 2232 697 in
2259 645 2420 698 salem
2449 651 2749 702 concrescit
2798 663 2934 716 aqua
2964 668 2975 699 :
3009 651 3276 719 quomodo
3315 668 3441 723 pre-

1877 736 2196 790 tiosissimus
2243 736 2373 806 lapis
2434 741 2734 804 corallium,
2766 742 2816 795 in
2844 744 2979 794 mari
3023 745 3234 810 quidem
3274 746 3439 801 herba

1875 839 1978 893 est,
2007 837 2288 896 postquam
2333 845 2458 883 vero
2487 833 2536 882 in
2568 846 2746 886 aerem
2797 837 3019 888 eductus
3055 835 3232 902 fuerit,
3269 840 3322 894 in
3365 841 3442 896 la—

1877 918 2011 983 pidis
2047 918 2367 974 soliditatem
2426 922 2787 992 compingitur
2833 943 2848 979 :
2909 929 3047 982 unde
3100 929 3150 982 in
3183 932 3440 992 vilissima

1879 1009 2046 1063 bestia
2082 1025 2257 1070 ostrea
2314 1018 2659 1084 margaritam
2726 1033 2980 1088 perquam
3024 1025 3310 1092 pretiosam
3344 1046 3442 1086 na-

1880 1112 1996 1153 tura
2032 1103 2265 1158 inclusit.
2300 1110 2426 1174 ane
2469 1109 2611 1164 enim
2659 1113 3044 1181 concupiscunt
3099 1134 3283 1188 regum
3327 1125 3444 1178 the-

1879 1194 2043 1262 επιστ-ἰ,
2099 1210 2159 1248 ea
2190 1199 2329 1250 circa
2379 1201 2554 1255 littora
2606 1202 2855 1273 ripasque
2905 1217 2956 1260 et
2993 1224 3212 1279 asperas
3259 1225 3443 1284 petras

1878 1288 2100 1357 disjecta
2127 1299 2269 1353 sunt,
2305 1291 2356 1343 in
2415 1304 2712 1352 ostreorum
2753 1300 2904 1353 testis
2946 1305 3259 1373 recondita;
3305 1310 3444 1363 unde

1878 1383 2051 1450 pinna:
2090 1397 2308 1436 auream
2364 1385 2537 1439 lanam
2576 1394 2857 1458 nutriunt,
2908 1410 3069 1464 quam
3122 1399 3441 1460 infectorum

1881 1476 2055 1531 nullus
2083 1478 2343 1533 hactenus
2372 1488 2453 1534 est
2489 1481 2756 1550 imitatus;
2796 1489 2934 1543 unde
2961 1491 3192 1546 cochleae
3227 1497 3444 1563 regibus

1880 1564 2178 1631 largiuntur
2234 1585 2544 1641 purpuram,
2583 1589 2701 1643 qua:
2762 1590 3036 1644 pratorum
3086 1585 3246 1638 etiam
3283 1587 3444 1642 ﬂores

1880 1657 2073 1712 coloris
2106 1663 2409 1728 prmstantia
2463 1675 2736 1734 superant.
2779 1667 3084 1728 Producant
3141 1695 3308 1748 aqum.
3347 1679 3446 1736 Ec-

1881 1752 2006 1820 quid
2038 1758 2459 1812 necessariorum
2486 1756 2682 1813 factum
2727 1776 2827 1814 non
2880 1765 3000 1817 est?
3034 1769 3156 1825 quid
3183 1775 3446 1837 pretioso-

1882 1859 1995 1896 rum
2028 1846 2205 1898 datum
2238 1866 2337 1903 non
2365 1861 2447 1905 est
2475 1850 2630 1904 vitzc?
2678 1852 2798 1909 llaec
2841 1857 3054 1925 quidem
3079 1862 3143 1912 ad
3170 1861 3442 1921 hominum

1880 1937 2273 1999 ministerium,
2327 1941 2412 1994 illa
2452 1958 2578 1998 vero
2626 1945 2691 1996 ad
2743 1949 3288 2016 contemplationem:
3340 1972 3446 2027 qua

1880 2029 2167 2082 creationis
2223 2030 2541 2090 miraculum
2609 2041 3056 2108 contemplamur.
3132 2047 3249 2102 Alia
3319 2063 3446 2107 sunt

1880 2117 2180 2181 horribilia,
2199 2121 2455 2177 desidiam
2478 2139 2713 2183 nostram
2732 2133 3054 2188 erudientia.
3081 2135 3283 2194 Creavt‘l
3307 2141 3446 2198 Deus

1878 2217 1985 2263 cete
2012 2211 2232 2279 grandia
2251 2212 2316 2264 ⁸⁷.
2356 2212 2469 2268 Non
2504 2219 2624 2283 quia
2652 2222 2852 2290 majora
2905 2235 3212 2296 suntquam
3254 2215 3447 2301 sqttilla

1878 2309 1932 2356 et
1965 2302 2376 2361 maena.idcirco
2406 2309 2624 2373 grandia
2652 2312 2790 2364 dicta
2819 2327 2967 2370 sunt:
3005 2320 3096 2373 sed
3126 2321 3248 2390 quia
3277 2326 3448 2379 maxi-

1881 2395 1980 2450 mis
2000 2397 2270 2452 montibus
2289 2398 2427 2452 mole
2447 2403 2684 2467 corporis
2703 2405 3047 2475 adarquautnr
3068 2429 3078 2464 :
3099 2429 3217 2480 quae
3240 2431 3385 2470 certe
3402 2417 3450 2473 si

1883 2501 2114 2554 unquam
2135 2495 2198 2542 ad
2217 2506 2480 2545 summam
2500 2509 2650 2560 aqua:
2664 2499 3001 2565 superﬁciem
3022 2503 3134 2573 69
3151 2518 3306 2560 enata
3318 2509 3446 2574 rint,

1881 2589 2245 2642 Saepenumero
2281 2583 2510 2648 speciem
2545 2583 2786 2641 referunt
2813 2586 3131 2646 insularum.
3164 2593 3286 2649 Hmc
3329 2601 3450 2667 qui-

1882 2668 2001 2721 dem
2028 2679 2197 2732 certe,
2245 2682 2430 2741 utpote
2457 2684 2745 2742 tanta,non
2776 2680 2916 2736 circa
2945 2683 3086 2752 ripas
3111 2701 3280 2756 neque
3303 2689 3448 2745 circa

1881 2760 2066 2817 littora
2094 2764 2469 2822 diversantur:
2506 2772 2599 2824 sed
2634 2771 2684 2825 in
2710 2788 2773 2828 eo
2800 2776 2931 2830 mari
2951 2779 3091 2846 quod
3119 2781 3450 2838 Atlanticum

1883 2865 2126 2921 vocatur,
2163 2858 2483 2917 inhabitant.
2521 2861 2667 2917 Talia
2699 2877 2825 2921 sunt
2879 2871 3192 2936 animantia,
3225 2889 3346 2943 qua:
3379 2876 3448 2930 ad

1884 2960 2145 3005 terrorem
2183 2953 2582 3023 {stuporemque
2633 2956 2783 3012 nobis
2846 2959 3211 3018 incutiendum
3266 2979 3448 3023 creata

1881 3051 2026 3099 sunt.
2059 3043 2129 3097 At
2161 3044 2202 3097 si
2229 3045 2541 3114 pisciculum
2585 3047 2886 3114 minimum,
2920 3065 3187 3106 remoram
3220 3056 3447 3124 scilicet,

1885 3137 2112 3190 maxima
2143 3137 2376 3207 navigia,
2401 3141 2642 3208 expassis
2681 3140 2808 3195 velis
2848 3153 3006 3198 vento
3028 3148 3266 3199 secundo
3291 3156 3451 3203 uten-

1888 3227 1979 3287 tia,
2005 3227 2161 3281 facile
2195 3228 2383 3283 sistere
2413 3232 2679 3296 audieris;
2716 3232 2788 3286 ita
2838 3246 2896 3288 ut
2933 3234 3111 3287 navim
3144 3235 3452 3292 diutissime

1888 3319 2121 3374 detineat
2166 3320 2476 3384 immotam,
2546 3326 2696 3391 quasi
2757 3327 2807 3376 in
2879 3328 2993 3392 ipso
3052 3330 3187 3381 mari
3241 3330 3452 3387 radices

1887 3410 2123 3477 egisset,
2176 3425 2353 3467 nonne
2392 3413 2556 3466 etiam
2595 3415 2646 3467 in
2702 3415 2801 3469 hoc
2851 3419 3044 3487 exiguo
3086 3421 3231 3489 pisce
3263 3425 3450 3477 eadem

1886 3500 2160 3556 Creatoris
2209 3504 2442 3572 potentia
2481 3506 2572 3560 tibi
2611 3507 2941 3576 signiﬁcatur
2994 3527 3058 3566 ac
3106 3516 3455 3570 ostenditur?

1888 3592 2002 3647 Non
2037 3595 2180 3648 enim
2229 3596 2397 3650 solum
2432 3596 2623 3667 gladii,
2676 3613 2874 3667 serrae,
2914 3618 3111 3670 canes,
3148 3605 3366 3660 balaena:
3400 3615 3456 3661 et

1888 3702 2120 3758 zygaanae
2152 3686 2485 3745 formidanda
2518 3701 2678 3756 sunt;
2714 3694 2806 3746 sed
2834 3705 2886 3745 et
2917 3694 3135 3748 aculeus
3165 3700 3455 3765 pastinaca:

1889 3781 2130 3846 marinae,
2174 3782 2398 3851 ejusque
2422 3794 2668 3846 mortuae,
2697 3793 2751 3837 et
2778 3784 2927 3854 lepus
2955 3789 3196 3843 marinus
3229 3806 3330 3844 non
3356 3790 3455 3844 mi-

1889 3889 1990 3927 nus
2028 3889 2153 3929 sunt
2195 3875 2492 3936 metuendi,
2541 3890 2661 3929 cum
2711 3875 2937 3931 celerem
2985 3882 3458 3950 inevitabilemque

1889 3962 2166 4017 interitum
2213 3962 2462 4018 aﬂ'erant.
2499 3965 2572 4018 Ita
2626 3975 2674 4019 te
2718 3981 2813 4035 per
2858 3971 3038 4022 omnia
3079 3970 3299 4038 vigilare
3343 3971 3457 4026 vult

1888 4053 2165 4124 Conditor,
2188 4065 2265 4123 ut,
2297 4059 2522 4127 reposita
2553 4058 2604 4112 in
2632 4058 2737 4112 Deo
2756 4074 2867 4128 spe,
2888 4059 3208 4115 detrimenta
3233 4065 3300 4116 ab
3325 4063 3454 4132 ipsis

1890 4149 2251 4218 impendentia
2282 4150 2543 4206 declines.
2584 4150 2688 4204 Sed
2730 4152 2872 4204 enim
2908 4151 2974 4206 ab
3003 4153 3122 4206 imis
3154 4155 3454 4224 gurgitibus

1890 4255 2212 4307 remeantes,
2245 4244 2312 4297 ad
2349 4244 2716 4296 continentem
2749 4243 3049 4298 redeamus.
3083 4244 3213 4299 Nam
3249 4248 3451 4314 opiticii

1889 4334 2141 4388 miracula
2173 4334 2276 4388 alia
2302 4351 2366 4386 ex
2397 4335 2517 4387 aliis
2549 4333 2703 4387 nobis
2732 4337 3066 4389 occurrentia
3090 4377 3104 4399 ,
3144 4341 3288 4391 velut
3320 4340 3445 4406 qui-

1887 4429 2007 4481 dam
2040 4426 2262 4492 ﬂuctus,
2293 4426 2501 4480 crebris
2543 4425 2872 4497 alternisque
2902 4428 3312 4482 excursionibus
3360 4444 3457 4483 no-

210 4520 524 4596 διδράσκῃς.
565 4524 724 4576 Ἀλλά
758 4522 866 4595 γὰρ
908 4523 1304 4593 ἀναδραμόντες
1339 4523 1403 4574 ὲκ
1439 4521 1545 4573 τῶν
1582 4520 1777 4590 βυθῶν,

1888 4531 2056 4573 strum
2098 4521 2438 4572 subtnersere
2485 4533 2808 4572 sermonem.
2861 4519 3181 4588 Quanquam
3226 4520 3278 4573 id
3323 4522 3454 4577 mihi

210 4613 309 4666 ἐπὶ
333 4614 430 4684 τὴν
475 4615 700 4685 ἤπειρον
750 4613 1170 4684 καταφύγωμεν.
1216 4613 1324 4666 Καὶ
1355 4613 1462 4683 γάρ
1498 4629 1612 4674 πως
1652 4611 1785 4664 ἄλλα

277 4731 323 4764 ⁸⁷
354 4730 488 4788 Gen.
512 4747 552 4793 ι,
573 4730 663 4785 21.

293 4845 407 4916 (20)
465 4845 717 4901 Nonnulli
782 4861 914 4902 mss.
974 4845 1065 4899 τὸν
1121 4843 1416 4915 πολύτιμον
1498 4842 1771 4915 μαργαρί-

203 4934 330 4970 την.

263 4957 395 5058 ’ἆυ
427 4985 519 5042 Sic
545 5002 676 5041 mss.
709 4998 934 5057 septem.
972 4986 1143 5041 Voces
1200 4986 1361 5056 μέχρι
1409 4983 1502 5039 νῦν
1553 4982 1771 5038 deside-

207 5069 407 5113 rantur
434 5059 484 5110 in
523 5058 774 5126 vulgatis.

283 5127 393 5200 (22)
416 5123 801 5200 C0ib._p—l‘_illllts
840 5127 1115 5200 aliquanto
1145 5123 1336 5200 fusius,
1369 5123 1684 5194 ὲξαγαγέτω
1706 5125 1774 5200 τά

205 5197 379 5254 ὕδατα
407 5197 609 5269 ἑρπετά
636 5197 822 5269 ψυχῶν
865 5198 1075 5262 ζωσῶν,
1120 5197 1407 5264 producant
1435 5212 1584 5266 aqum
1614 5197 1774 5262 repti-

202 5272 280 5326 lia
305 5269 604 5321 animarum
632 5269 905 5322 viventium

277 5339 388 5406 (23)
416 5336 623 5390 Rursus
647 5338 800 5392 Colb.
832 5339 1050 5405 primus,
1077 5332 1231 5407 ἡμῶν
1263 5335 1360 5407 τὴν
1391 5334 1700 5407 ῥᾳθυμίαν.

279 5404 391 5480 (24)
420 5408 642 5480 Codices
665 5417 805 5480 octo,
829 5404 952 5480 οὐδε
974 5404 1271 5480 αίγιὰζλούς.
1309 5404 1596 5480 ΕιΙίιιριιιιι
1619 5405 1767 5458 Colb.

205 5474 445 5534 secundo
473 5477 593 5530 οὐδὲ
628 5477 755 5547 περὶ
790 5477 1090 5545 αἰγιαλούς.
1140 5478 1338 5547 ibidem
1391 5474 1542 5528 Colb.
1580 5491 1773 5529 secuti-

205 5551 306 5603 dus
325 5548 404 5616 τῷ
431 5545 758 5617 Ἀτλαντικῷ
788 5547 1060 5617 λεγομένῳ
1083 5545 1303 5612 πελάγει
1341 5547 1556 5626 ὲνρικεῐ,
1732 5616 1743 5626 .

279 5620 394 5687 (25)
428 5617 650 5672 Variant
695 5616 836 5672 inter
863 5634 919 5672 se
955 5616 1160 5670 veteres
1189 5625 1298 5687 tum
1333 5616 1765 5687 calamo_not_ati,

208 5683 318 5741 turn
354 5683 494 5758 typis
518 5689 774 5760 descripti
799 5689 939 5741 libri.
960 5688 1154 5760 Editio
1184 5684 1349 5760 Busil.
1377 5701 1499 5738 cum
1537 5683 1696 5760 Bodll
1716 5697 1768 5738 et

204 5773 328 5814 cum
357 5755 478 5815 aliis
503 5755 847 5813 multis'tuss.
887 5757 1177 5827 φυλάσσειν
1207 5757 1393 5828 ὥσπερ
1427 5755 1769 5827 καταρριζω-

521 5853 792 5913 Parnm.
841 5853 960 5912 (in.
1012 5850 1226 5911 XXIX

1893 4610 2076 4677 utique
2107 4608 2269 4663 fuerit
2307 4608 2687 4673 admirationi,
2723 4609 2770 4664 si
2819 4625 2973 4664 mens
3023 4623 3205 4665 nostra
3229 4650 3242 4674 ,
3290 4613 3455 4667 admi-

1879 4842 1970 4894 θὲν
1994 4841 2070 4902 ὲν,
2097 4837 2450 4892 Henricianus
2483 4837 2648 4890 codex
2679 4845 2732 4889 et
2763 4835 2924 4906 Coisl.
2963 4837 3231 4891 secundus
3254 4835 3453 4906 φυλάιτι

1880 4930 1992 4966 σειν
2028 4912 2125 4981 τὴν
2169 4906 2523 4981 ναῦνλῶσπερ-
2550 4905 2984 4981 καταρριςωθεν,
3021 4905 3285 4981 tauquam
3321 4909 3452 4981 siid

1879 4985 1942 5036 ad
1977 4977 2156 5036 vocem
2179 4977 2412 5048 ἰχθύδιον
2441 4977 2776 5048 [ειὶιῖειιιόιιιιι
2798 4980 2887 5030 sit.
2921 4977 3449 5048 Metlicaetts,(10tnli.,

1877 5053 2028 5106 Colb.
2059 5046 2325 5105 secundus
2359 5059 2408 5118 et
2447 5046 2578 5118 Reg.
2615 5058 2840 5100 octavus
2871 5047 3165 5115 φυλάσσειν
3193 5048 3291 5118 τὴν
3322 5047 3454 5103 ναῦν

1877 5123 2064 5194 ὥσπερ
2139 5117 2671 5194 καταρριζωθεςίσαν·
2701 5118 2822 5194 “cui
2892 5120 3100 5194 lectioni
3132 5117 3351 5194 ⁸ίὶιιξειιιι
3400 5129 3457 5172 et

1875 5186 2196 5246 Ambrosius
2239 5186 2293 5240 et
2323 5186 2660 5242 Eustathius.
2697 5186 2891 5241 Nostra
2924 5190 3090 5243 editio
3129 5187 3304 5242 Paris.
3352 5205 3456 5243 κα-

1875 5261 2274 5334 ταρρωθεζσαν.

1952 5325 2064 5400 (⁸26)
2113 5331 2334 5382 (lodices
2364 5327 2596 5400 quinque
2623 5326 2681 5378 ού
2709 5326 2818 5397 γὰρ
2845 5327 3015 5400 μόνοι.
3041 5327 3176 5382 Editi
3203 5325 3264 5380 οὐ
3294 5326 3460 5400 μόνον

1875 5397 2003 5474 γάρ.
2031 5400 2149 5454 Mox
2171 5397 2521 5474 editio‘Basil.
2552 5413 2670 5474 cu_m
2711 5413 2813 5474 ms.
2835 5397 3305 5474 gotnbeiietcum
3335 5399 3458 5474 aliis

1882 5466 2071 5527 novem
2104 5480 2295 5538 printer
2329 5469 2476 5521 Bodl.
2528 5467 2776 5536 φοϐεραί.
2832 5469 3007 5523 Editio
3057 5468 3231 5522 Paris.
3297 5466 3460 5536 φοσε..

1884 5542 1993 5612 ραί.
2026 5541 2251 5610 Zygzmta
2285 5553 2460 5612 autem
2491 5539 2654 5612 piscis
2680 5546 2782 5602 est,
2814 5555 2971 5608 quem
2991 5538 3269 5612 _n_onnulli
3310 5539 3458 5592 libel-

1878 5610 1985 5664 Iam
2041 5622 2251 5667 vocant.
2310 5610 2456 5664 Hanc
2513 5610 2715 5678 piscem
2768 5621 2925 5666 vocat
2989 5610 3310 5666 Tilmaunus
3364 5623 3457 5662 or-

1877 5699 2011 5736 cam.

3100 5841 3138 5901 0
