4092 6318
717 333 820 387 165

2041 340 2096 395 S.
2141 344 2253 400 ΒΔΕ

2365 340 2380 393 Ι
2424 344 2636 398 ΜΛΩΝΙ
3848 354 3922 400 hii

715 448 964 501 rabiliora
990 464 1038 500 ιη
1067 447 1253 503 tellure
1282 460 1457 515 nacta,
1490 467 1674 506 rursus
1714 457 1768 507 in
1804 457 1970 511 ‘mare
2015 457 2081 509 ad
2124 455 2253 511 Jona

2378 458 2464 508 ἐπ’
2513 457 2693 518 ἄλλοις
2752 459 3119 510 καταλαϐόντα
3161 460 3303 530 ἡμᾶς
3342 460 3440 528 τῆς
3495 462 3842 530 δημιουργιας
3873 476 3922 511 τ’]

712 539 1010 606 exemplum
1054 555 1158 593 non
1204 543 1460 612 aufugiat.
1499 542 1721 597 Videtur
1757 557 1937 599 autem
1985 548 2113 599 mihi
2146 564 2274 599 ora-

714 635 785 684 tio
807 632 1020 699 delapsa
1047 634 1096 685 iu
1133 634 1407 687 innumera
1438 636 1718 699 miracula,
1755 640 1893 692 modi
1929 639 2093 694 oblita
2132 654 2271 702 esse,

709 733 762 774 et
810 725 946 777 idem
995 739 1245 793 perpessa
1295 727 1458 780 fuisse
1504 732 1642 799 quod
1686 730 1721 782 ii
1775 734 1866 798 qui
1918 732 2170 800 navigant
2223 734 2273 785 in

707 815 923 884 pelago,
969 817 1059 884 qui
1108 833 1173 872 ex
1221 819 1364 872 nullo
1407 823 1636 875 termino
1682 822 1790 875 fixo
1839 835 2039 879 motum
2097 823 2274 892 conje-

709 915 946 970 ctantes,
1016 911 1211 978 scr-pius
1273 924 1535 979 quantum
1577 914 1642 966 ab
1691 914 1819 981 ipsis
1865 918 1934 970 sit
1990 917 2273 972 decursum

705 999 860 1065 Spatii
924 998 1189 1068 ignOrant.
1235 1001 1384 1066 Quod
1437 1019 1567 1057 Sane
1627 1005 1778 1057 nobis
1839 1008 1999 1059 etiam
2061 1007 2275 1062 videtur

707 1089 1008 1152 accidisse,
1078 1095 1271 1161 quippe
1348 1111 1591 1149 sermone
1665 1108 1966 1151 creaturam
2055 1115 2272 1168 percur-

705 1189 893 1240 rente,
945 1194 1129 1232 eorum
1192 1196 1309 1249 qua}
1358 1185 1522 1237 relata
1569 1196 1692 1237 sunt
1739 1187 1943 1254 copiam
1994 1203 2096 1239 non
2145 1204 2270 1256 per-

704 1271 962 1338 cepimus.
1001 1269 1194 1324 Verum
1238 1274 1360 1326 licet
1389 1277 1695 1332 venerabile
1729 1278 1856 1331 illud
1895 1278 2160 1333 theatrum
2207 1283 2270 1335 li—

704 1364 894 1416 benter
924 1367 1134 1427 audiat,
1166 1377 1216 1420 et
1245 1368 1620 1423 miraculorum
1655 1371 1898 1424 herilium
1930 1377 2170 1430 narratio
2199 1378 2270 1432 sit

702 1470 976 1508 servorum
1017 1458 1233 1512 auribus
1273 1458 1502 1525 iucunda
1548 1481 1561 1517 :
1610 1465 1696 1516 hic
1743 1473 1919 1517 tamen
1967 1469 2265 1522 orationem

700 1547 982 1609 sistentes,
1016 1549 1154 1602 diem
1192 1552 1257 1603 ad
1287 1566 1346 1605 ea
1383 1569 1501 1622 qua:
1546 1557 1738 1608 desunt
1771 1556 2097 1612 absolvenda
2123 1601 2136 1624 ,
2174 1575 2266 1612 ex-

697 1651 1019 1709 spectemus.
1058 1639 1256 1697 Omnes
1304 1645 1463 1713 igitur
1494 1659 1844 1715 exsurgentes
1892 1666 1986 1718 pro
2032 1652 2114 1704 his
2147 1665 2264 1718 qua:

698 1744 1119 1784 conunemorata
1157 1743 1302 1796 sunt,
1344 1735 1544 1803 gratias
1583 1751 1846 1806 agamus;
1884 1749 1936 1793 et
1973 1749 2115 1793 utea
2144 1755 2261 1808 quze

2381 548 2654 618 θαύματα,
2678 543 2790 601 οἷόν
2821 567 2940 603 τινα
2965 549 3202 618 κύματα,
3237 554 3352 614 ταῖς
3390 554 3635 620 συνεχέσι
3664 553 3760 606 καὶ
3786 553 3922 603 em-

2378 639 2556 710 λήλοις
2595 641 2912 711 ἐπιδρομαῖς
2943 642 3266 712 ὑποϐρύχιον
3291 648 3322 715 ὴ
3333 643 3447 715 μῶν
3471 643 3558 694 τόν
3586 646 3748 713 λόγον
3781 647 3923 714 ἤγαγε

2377 732 2510 800 (27).
2536 733 2721 785 Καίτοι
2757 732 3094 804 θαυμάσαιμι
3131 734 3217 797 ἂν,
3245 741 3290 789 εἰ
3326 737 3419 808 μὴ,
3456 735 3664 805 μείζοσι
3692 744 3800 801 τοῖς
3827 741 3922 790 κατ’

2376 823 2605 893 ἤπειρον
2639 823 2958 892 παραδόξοις
3006 828 3037 896 ἡ
3071 825 3274 877 διάνοια
3307 828 3464 897 ἡμῶν
3497 827 3810 895 ἐντυχοῦσα,
3838 829 3922 880 zi-

2374 913 2458 965 λιν
2501 917 2641 969 κατὰ
2671 916 2759 968 τὸν
2796 915 2978 968 Ίωνᾶν
3001 918 3091 969 ἐπὶ
3123 915 3219 985 τὴν
3253 915 3523 973 θάλασσαν
3568 918 3920 986 δραπετεύςει.

2377 1005 2560 1057 Ἐοικε
2590 1007 2646 1059 δέ
2703 1023 2791 1076 μοι
2828 1008 2856 1056 ὁ
2906 1005 3061 1072 λόγος
3092 1003 3346 1077 ἐμπεσὼν
3405 1013 3485 1074 εἰς
3519 1009 3582 1062 τὰ
3619 1011 3789 1078 μυρία
3819 1012 3923 1061 Gai.-

2375 1114 2514 1165 ματα
2563 1097 2908 1166 ἐπιλελῆσθαι
2947 1098 3046 1166 τῆς
3083 1099 3453 1170 συμμετρίας,
3492 1104 3581 1155 καὶ
3651 1102 3816 1153 ταυτδ
3848 1121 3921 1154 πε-

2370 1188 2622 1244 πονθέναι
2654 1193 2764 1252 τοῖς
2807 1190 2862 1240 ὲν
2897 1190 3121 1259 πελάγει
3171 1190 3623 1260 ναυτιλλομένοις,
3670 1193 3720 1244 οἳ
3747 1233 3759 1252 ,
3810 1194 3922 1260 πρὸς

2375 1279 2540 1349 μηδὲν
2597 1279 2839 1350 πεπηγὸς
2891 1279 3000 1348 (‘28)
3059 1281 3156 1352 τὴν
3209 1283 3418 1352 κίνησιν
3479 1266 3919 1354 τεκμαιρόμενοι,

2368 1370 2614 1438 ἀγνοοῦσι
2660 1372 2913 1433 πολλάκις
2968 1372 3088 1423 ὅσον
3126 1374 3431 1444 διέδραμον.
3463 1375 3525 1423 '0
3573 1374 3639 1443 δὴ
3684 1374 3918 1441 καὶπερὶ

2365 1462 2510 1530 ἡμᾶς
2539 1461 2680 1515 ἔοικε
2710 1461 3034 1532 γεγενῆσθαι
3059 1504 3071 1527 ,
3105 1465 3384 1534 τρέχοντος
3416 1461 3505 1514 τοῦ
3540 1463 3700 1531 λόγου
3735 1465 3818 1518 διὰ
3842 1464 3921 1533 τῆς

2366 1554 2614 1620 κτίσεως,
2657 1558 2731 1628 μὴ
2764 1554 2944 1607 λαϐεῖν
2969 1553 3062 1605 τοῦ
3106 1557 3340 1626 πλήθους
3368 1555 3471 1608 τῶν
3509 1556 3810 1624 εἰρημένων
3841 1557 3921 1625 τὴν

2363 1645 2631 1716 αἴσθησιν.
2694 1648 2831 1701 Ἀλλ’
2885 1648 2932 1698 εί
2982 1647 3076 1700 καὶ
3125 1648 3380 1719 φιλήκοον
3435 1647 3496 1700 τὸ
3540 1648 3739 1716 σεμνὸν
3783 1648 3922 1699 τοῦτο

2364 1737 2611 1808 θέατρον,
2666 1743 2758 1794 καὶ
2809 1741 3032 1809 γλυκεῖα
3092 1739 3292 1794 δούλων
3350 1743 3536 1803 ἀκοαῖς
3600 1741 3923 1794 δεσποτικῶν

697 1837 987 1890 supersunt
1017 1826 1403 1892 compleantur,
1442 1830 1789 1896 postulemus.
1825 1831 2040 1884 Utinam
2081 1842 2253 1886 autem

2364 1830 2654 1901 θαυμάτων
2708 1834 2979 1903 διήγησις,
3021 1833 3250 1885 ἐνταῦθα
3291 1834 3379 1886 τὸν
3411 1835 3562 1902 λόγον
3587 1832 3918 1904 ὁρμίσαντες,

695 1924 746 1967 et
785 1919 922 1968 inter
968 1918 1256 1972 sumendos
1286 1919 1438 1975 cibos
1483 1924 1590 1977 sint
1618 1925 1766 1974 vobis
1797 1923 1845 1974 in
1890 1939 2096 1985 mensa,
2143 1923 2259 1978 loco

696 2008 969 2078 colloquii,
1002 2026 1060 2064 ea
1092 2027 1208 2082 qua:
1239 2011 1639 2067 tnm'matutina
1672 2023 1779 2065 turn
1811 2015 2110 2081 vespertina
2136 2031 2258 2072 ora-

695 2101 837 2153 tione
869 2101 1159 2170 explicavi:
1192 2104 1393 2156 utinam
1422 2104 1580 2156 etiam
1614 2102 1802 2155 barum
1837 2118 2013 2157 rerum
2051 2107 2256 2176 cogita-

695 2193 927 2245 tionibus
974 2210 1067 2260 pcr
1110 2210 1355 2248 somnum
1395 2195 1663 2262 occupati,
1707 2195 1887 2248 laetitia
1936 2196 2127 2253 diurna
2176 2199 2256 2254 vel

690 2284 1017 2338 dormientes
1044 2286 1314 2350 l'rnamini,
1348 2298 1404 2340 ut
1424 2287 1604 2341 dicere
1627 2287 1847 2357 possitis
1873 2307 1885 2341 :
1907 2287 2015 2358 Ego
2029 2291 2254 2353 dormio,

689 2386 734 2428 et
781 2394 871 2429 cor
913 2394 1080 2431 meum
1113 2378 1290 2448 vigilat
1324 2380 1426 2445 "‘,
1459 2390 1640 2449 utpote
1681 2382 1822 2449 quod
1867 2392 2021 2435 nocte
2070 2382 2256 2448 dieque

691 2469 860 2538 legem
901 2471 1106 2525 Domini
1147 2474 1451 2539 meditetur,
1486 2474 1568 2529 cui
1611 2474 1777 2544 gloria
1806 2483 1858 2527 et
1888 2473 2167 2542 imperium
2200 2472 2252 2524 in

690 2564 884 2616 sazcula
920 2565 1259 2618 saeculorum.
1293 2567 1486 2621 Amen.

2369 1925 2638 1995 μείνωμεν
2701 1927 2796 1997 τὴν
2844 1927 3055 1997 ἡμέραν
3119 1926 3254 1994 πρὸς
3292 1937 3390 1998 τὴν
3441 1929 3545 1981 τῶν
3597 1925 3920 1994 λειπομένων

2365 2019 2635 2070 ἀπόδοσιν,
2699 2020 3053 2082 Ἀναστάντες
3104 2019 3160 2070 δὲ
3202 2019 3399 2084 πάντες
3451 2021 3918 2092 εὑχαριστήαωμεν

2366 2109 2503 2177 ὑπὲρ
2530 2109 2636 2160 τῶν
2671 2109 2997 2179 εἰρημένων,
3037 2112 3128 2164 καὶ
3180 2113 3489 2181 αἰτήσωμεν
3529 2113 3634 2164 τῶν
3682 2107 3920 2178 λειπομέ-

2361 2215 2464 2250 νων
2518 2197 2614 2267 τὴν
2653 2199 2930 2268 πλήρωσιν
2962 2201 3092 2269 (‘29).
3125 2200 3336 2251 Γένοιτο
3369 2201 3422 2252 δὲ
3464 2203 3587 2270 ὑμῖν
3633 2201 3728 2253 καὶ
3761 2201 3815 2250 ὲν
3864 2199 3917 2264 τῇ

2364 2287 2661 2358 μεταλήψει
2697 2289 2797 2358 τῆς
2839 2291 3047 2360 τροφῆς
3078 2289 3440 2362 ἐπιτραπέζια
3470 2293 3798 2362 διηγήματα,
3832 2289 3918 2338 ὅσα

2358 2395 2416 2430 τε
2449 2379 2615 2432 ἕωθεν
2646 2381 2794 2450 ὑμῖν,
2823 2383 2917 2434 καὶ
2944 2382 3040 2433 ὅσα
3069 2381 3206 2433 κατὰ
3232 2380 3329 2451 τὴν
3358 2383 3589 2454 ἐστ-,ἐραν
3641 2380 3866 2448 ἐπῆλθε-,ι
3896 2378 3919 2428 ὁ

2357 2471 2512 2540 λόγος
2533 2489 2544 2501 '
2578 2472 2670 2524 καὶ
2708 2475 2827 2535 ταῖς
2859 2474 2985 2543 περὶ
3016 2472 3218 2526 τούτων
3248 2473 3478 2538 ἐννοίαις
3509 2476 3608 2528 ὑπὸ
3637 2474 3734 2526 τοῦ
3765 2472 3914 2525 ὕπνον

2357 2565 2824 2636 καταληφθέντες,
2858 2568 2955 2636 τῆς
3014 2565 3381 2638 μεθημερινῆς
3437 2566 3776 2634 εὐφροσύνης
3837 2561 3915 2613 καὶ

689 2655 1036 2718 καθεύδοντες
1063 2658 1435 2719 ἁπολαύσοιτε,
1476 2659 1557 2708 ἵνα
1586 2657 1677 2727 ἐξῇ
1705 2659 1832 2727 ὑμῖν
1892 2658 2069 2725 λέγειν
2091 2674 2103 2687 ·
2149 2654 2295 2724 Ἐγὼ
2334 2659 2623 2723 καθεύδω,
2689 2659 2786 2711 καὶ
2821 2660 2858 2726 ἠ
2900 2656 3010 2727 (50)
3053 2659 3262 2726 καρδία
3286 2677 3402 2728 μου
3434 2654 3743 2725 ἀγρυπνεῖ,
3777 2655 3916 2724 μελισ

688 2745 838 2798 τῶσα
862 2748 1049 2808 νυκτὸς
1083 2750 1172 2799 κα..
1192 2747 1401 2817 ἡμέρας
1430 2749 1487 2799 ὲν
1514 2747 1590 2818 τῷ
1613 2750 1760 2821 νόμῳ
1801 2750 2028 2821 Κυρίου,
2059 2742 2103 2818 ᾧ
2131 2750 2163 2820 ἡ
2198 2748 2323 2815 δόξα
2351 2751 2445 2802 καὶ
2471 2753 2529 2803 τὸ
2563 2753 2760 2823 κράτος
2785 2752 2864 2814 εἰς
2891 2751 3023 2814 τοὺς·
3053 2749 3253 2814 αἰῶνας
3278 2750 3385 2803 τῶν
3401 2748 3628 2802 αἰώνων.
3651 2749 3844 2819 Ἀμήν.

1239 3005 1513 3058 llOlillLlA
1561 3005 1688 3058 Vlll.

1073 3095 1143 3147 De
1175 3094 1471 3147 volatilibus
1499 3105 1545 3148 et
1577 3096 1854 3164 aquaticis.

756 3188 860 3257 70
885 3187 932 3242 l.
956 3186 1017 3239 Et
1043 3187 1178 3239 dixit
1201 3185 1376 3240 Deus:
1402 3185 1660 3240 Producat
1681 3199 1816 3242 terra
1831 3189 2060 3241 animam
2079 3189 2247 3242 viven-

682 3290 784 3335 tem
805 3280 963 3350 juxta
993 3297 1152 3348 genus
1176 3320 1189 3343 ,
1235 3280 1614 3346 quadrupedia,
1655 3289 1700 3332 et
1733 3280 1941 3347 reptilia
1971 3293 2020 3332 et
2053 3279 2243 3332 bestias

675 3373 830 3441 juxta
868 3365 1046 3441 genus.
1089 3368 1152 3422 Et
1196 3369 1391 3437 factum
1419 3384 1489 3424 est
1521 3375 1594 3424 sic
1629 3372 1693 3425 ’⁸.
1729 3371 1887 3426 Venit
1919 3383 2244 3441 praeceptum

678 3465 868 3534 ordine
897 3466 1212 3532 procedens.
1249 3475 1302 3516 et
1331 3474 1468 3516 terra
1500 3480 1707 3533 quoque
1736 3467 2008 3534 proprium
2037 3467 2247 3532 accepit

679 3566 947 3612 ornatum.
995 3555 1127 3619 Illic,
1174 3555 1473 3608 Producunt
1507 3572 1653 3623 aqua!
1694 3558 1898 3623 reptilia
1941 3560 2242 3610 animarum

678 3650 954 3701 virentium
983 3650 1026 3680 ’9
1057 3667 1068 3700 :
1101 3648 1203 3708 hic,
1237 3645 1504 3699 Producat
1533 3659 1670 3698 terra
1700 3648 1933 3699 animam
1972 3649 2242 3700 viventem.

676 3738 928 3806 Nunquid
976 3741 1209 3791 animata
1259 3747 1340 3791 est
1387 3737 1562 3791 terra?
1606 3735 1795 3790 Jamne
1829 3736 2001 3790 locum
2049 3738 2249 3790 habent

679 3831 1001 3898 desipientes
1055 3828 1354 3892 Manichrei,
1396 3828 1485 3897 qui
1535 3839 1691 3882 terra:
1727 3827 1916 3881 indunt
1961 3828 2246 3881 animam?

679 3923 795 3976 Non
828 3922 952 3991 quia
990 3922 1122 3975 dixit
1171 3940 1182 3974 :
1233 3920 1521 3982 Producat,
1553 3921 1603 3973 id
1645 3922 1786 3989 quod
1824 3922 1876 3973 in
1926 3922 2038 3989 ipsa
2083 3921 2245 3973 situm

679 4025 817 4077 erat,
848 4014 1068 4082 protulit
1099 4014 1236 4090 :ised
1268 4015 1355 4078 qui
1387 4023 1709 4082 prazceptum
1737 4014 1902 4075 dedit,
1937 4013 2097 4066 etiam
2138 4013 2245 4065 vim

674 4117 729 4169 et
775 4107 1083 4159 facultatem
1128 4107 1455 4173 producendi
1507 4107 1553 4180 ei
1601 4106 1844 4160 contulit.
1884 4105 2066 4173 Neque
2105 4106 2246 4159 enim

676 4213 799 4252 cum
839 4197 1040 4250 audivit
1075 4205 1238 4260 terra,
1277 4194 1540 4248 Germinet
1581 4197 1794 4248 herbam
1826 4197 1932 4264 feni
1965 4207 2011 4249 et
2051 4196 2247 4264 lignum

675 4289 1009 4361 fructiferum
1040 4289 1079 4352 ί,
1113 4287 1292 4342 fenum
1337 4288 1476 4355 quod
1519 4286 1570 4338 in
1600 4302 1657 4339 se
1701 4289 2034 4340 reconditum
2086 4289 2248 4341 habe-

975 2899 3911 2926 ww

2965 3003 3204 3059 ΟΜῙΛΙΑ
3243 3004 3324 3058 Η’.

2648 3100 2788 3165 Περὶ
2827 3099 3068 3165 πτηνῶν
3098 3101 3192 3151 καὶ
3219 3101 3482 3167 ἐνύδρων
3510 3100 3635 3169 (51).

2422 3190 2470 3242 1.
2506 3191 2612 3243 Καὶ
2644 3186 2814 3242 εἶπεν
2860 3195 2891 3243 ό
2929 3191 3070 3253 Θεός
3096 3207 3108 3218 ·
3148 3191 3512 3257 Ἔξαταγέτω
3541 3193 3576 3256 ἡ
3604 3191 3682 3256 γῆ
3719 3186 3916 3256 ψυχὴν

2350 3281 2544 3342 ζῶσαν
2593 3282 2743 3335 κατὰ
2803 3281 2996 3350 γένος,
3046 3281 3374 3348 τετράποδα
3426 3281 3523 3334 καὶ
3571 3281 3791 3348 ἑρπετὰ
3826 3280 3910 3331 καὶ

2349 3375 2524 3444 θηρία
2585 3373 2731 3427 κατὰ
2785 3373 2978 3442 γένος.
3006 3374 3112 3427 Καὶ
3151 3373 3385 3443 ἐγένετο
3419 3373 3617 3437 οὕτως.
3663 3368 3833 3424 Ἦλθε
3863 3373 3915 3422 τὸ

2352 3469 2680 3540 πρόσταγμα
2710 3466 2813 3536 ὁδῷ
2847 3466 3079 3536 βαδίζον,
3113 3466 3203 3518 καὶ
3249 3463 3484 3517 ἀπέλαῦε
3516 3463 3605 3515 καὶ
3646 3463 3683 3533 ὴ
3726 3462 3797 3531 γῆ
3834 3462 3915 3513 τὸν

2352 3557 2477 3611 ἴδιον
2506 3558 2726 3626 κόσμον.
2772 3557 2934 3618 Ἐκεῖ,
2976 3553 3333 3623 Έξαγαγέτω
3366 3553 3435 3605 τὰ
3482 3554 3666 3606 ὕδατα
3711 3553 3916 3620 ἑρπετὰ

2348 3647 2565 3716 ψυχῶν
2617 3646 2846 3707 (mmor
2886 3641 2986 3699 ὧδε
3019 3687 3032 3711 ,
3071 3645 3435 3715 Ἐξαγαγέτω
3492 3646 3526 3712 ή
3581 3646 3657 3714 γῆ
3714 3648 3914 3715 ψυχὴν

2349 3738 2560 3798 ζῶσαν.
2585 3740 2864 3808 Ἐμψυχος
2906 3741 3011 3809 ἄρα
3055 3741 3086 3808 ἠ
3131 3739 3236 3806 γῆ;
3281 3741 3374 3791 καὶ
3404 3737 3582 3808 χώραν
3615 3737 3833 3807 ἔχουσιν
3871 3740 3914 3789 οἱ

2351 3831 2742 3900 ματαιόφρονες
2777 3831 3084 3899 Μανιχαῖοι,
3139 3830 3314 3900 ψυχὴν
3368 3829 3660 3891 έντιθέντες
3699 3831 3764 3898 τῇ
3805 3831 3910 3896 γῇ;

2347 3922 2460 3975 Οὐκ
2509 3923 2694 3992 ἐπειδὴ
2740 3918 2912 3984 εἶπεν,
2960 3922 3342 3990 Ἐξαγαγέτω,
3393 3921 3450 3973 τὸ
3498 3921 3914 3990 ἐναποκείμενον

2347 4014 2481 4084 αὐτῇ
2532 4015 2899 4085 προήνεγκενο
2953 4015 3065 4066 ἀλλ’
3110 4018 3137 4067 ό
3178 4014 3299 4075 δοὺς
3342 4014 3403 4064 τὸ
3449 4012 3776 4083 πρόσταγμα
3827 4014 3912 4064 καὶ

2345 4107 2445 4175 τὴν
2477 4105 2570 4158 τοῦ
2627 4106 2912 4174 ἐξαγαγεῖν
2966 4108 3099 4177 αὐτῇ
3154 4105 3377 4175 δύναμιν
3429 4105 3738 4177 ἐχαρίσατο.
3786 4103 3910 4157 Οὔτε

2346 4198 2452 4271 γὰρ
2483 4200 2571 4252 ὅτε
2598 4201 2827 4270 ἤκουσεν
2862 4201 2894 4270 ἡ
2939 4200 3031 4270 γῆ,
3065 4197 3474 4264 Βλαστησὰτω
3497 4197 3777 4266 ,ϐοτάνην
3811 4199 3909 4264 (53.)

2347 4294 2563 4360 χόρτου
2587 4293 2682 4343 καὶ
2724 4292 2912 4355 ξύλον
2941 4290 3235 4359 κάρπιμον
3257 4331 3270 4354 ,
3312 4290 3690 4361 κεκρυμμένον
3726 4289 3912 4358 ἔχουσα

675 4387 788 4446 bat,
815 4383 1067 4449 protulit;
1102 4395 1275 4448 neque
1313 4380 1565 4447 palmam,
1600 4388 1688 4431 aut
1718 4394 1998 4446 quercum,
2029 4390 2120 4433 aut
2145 4396 2240 4434 cu-

2356 4385 2432 4438 ιὺν
2461 4387 2649 4456 χόρτον
2681 4385 2968 4454 ἐξήνεγκεν
2988 4400 3001 4414 ·
3023 4385 3141 4435 οὐδὲ
3169 4384 3258 4435 τὸν
3302 4384 3532 4450 φοίνικα,
3562 4384 3591 4452 ἢ
3630 4384 3739 4453 τὴν
3767 4382 3908 4452 δρῦν,

674 4491 943 4544 pressum,
980 4476 1033 4528 in
1069 4475 1174 4527 ima
1206 4474 1456 4542 quapiam
1489 4473 1569 4526 sui
1598 4474 1731 4524 uteri
1767 4480 1918 4540 parte
1946 4473 2240 4536 occultata,

678 4578 829 4626 extra
856 4565 1196 4636 superﬁciem
1221 4565 1405 4620 eduxit
1431 4584 1443 4618 :
1471 4570 1564 4618 sed
1595 4563 1805 4616 divinus
1832 4577 2028 4625 sermo,
2056 4577 2241 4615 eorum

673 4677 792 4732 qua:
813 4661 942 4715 ﬁunt
959 4671 1148 4714 natura
1172 4670 1272 4713 est.
1291 4657 1548 4711 Germinet
1576 4667 1746 4719 terra;
1773 4672 1873 4711 non
1896 4655 2037 4724 quod
2063 4656 2242 4718 habet,

673 4758 835 4823 edat:
871 4755 961 4808 sed
986 4753 1127 4821 quod
1167 4767 1270 4806 non
1305 4752 1485 4813 habet,
1518 4751 1780 4817 acquirat,
1809 4748 2242 4816 quandoquidem

673 4845 814 4899 Deus
850 4843 1039 4913 agendi
1067 4852 1120 4895 et
1145 4842 1468 4911 producendi
1495 4841 1598 4892 vim
1621 4839 1668 4892 ei
1698 4838 1940 4907 largitur.
1973 4835 2062 4889 Sic
2082 4837 2244 4888 etiam

671 4953 830 4999 nunc,
860 4935 1124 4987 Producat
1151 4943 1289 4986 terra
1315 4935 1569 4995 animam,
1595 4947 1696 4984 non
1722 4944 1971 4997 eamquze
1998 4929 2171 4982 inerat
2192 4927 2245 4979 in

669 5029 783 5097 ipsa
809 5047 822 5081 :
849 5029 942 5081 sed
971 5041 1246 5093 eam,qu:e
1269 5026 1314 5079 ei
1341 5041 1433 5092 per
1457 5032 1778 5094 prmceptnm
1804 5037 1830 5073 a
1862 5023 1968 5074 Deo
1998 5021 2118 5073 data
2145 5029 2244 5074 est.

744 5120 808 5152 '7'
847 5119 1001 5174 Cant.
1037 5133 1090 5180 ν,
1135 5118 1192 5170 2.
1269 5118 1314 5148 ’⁸
1353 5117 1488 5171 Gen.
1525 5134 1562 5169 l.
1595 5116 1682 5168 24.
1761 5117 1804 5147 ⁹⁹
1847 5115 1974 5167 ibid.
2014 5113 2102 5180 9.0,
2143 5113 2233 5166 21.

740 5210 848 5278 (‘27)
877 5211 1005 5279 Reg.
1042 5219 1221 5263 sextus
1253 5209 1342 5261 τὸν
1367 5210 1523 5279 λόγον
1552 5210 1880 5275 κατήγαγεν.

740 5283 848 5349 (:28)
897 5278 1043 5334 Colb.
1076 5281 1340 5333 secundus
1396 5278 1526 5349 μηδὲ
1565 5279 1756 5348 μικρὸν
1792 5280 2054 5349 πεπηγός.
2101 5278 2232 5347 Reg.

669 5353 935 5406 sacuudns
964 5350 1126 5420 μηδὲν
1160 5351 1498 5420 ὲμπεπηγός.

1051 5418 1234 5500 sextus
1262 5418 1594 5489 λειπομένων
1616 5418 1998 5500 ςτῂννδηλωσιν.

666 5561 678 5570 _
739 5459 1145 5611 25‘0i;Sicbmulti
1177 5506 1307 5544 mss.
1340 5459 1488 5558 zeqiie
1525 5506 1585 5543 ac
1615 5459 1770 5542 LiiX.
1801 5459 1958 5543 beest
1979 5487 2233 5542 articulus

666 5577 718 5611 In
744 5578 794 5611 et
816 5573 919 5611 lllS.

664 5577 718 5614 tu
744 5573 919 5613 cuius.

738 5631 848 5698 (3i)
910 5630 1059 5683 Colb.
1103 5629 1305 5697 primus
1363 5630 1501 5681 hunc
1563 5629 1774 5696 przel'ert
1821 5628 2052 5689 titulum,
2109 5628 2232 5696 περὶ

664 5701 907 5766 ἑρπετῶν
941 5702 1034 5754 καὶ
1066 5700 1265 5768 θηρίων
1295 5699 1478 5768 ὁμιλία
1511 5699 1688 5768 ὀγδόη.
1725 5698 1851 5758 Reg.
1895 5711 2115 5751 octavus
2137 5698 2229 5750 τοῦ

664 5771 825 5823 αότοῦ
872 5773 950 5836 εἰς
994 5771 1329 5842 τὴνΓένεσιν
1355 5770 1538 5840 ὁμιλία
1565 5777 1630 5840 η’·
1675 5769 1837 5825 (λοίδίο
1893 5770 2092 5839 imm“S
2111 5772 2232 5836 ἀμ’

666 5844 755 5895 λία
771 5847 816 5904 η’

2341 4479 2372 4548 ἢ
2409 4477 2506 4548 τὴν
2542 4477 2878 4547 κυπάρισσον
2930 4476 3077 4528 κάτω
3118 4493 3217 4527 που
3266 4477 3322 4524 ἐν
3372 4475 3488 4535 ταῖς
3531 4473 3758 4539 λαγόσιν
3796 4474 3910 4524 ἑαυο

2338 4569 2435 4638 τῆς
2474 4566 2937 4638 ἀποκεκρυμμένα
3001 4566 3168 4635 ἀνῆκε
3223 4565 3356 4634 πρὸς
3403 4563 3499 4634 τὴν
3554 4566 3908 4632 ἐπιφάνειαν·

2340 4659 2451 4711 ἀλλ’
2493 4661 2521 4712 ό
2569 4658 2707 4721 θεῖος
2755 4659 2907 4726 λόγος
2937 4656 3095 4726 φύσις
3141 4657 3256 4709 ἐστὶ
3301 4657 3407 4709 τῶν
3462 4657 3765 4725 γινομένων
3785 4658 3906 4725 (55).

2341 4750 2746 4816 Βλαστησάτω
2771 4752 2806 4817 ἡ
2832 4749 2905 4816 γῆ
2926 4767 2939 4780 ο
2975 4750 3070 4818 οὐχ
3093 4749 3228 4818 ὅπερ
3257 4747 3365 4818 ἔχει
3396 4747 3772 4819 προϐαλλέτω,
3801 4748 3906 4801 ἀλλ’

2341 4840 2368 4890 ὃ
2407 4841 2480 4909 μὴ
2517 4839 2627 4909 ἔχει
2662 4839 2968 4911 κτησάσθω,
2993 4837 3125 4892 Θεοῦ
3149 4838 3485 4909 δωρουμένου
3519 4837 3613 4907 τῆς
3631 4839 3910 4910 ἐνεργείας

2341 4929 2442 5000 τὴν
2510 4930 2758 5001 δύναμιν.
2822 4931 2975 4984 Οὕτω
3035 4930 3127 4982 καὶ
3188 4929 3302 4990 νῦν,
3348 4929 3711 4999 Ἐξαγαγέτω
3766 4935 3802 4999 ἡ
3841 4931 3908 5001 γῆ

2343 5021 2556 5089 ψυχὴν
2593 5023 2725 5092 (54),
2753 5024 2812 5075 οὑ
2839 5024 2934 5095 τὴν
2965 5023 3412 5092 ἐναποκειμένην,
3450 5022 3582 5076 ἀλλὰ
3623 5024 3730 5094 τὴν
3786 5025 3912 5077 δεδο-

2312 5115 2329 5144 ¹
2371 5116 2507 5168 ibid.
2543 5116 2629 5170 Η.

2410 5208 2524 5279 (5‘2)
2588 5210 2816 5265 Codices
2876 5211 3075 5280 aliquot
3150 5211 3510 5279 Βλαστησάτω
3566 5213 3598 5280 ή
3655 5211 3734 5278 γῆ
3799 5210 3903 5279 βοτ.

2338 5279 2489 5419 Emis
2527 5280 2653 5334 Duc.
2691 5281 2812 5334 οὕτε
2848 5279 3082 5352 γὰρίότε
3116 5283 3335 5352 ἤκουσε³
3375 5279 3742 5350 Βλαστησάτω
3766 5283 3799 5350 ἡ
3843 5283 3907 5347 γῆ

2372 5367 2585 5418 οτανην.

2372 5367 2585 5418 οτανην.

2411 5421 2519 5486 (55)
2553 5421 2725 5472 Editio
2755 5420 2914 5474 Basil.
2954 5436 3074 5472 eum
3113 5424 3313 5490 aliquot
3336 5437 3462 5475 mss.
3489 5421 3644 5489 φύσις
3665 5420 3787 5473 ἐστὶ
3810 5420 3912 5472 τῶν

2339 5491 2857 5562 γινομένωνζΕιΙίιίο
2894 5490 3064 5562 Paris.
3109 5492 3428 5562 γενομένων.
3468 5491 3661 5562 Ibidem
3695 5492 3909 5562 codices

2338 5576 2441 5631 non
2473 5562 2622 5631 pauci
2651 5560 3014 5631 Βλαστησάτω
3038 5562 3070 5631 ἡ
3094 5562 3188 5630 γῆ,
3224 5559 3340 5631 οὐχ.
3375 5564 3443 5615 At
3465 5561 3591 5614 editi
3625 5575 3751 5613 cum
3778 5559 3908 5629 Reg.

2339 5630 2525 5697 quinto
2554 5628 2925 5700 βλαστησάτω,
2951 5633 3048 5700 οὐχ

2411 5700 2520 5768 (54)
2553 5701 2704 5753 (.lolb.
2732 5704 2935 5766 primus
2960 5703 3058 5770 τὴν
3087 5701 3262 5770 ψυχὴν
3293 5700 3489 5763 ζῶσαν.
3529 5700 3736 5752 Ibidem
3775 5702 3909 5753 idem

2336 5772 2516 5892 ἓυέίθχέ
2543 5785 2661 5822 cum
2685 5771 2814 5841 Reg.
2844 5781 2996 5826 sexto
3017 5773 3075 5824 οὔ
3103 5771 3198 5840 τὴν
3229 5771 3616 5842 ἀποκειμένην,
3647 5770 3789 5824 ἀλλὰ
3815 5772 3910 5838 τὴν

2374 5857 2488 5892 ιοοα
2524 5857 2639 5892 ντιν.

2374 5857 2639 5906 ιοομενην.
