4092 6318
139 375 152 393 ¹
205 374 314 428 165

1289 377 1568 433 ΠΟΜΙΙᾸΑ
1613 382 1730 436 VIII
1770 383 1837 437 IN
1877 381 2365 439 HEXAEMERON.

3306 384 3408 438 166

203 494 374 564 μένην
423 492 554 559 αὐτῇ
623 489 770 559 παρὰ
820 488 912 542 τοῦ
970 488 1104 542 Θεοῦ
1163 490 1247 543 διὰ
1303 492 1400 561 τῆς
1469 496 1752 566 ἐπιταγῆς.

1862 496 2058 551 Deinde
2079 499 2235 550 etiam
2255 512 2429 552 sermo
2448 496 2499 549 in
2520 496 2841 551 contrarium
2859 496 3115 552 eiscedet‘.
3135 497 3342 556 Etenim
3360 503 3404 557 sl

201 585 434 638 Ἔπειτα
465 582 554 635 καὶ
576 583 653 644 είς
686 581 744 633 τὸ
782 580 1018 634 ἐναντίον
1045 583 1222 645 αὐτοῖς
1251 584 1278 635 ὁ
1311 583 1466 650 λόγος
1494 603 1754 657 περιτρα-

197 678 453 746 πήσεται.
480 675 676 744 Εἰ’γὰρ
703 672 988 743 ἐξήνεγκεν
1015 676 1047 738 ὴ
1077 675 1146 742 γῆ
1178 673 1275 743 τὴν
1324 674 1517 746 ψυχὴν,
1547 678 1754 748 ἐρήμην

196 767 396 836 ἑαυτὴν
453 765 707 817 κατέλιπε
764 765 866 834 τῆς
899 763 1093 833 ψυχῆς.
1139 764 1275 816 Ἀλλ’
1317 765 1537 818 ἐκείνων
1570 768 1666 837 μὲν
1695 767 1755 819 τὸ

198 859 482 930 βδελυκτὸν
522 857 741 911 αὐτόθεν
787 857 1077 928 γνώριμον.
1134 857 1231 910 Διὰ
1258 858 1310 910 τί
1353 859 1532 928 μέντοι
1561 862 1628 914 τά
1659 862 1755 930 μὲν

198 953 368 1006 ὕδατα
410 951 609 1021 ἑρπετὰ
649 950 830 1021 ψυχῶν
861 948 1045 1014 ξωσῶν
1079 950 1361 1019 ἐξαγαγεῖν
1397 952 1752 1024 προσετάχθη,

195 1047 228 1114 ή
265 1044 324 1096 δὲ
361 1043 428 1111 γῆ
454 1042 626 1110 ψυχὴν
653 1040 860 1104 ζῶσαν;
893 1038 1232 1107 Λογιζόμεθα
1285 1043 1482 1105 τοίνυν,
1530 1044 1610 1095 ὅτι
1647 1044 1756 1097 τῶν

199 1136 300 1205 μὲν
332 1134 536 1204 νηκτῶν
584 1129 808 1203 ἡφύσις
853 1131 1204 1201 ἀτελεστέρας
1255 1148 1370 1196 πως
1418 1134 1561 1185 δοκεῖ
1613 1133 1756 1203 ζωῆς

200 1226 467 1297 μετέχειν,
503 1224 588 1277 διὰ
621 1224 678 1276 τὸ
734 1225 789 1274 ὲν
840 1225 905 1292 τῇ
966 1223 1232 1293 παχύτητι
1279 1225 1368 1276 τοῦ
1405 1224 1590 1287 ὓδατος
1621 1225 1757 1279 διαι-

193 1321 414 1374 τᾶσθαι.
477 1321 585 1373 Καὶ
625 1317 729 1386 γὰρ
774 1315 908 1386 ἀκοὴ
959 1320 1088 1389 παρ’
1131 1318 1356 1380 ὲκείνοις
1409 1317 1628 1388 βαρεῖα,
1665 1318 1756 1371 καὶ

195 1413 396 1483 ὀρῶσιν
425 1411 596 1480 ἀμϐλὺ
626 1409 712 1461 διὰ
741 1408 831 1461 τοῦ
856 1407 1042 1472 ὕδατος
1072 1409 1374 1478 βλέποντες,
1406 1411 1499 1463 καὶ
1522 1409 1644 1463 οὔτε
1674 1428 1758 1474 τις

200 1506 390 1574 μνήμη
430 1503 553 1572 παρ’
588 1500 834 1563 ἐκείνοις,
870 1499 992 1553 οὔτε
1028 1502 1312 1568 φαντασία,
1347 1501 1468 1555 οὔτε
1509 1503 1602 1555 τοῦ
1639 1520 1760 1555 συν-

193 1596 362 1664 ήθους
385 1593 686 1658 ἐπίγνωσις.
721 1590 816 1643 Διὰ
847 1591 1002 1642 τοῦτο
1019 1592 1177 1643 οἱονεὶ
1198 1591 1522 1647 ἐνδείκνυται
1539 1594 1566 1646 ὁ
1583 1592 1759 1659 λόγος,

191 1689 276 1740 ὅτι
332 1685 363 1755 ἡ
400 1685 630 1756 σαρκικὴ
683 1684 793 1755 ζωὴ
835 1687 948 1746 τοῖς
1007 1683 1247 1754 ὲνύδροις
1293 1685 1609 1755 καθηγεῖται
1650 1684 1758 1738 τῶν

189 1775 440 1845 ψυχικῶν
488 1775 829 1845 κινημάτωνο
869 1775 959 1826 ἐπὶ
1007 1774 1064 1827 δὲ
1092 1777 1196 1828 τῶν
1242 1775 1528 1846 χερσαίων,
1563 1775 1637 1838 ὡς
1670 1793 1756 1829 τε·

190 1864 465 1937 λειοτέρας
493 1867 603 1935 (55)
637 1865 814 1918 αὐτῶν
847 1866 1012 1935 οὔσης
1043 1867 1139 1936 τῆς
1181 1865 1344 1934 ζωῆς,
1380 1869 1412 1937 ἡ
1459 1866 1603 1937 ψυχὴ
1657 1867 1754 1939 τὴν

187 1959 491 2029 ἠγεμονίαν
522 1959 908 2029 ἐπιτέτραπται
939 1960 1136 2011 πᾶσαν.
1162 1958 1231 2009 Αἵ
1247 1975 1306 2010 τε
1332 1956 1439 2029 γὰρ
1481 1958 1755 2030 αἰσθήσεις

195 2050 396 2120 μᾶλλον
437 2051 790 2120 τετράνωνται
812 2065 825 2078 ⁸
873 2049 967 2102 καὶ
999 2049 1164 2114 ὀξεῖαι
1212 2048 1308 2119 μὲν
1337 2049 1444 2102 τῶν
1475 2050 1754 2119 παρόντων

191 2143 251 2194 αἱ
277 2141 607 2211 ἀντιλήψεις,
644 2138 887 2208 ἀκριϐεῖς
920 2139 974 2191 δὲ
1008 2139 1217 2210 μνῆμαι
1247 2140 1352 2193 τῶν
1386 2140 1755 2211 παρελθόντων

191 2236 348 2303 παρὰ
405 2237 514 2295 τοῖς
576 2231 846 2293 πλείστοις
898 2232 1004 2285 τῶν
1048 2234 1403 2304 τετραπόδων.
1440 2231 1534 2284 Διὰ
1577 2232 1751 2298 τοῦτο,

189 2329 270 2391 ὼς
301 2327 495 2386 ἔοικεν,
548 2324 639 2375 ὲπὶ
687 2324 781 2393 μὲν
829 2323 936 2376 τῶν
992 2325 1224 2395 ἐνύδρων
1258 2323 1480 2393 σώματα
1532 2324 1750 2396 ἐκτίσθη

189 2416 516 2487 ὲῲυχωμένα
541 2415 648 2485 (756)
685 2416 904 2486 (ἑρπετὰ
937 2417 1042 2486 γὰρ
1091 2414 1272 2484 ψυχῶν
1316 2413 1502 2477 ζωσῶν
1539 2417 1602 2468 ὲκ
1646 2416 1754 2468 τῶν

187 2505 397 2557 ὑδάτων
431 2503 728 2574 παρήχθη),
765 2505 854 2556 ἐπὶ
910 2505 966 2557 δὲ
1014 2504 1119 2555 τῶν
1167 2504 1434 2574 χερσαίων
1477 2505 1622 2577 ψυχὴ
1651 2507 1753 2558 σώ-

191 2615 342 2668 ματα
364 2596 717 2668 οἰκονομοῦσα
743 2596 1082 2668 προσετάχθη
1111 2596 1382 2664 γενέσθαι,
1406 2598 1479 2662 ὡς
1509 2600 1666 2652 πλέον
1702 2620 1754 2654 τι

181 2691 290 2759 τῆς
339 2687 570 2757 ζωτικῆς
629 2688 904 2757 δυνάμεως
961 2686 1068 2738 τῶν
1111 2688 1200 2739 ἐπὶ
1247 2688 1347 2758 γῆς
1385 2689 1754 2759 διαιτωμένων

189 2777 613 2847 μετειληφότων.
645 2777 844 2843 Ἀλογα
871 2776 966 2844 μὲν
1005 2775 1110 2846 γὰρ
1135 2776 1226 2827 καὶ
1252 2776 1319 2827 τὰ
1345 2781 1573 2846 χερσαῖα
1593 2795 1605 2807 ·
1640 2778 1753 2830 ἀλλ’

183 2870 341 2938 ὅμως
394 2869 617 2922 ἕκαστον
669 2873 732 2939 τῇ
770 2871 830 2920 ἐκ
868 2869 964 2937 τῆς
1012 2867 1222 2936 φύσεως
1253 2870 1360 2939 (57)
1407 2873 1552 2941 φωνῇ
1590 2871 1756 2925 πολλὰ

182 2965 298 3013 τῶν
332 2960 468 3014 κατὰ
498 2961 670 3030 ψυχὴν
718 2959 1054 3029 παθημάτων
1094 2961 1459 3031 διασημαίνει.
1498 2963 1606 3014 Καὶ
1647 2963 1754 3034 γὰρ

185 3053 282 3105 καὶ
311 3053 480 3123 χαρὰν
504 3054 594 3104 καὶ
621 3051 813 3118 λύπην,
846 3052 935 3104 καὶ
967 3052 1060 3122 τὴν
1089 3052 1179 3104 τοῦ
1215 3052 1471 3122 συνήθους
1524 3053 1728 3119 ὲπίγνω

185 3161 294 3206 σιν,
329 3145 422 3197 καὶ
449 3143 650 3212 τροφῆς
675 3141 900 3228 ἔνδειαχ,
925 3145 1017 3195 καὶ
1035 3142 1308 3214 χωρισμὸν
1323 3143 1429 3194 τῶν
1457 3143 1750 3212 συννόμων,
1780 3186 1824 3246 C

181 3235 282 3287 καὶ
317 3232 480 3302 μυρία
505 3230 648 3302 πάθη
677 3231 751 3300 τῷ
782 3233 998 3302 φθόγγῳ
1032 3232 1343 3302 παραδηλοῖ.
1368 3232 1448 3284 Τὰ
1478 3233 1533 3284 δὲ
1561 3232 1754 3303 ἔνυδρα.

179 3328 246 3378 οὗ
292 3326 450 3394 μόνον
503 3322 707 3389 ἄφωνα,
745 3323 879 3376 ἀλλὰ
911 3324 1002 3375 καὶ
1050 3324 1320 3392 ἀνήμερα,
1351 3322 1442 3375 καὶ
1475 3323 1750 3391 ἀδίδακτα,

180 3416 448 3487 καὶπρὸς
482 3417 661 3468 πᾶσαν
715 3416 826 3485 βίου
867 3414 1145 3467 κοινωνίαν
1197 3414 1502 3486 ἀνθρώποις
1551 3419 1755 3487 ἀμετα-

182 3509 457 3580 χείριστα.
496 3505 686 3576 Ἔγνω
729 3506 884 3571 βοῦς
907 3504 1010 3557 τὸν
1052 3505 1449 3575 κτησάμενον,
1479 3509 1573 3560 καὶ
1616 3507 1754 3573 ὄνος

180 3601 304 3669 τὴν
349 3601 580 3669 φάτνην
625 3600 730 3654 τοῦ
783 3599 992 3666 κυρίου
1049 3599 1234 3652 αὐτοῦ
1256 3617 1269 3630 ο
1304 3601 1451 3670 ἰχθὺς
1480 3601 1536 3653 δὲ
1562 3601 1659 3653 οὐκ
1688 3601 1753 3654 ἂν

181 3694 437 3762 ἐπιγνοίη
473 3694 562 3745 τὸν
590 3692 873 3763 τρέφοντα.
929 3685 1048 3742 Οἷδε
1093 3690 1189 3760 τήν
1245 3691 1442 3761 συνήθη
1509 3691 1689 3762 φωνήν
1726 3694 1754 3746 ὁ

181 3784 340 3846 δνος·
373 3777 512 3836 οἶδεν
545 3784 660 3834 ὁδὸν
689 3783 752 3851 ἢν
799 3778 1052 3843 πολλάκις
1105 3782 1347 3835 ὲ6ἀδισε·
1377 3780 1468 3833 καί
1507 3800 1608 3834 που
1659 3782 1753 3835 καὶ

178 3875 381 3945 ὁδηγὺς
418 3875 583 3925 ἐνίοτε
619 3872 980 3939 ἀποσφαλέντι
1023 3875 1227 3941 γίνεται
1252 3873 1328 3944 τῷ
1360 3873 1646 3946 ἀνθρώπῳ.
1678 3875 1750 3927 Τὸ

176 3967 234 4019 δὲ
263 3967 524 4034 ὀξυήκοον
549 3965 640 4018 τοῦ
670 3963 806 4029 ζώου
835 3966 953 4018 οὐδὲ
989 3967 1112 4019 ἄλλο
1141 3985 1192 4018 τι
1216 3966 1359 4036 ἔχειν
1394 3967 1609 4035 λέγεται
1642 3968 1754 4022 τῶν

174 4057 474 4128 χερσαίων.
513 4057 681 4111 Τὸδὲ
714 4057 822 4110 τῶν
861 4058 1118 4127 καμήλων
1149 4059 1501 4127 μνησίκακον,
1527 4061 1617 4112 καὶ
1658 4061 1741 4129 βα-

180 4148 412 4220 ρύμηνι,
442 4149 532 4200 καὶ
560 4149 776 4218 διαρκὲς
803 4148 935 4215 πρὸς
960 4148 1147 4218 ὀργὴν,
1186 4149 1238 4200 τί
1294 4150 1359 4204 ἂν
1416 4153 1751 4221 μιμήσασθαι

173 4242 289 4296 τῶν
324 4241 621 4294 θαλαττίων
653 4239 899 4304 advance;
946 4241 1118 4295 Πάλαι
1159 4242 1289 4296 ποτὲ
1331 4243 1598 4314 πληγεῖσα
1654 4243 1750 4296 κάι

182 4335 377 4404 μηλος,
411 4331 602 4402 μακρῷ
631 4331 806 4401 χρόνῳ
844 4332 1245 4404 ταμιευσαμένη
1282 4334 1379 4404 τὴν
1412 4335 1590 4404 μῆνιν,
1611 4336 1750 4386 ἐπει-

173 4421 276 4475 δὰν
313 4422 594 4491 εὐκαιρίας
619 4422 868 4492 λάϐηται,
904 4422 963 4473 τὸ
992 4421 1157 4475 κακὸν
1192 4425 1544 4476 ἁντιδίδωσιν.
1571 4423 1750 4475 Ἀκού-

1857 590 2088 642 animam
2120 589 2366 659 produxit
2389 599 2560 653 terra,
2594 606 2652 644 se
2683 592 2845 658 ipsam
2879 591 3054 644 anima
3100 592 3404 650 destitutam

1855 682 2155 751 dereliquit.
2183 682 2284 736 Sed
2307 683 2516 736 illorum
2544 685 2754 752 quidem
2778 685 3118 741 exsecrabilis
3141 690 3404 743 sententia

1855 786 1919 826 ex
1942 787 2000 827 se
2026 774 2132 842 ipsa
2161 783 2327 843 patet.
2360 773 2467 828 Cur
2489 784 2663 828 autem
2692 775 3021 844 aqumjussae
3048 787 3172 831 sunt
3197 781 3406 848 replilia

1855 863 2154 918 animarum
2191 865 2477 918 viventium
2504 868 2815 934 producere,
2850 876 2990 921 terra
3016 885 3140 924 vero
3173 872 3405 926 animam

1853 953 2155 1009 viventem?
2191 957 2548 1010 Arbitramur‘
2577 959 2877 1012 natatilium
2916 963 3129 1028 quidem
3157 975 3399 1017 naturam

1853 1045 2020 1099 videri
2049 1047 2169 1101 vitae
2205 1049 2593 1115 quodammodo
2640 1051 3047 1119 ilnperl'ectioris
3090 1055 3404 1124 participem

1856 1151 1995 1201 esse,
2022 1148 2303 1207 pr0pterea
2348 1141 2487 1210 quod
2529 1142 2580 1195 in
2617 1157 2766 1210 aqua:
2807 1144 3160 1199 crassitudine
3187 1146 3404 1215 degunt.

1856 1226 1985 1281 Nam
2014 1241 2067 1281 et
2113 1229 2218 1284 illis
2263 1233 2402 1286 inest
2439 1233 2650 1287 auditus
2691 1234 2887 1302 gravis,
2927 1236 3192 1303 hebesque
3225 1238 3406 1301 visus,

1861 1329 2042 1397 utpote
2072 1335 2165 1388 per
2198 1337 2392 1390 aquam
2427 1326 2769 1380 cernentibus
2802 1343 2814 1378 :
2846 1340 2944 1379 nec
2971 1326 3076 1378 ulla
3107 1335 3188 1380 est
3216 1325 3268 1378 in
3299 1326 3408 1381 illis

1858 1410 2134 1474 memoria,
2163 1425 2335 1480 neque
2365 1412 2699 1481 imaginatio,
2743 1431 2912 1483 neque
2937 1415 3094 1469 ullius
3117 1428 3407 1470 consuetu-

1856 1494 1995 1549 diuis
2029 1497 2280 1566 cognitio.
2320 1497 2657 1566 Quapropter
2700 1501 2851 1568 quasi
2902 1501 3139 1555 declarat
3193 1518 3406 1568 sermo,

1856 1586 2022 1640 vitam
2074 1589 2343 1643 carnalem
2407 1588 2723 1644 animalibus
2777 1594 3009 1647 motibus
3057 1609 3287 1660 praeesse
3353 1596 3406 1649 in

1859 1677 2223 1743 aquatilibus:
2268 1678 2317 1731 in
2352 1682 2696 1735 terrestribus
2734 1697 2887 1744 vero,
2921 1693 3100 1753 utpote
3135 1686 3239 1738 vita
3280 1701 3406 1753 per-

1861 1766 2081 1823 lectiore
2119 1771 2384 1838 praeditis,
2432 1773 2793 1842 principatum
2830 1791 3043 1831 omnem
3079 1779 3274 1832 animae
3317 1780 3410 1833 dei

1787 1838 1826 1895 Β
1855 1858 2002 1913 ferri.
2031 1861 2165 1914 Nam
2190 1873 2244 1916 et
2264 1838 2518 1934 pleraque
2560 1838 2909 1936 quadrupeda
2937 1871 3184 1923 sensibus
3209 1871 3410 1939 perspia

1856 1950 2154 2006 cacioribus
2189 1961 2427 2017 utuntur,
2461 1963 2516 2008 et
2549 1970 2634 2011 res
2670 1968 2960 2025 praesentes
2994 1960 3202 2013 acutius
3231 1961 3410 2030 perci-

1855 2043 2026 2112 piunt,
2082 2045 2579 2115 przeteritorumque
2642 2061 2896 2104 accurate
2964 2053 3407 2109 reminiscuntur.

1856 2134 2212 2202 Quamobrem
2240 2137 2291 2190 in
2321 2139 2656 2207 aquatilibus
2685 2143 2924 2208 quidem,
2950 2153 3009 2197 ut
3039 2145 3266 2210 videtur,
3295 2144 3413 2198 ani-

1855 2237 1996 2280 mata
2044 2241 2265 2296 corpora
2296 2238 2420 2284 sunt
2451 2239 2637 2283 creata
2674 2232 2917 2299 (reptilia
2955 2250 3186 2303 namque
3231 2236 3412 2288 vivem-

1856 2319 1984 2371 tium
2017 2320 2314 2374 animarum
2341 2336 2406 2375 ex
2430 2323 2583 2391 aquis
2612 2325 2870 2392 producta
2903 2326 3102 2396 sunt),
3144 2327 3195 2379 in
3238 2335 3410 2381 terre~

1855 2411 2052 2464 stribus
2069 2421 2245 2466 autem
2274 2413 2447 2466 anima
2478 2431 2598 2484 quae
2629 2431 2855 2486 corpora
2884 2416 3221 2486 gubernaret,
3244 2433 3406 2488 gene~

1854 2500 1962 2553 rari
2006 2501 2149 2566 jussa
2180 2513 2291 2566 est;
2337 2514 2589 2573 tanquam
2629 2521 2688 2560 ea
2729 2521 2852 2575 qua:
2885 2522 3045 2575 super
3084 2518 3278 2561 terram
3324 2509 3408 2562 di-

1854 2601 2150 2652 versantur,
2185 2593 2381 2662 aliquid
2424 2598 2654 2664 amplius
2682 2598 2746 2653 de
2780 2599 2927 2653 vitali
2957 2599 3209 2654 facultate
3239 2601 3410 2667 parti-

1854 2685 2050 2751 cipent.
2106 2683 2401 2740 Terrestria
2459 2689 2682 2757 quidem
2740 2701 2863 2744 sunt
2922 2707 3134 2761 quoque
3188 2691 3413 2746 rationis

1855 2780 2089 2846 expertia
2126 2797 2138 2832 :
2171 2779 2262 2832 sed
2289 2788 2461 2833 tamen
2493 2782 2918 2848 unumquodque
2948 2797 3044 2850 per
3075 2792 3275 2836 natura:
3313 2799 3410 2838 vo-

1854 2885 1968 2923 cem
2001 2871 2194 2924 multas
2215 2873 2404 2924 animze
2429 2871 2747 2926 affectiones
2784 2873 3005 2928 indicat.
3043 2876 3173 2926 Nam
3201 2883 3253 2927 et
3282 2889 3414 2942 gau-

1855 2958 2018 3022 dium,
2049 2968 2102 3010 et
2133 2958 2428 3025 tristitiam,
2457 2960 2626 3028 et71
2647 2962 3045 3016 consuetudinis
3063 2963 3408 3032 agnitionem,

1853 3049 2158 3103 etalimenti
2184 3051 2436 3116 inopiam,
2457 3059 2508 3104 et
2537 3067 2714 3105 eorum
2739 3068 2856 3120 qua:
2879 3053 3033 3105 simul
3059 3054 3414 3121 pascebantur

1855 3141 2264 3208 separationem,
2290 3152 2341 3193 et
2362 3142 2672 3194 innumeras
2698 3142 3006 3196 affectiones
3025 3147 3252 3212 quodam
3279 3161 3412 3200 sono

1856 3228 2197 3296 patefaciunt.
2245 3231 2505 3300 Aquatica
2538 3247 2662 3284 vero
2713 3248 2816 3284 non
2861 3233 3036 3286 solum
3070 3247 3213 3288 muta
3251 3245 3409 3300 sunt,

1853 3321 1944 3375 sed
1995 3320 2153 3374 etiam
2187 3321 2556 3388 immansueta,
2594 3334 2648 3376 et
2693 3323 2960 3390 indocilia,
3007 3336 3060 3380 et
3089 3327 3154 3380 ad
3199 3343 3412 3382 omnem

1852 3413 1976 3465 vita:
2022 3412 2334 3466 societatem
2381 3413 2686 3468 hominibus
2733 3415 3116 3470 intractabilia.
3156 3416 3412 3486 Cognovit

1854 3502 1940 3556 bos
1985 3519 2327 3571 possessorem
2375 3521 2555 3569 suum,
2610 3515 2658 3558 et
2705 3506 2884 3557 asinus
2935 3521 3162 3573 prwsepe
3210 3508 3411 3560 domini

1852 3595 1932 3647 sui
1959 3596 1976 3625 ³
2002 3609 2016 3646 :
2046 3595 2210 3663 piscis
2246 3603 2421 3650 autem
2453 3609 2625 3663 neque
2654 3611 2807 3649 suum
2853 3596 3076 3652 altorem
3121 3615 3414 3670 agnoscere

1853 3686 2041 3754 potuit.
2073 3686 2229 3741 Novit
2263 3687 2583 3740 familiarem
2631 3699 2685 3741 et
2720 3699 3032 3744 consuetam
3071 3707 3255 3748 vocem
3307 3696 3414 3749 asia-

1853 3793 1990 3830 nus:
2038 3779 2139 3833 iter
2183 3779 2320 3846 quod
2369 3778 2566 3846 saapius
2617 3777 2928 3849 ambulavit,
2983 3787 3264 3851 coanovit;
3306 3787 3412 3840 imo

1851 3885 1979 3923 vero
2004 3883 2385 3937 nonnunquam
2406 3871 2510 3926 dux
2532 3872 2589 3925 ﬁt
2612 3872 2812 3926 homini
2836 3874 3126 3929 aberranti.
3149 3877 3413 3932 Audiendl

1852 3970 2028 4015 autem
2074 3961 2423 4016 subtilitatem
2460 3978 2562 4031 qua
2593 3963 2696 4017 hoc
2742 3965 2938 4018 animal
2977 3968 3257 4032 praeditum
3296 3978 3408 4032 est,

1853 4069 1919 4107 ne
1947 4053 2109 4107 ullum
2139 4055 2350 4123 quidem
2377 4055 2516 4107 aliud
2547 4064 2802 4108 terrestre
2829 4057 3025 4111 habere
3050 4059 3262 4114 dicitur.
3294 4060 3412 4116 Cie.

1853 4152 2026 4198 terum
2056 4146 2321 4214 quodnam
2352 4161 2418 4199 ex
2451 4146 2671 4198 marinis
2699 4156 2860 4212 queat
2889 4147 2940 4200 in
2969 4150 3186 4204 camelis
3212 4151 3410 4206 imitari

1852 4236 2168 4304 iniuriarum
2197 4238 2530 4302 memoriam,
2564 4237 2697 4291 iram
2729 4254 2966 4308 gravem,
3000 4241 3288 4295 iracundia:
3324 4252 3408 4296 ιιι--

1852 4330 2176 4382 nacitatem?
2209 4329 2456 4382 Camelus
2487 4329 2691 4395 pridem
2739 4345 3045 4399 percussus,
3095 4333 3170 4384 ira
3221 4335 3410 4401 perdiu

1852 4420 2146 4486 recondita,
2197 4421 2282 4472 ubi
2334 4422 2672 4476 occasionem
2728 4433 2916 4476 nactus
2971 4425 3165 4488 fuerit,
3210 4427 3408 4481 malum

176 4531 338 4575 σατε,
362 4515 412 4564 οἱ
444 4513 760 4582 βαρύθυμοι,
803 4513 852 4566 οί
891 4515 988 4584 τὴν
1044 4517 1404 4583 μνησικακίαν
1432 4516 1505 4578 ὡς
1553 4516 1747 4585 ἀρετὴν

1855 4512 2043 4565 reddit.
2084 4510 2279 4562 Audite
2311 4525 2427 4574 vos,
2472 4511 2562 4579 qui
2597 4511 2829 4579 graviter
2857 4513 3172 4578 irascimini,
3204 4517 3292 4584 qui
3324 4518 3408 4570 in-

173 4604 608 4674 ἐπιτηδεύοντες,
634 4604 737 4655 τίνι
766 4606 885 4656 ἐστὲ
909 4607 1185 4674 ἐμφερεῖς,
1218 4607 1341 4658 ὅταν
1364 4607 1461 4676 τήν
1486 4607 1623 4660 κατὰ
1652 4609 1745 4661 τοῦ

174 4697 410 4766 πλησίον
442 4695 634 4764 λύπην,
670 4694 852 4763 ὥσπερ
891 4695 1011 4746 τινὰ
1045 4696 1313 4766 σπινθῆρα
1377 4698 1743 4768 κεκρυμμένον

174 4791 234 4842 ἐν
269 4789 485 4858 σποδιᾷ,
525 4790 680 4859 μέχρι
703 4787 953 4841 τοσούτου
995 4788 1314 4855 φυλάσσετε,
1348 4790 1451 4852 ἕως
1482 4791 1563 4848 ἂν,
1616 4790 1746 4859 ὕλης

172 4880 469 4950 λαϐόμενοι
513 4881 645 4950 (58),
686 4878 796 4934 οἷον
847 4879 1018 4949 φλόγα
1042 4881 1162 4934 τινὰ
1192 4882 1281 4935 τὸν
1315 4881 1482 4952 θυμὸν
1511 4885 1746 4936 ἀνακαύ-

174 4991 338 5045 σητε.

249 5065 313 5116 ‘2.
351 5062 712 5130 Ἐξίιγτιγέτω
738 5064 773 5128 ἠ
804 5064 879 5132 γῆ
908 5064 1117 5133 ψυχὴν
1150 5063 1360 5123 ζῶσαν.
1395 5063 1493 5116 Διὰ
1518 5066 1570 5116 τί
1613 5068 1643 5135 ἡ
1675 5067 1744 5138 γῆ

171 5155 359 5226 ψοχήν
417 5155 590 5218 ζῶσαν
649 5155 868 5223 ἐξάγεις
901 5159 1015 5210 Ἵνα
1063 5158 1237 5228 μάθῃς
1270 5158 1528 5229 διαφορὰν
1569 5160 1745 5228 ψυχῆς

173 5251 415 5319 κτήνους
447 5248 538 5300 καὶ
581 5247 755 5316 ψυχῆς
782 5249 1088 5320 ἀνθρώπου.
1118 5250 1328 5319 Μικρὸν
1363 5248 1582 5321 ὕστερον
1610 5251 1746 5318 γνώ-

259 5385 282 5413 ²
327 5382 427 5437 Ιεει.
457 5383 593 5451 x,_5.

249 5541 365 5613 (55)
397 5543 526 5607 Reg.
561 5543 764 5614 primus
795 5541 868 5614 ὡς
903 5541 1253 5612 τελεωτέρας.
1291 5545 1578 5614 Aliquanto
1621 5551 1743 5611 post

175 5623 293 5668 tres
328 5629 454 5663 mss.
496 5617 547 5664 αἱ
582 5613 809 5683 μνῆμαι.
849 5613 1285 5669 Deestarticulus
1317 5617 1367 5668 in
1399 5613 1566 5670 editis
1592 5624 1643 5668 et
1688 5616 1742 5668 in

173 5685 296 5737 aliis
330 5683 646 5750 quihusdam
680 5701 806 5738 mss.

251 5754 363 5820 (56η)
397 5753 618 5806 Codices
651 5764 877 5818 quatuor
916 5752 1300 5824 ἐμφυχώμενα.
1333 5753 1479 5808 Coll).
1539 5754 1741 5820 primus

177 5817 550 5895 ἔμψυχόμενα.
590 5817 732 5877 Editi
791 5839 909 5878 cum
949 5817 1102 5897 'lieg.
1149 5817 1340 5895 quinto
1395 5817 1734 5895 ἐψυχωμὲνα.

1847 4602 2112 4670 juriarum
2138 4602 2452 4654 memoriam
2486 4603 2648 4655 veluti
2674 4605 2929 4657 virtutem
2956 4606 3154 4669 colitis,
3182 4609 3265 4660 cui
3290 4609 3410 4663 sitis

1858 4693 2142 4755 assimiles,
2183 4709 2304 4747 cum
2351 4693 2516 4746 animi
2569 4694 2619 4747 in
2657 4697 2957 4764 proximum
3011 4699 3405 4769 :cgritudinem.

1851 4802 1947 4842 ceu
1975 4788 2258 4840 scintillam
2286 4789 2568 4855 quamdam
2607 4790 2656 4842 in
2707 4791 2886 4844 cinere
2917 4791 3260 4857 occultatam,
3290 4803 3410 4848 tan.

1853 4880 1938 4931 diu
1987 4880 2231 4940 servatis,
2267 4879 2439 4934 donec
2485 4883 2705 4934 materia
2754 4893 2988 4951 arrepta,
3036 4885 3170 4952 iram
3210 4887 3403 4942 iterum

1855 4970 1996 5021 velut
2025 4970 2286 5024 ﬂammam
2321 4971 2550 5040 aliquam
2582 4975 2905 5030 accendatis.
3179 4963 3187 4967 ’

1919 5060 1972 5113 2.
2015 5061 2278 5116 Producat
2340 5075 2478 5117 terra
2535 5065 2766 5118 animum
2817 5070 3082 5122 virentem.
3128 5069 3236 5125 Cur
3277 5086 3404 5140 prn-

1850 5154 1992 5206 ducit
2034 5163 2174 5206 terra
2226 5155 2460 5209 animam
2492 5157 2796 5212 viventem?
2842 5160 2907 5214 Ut
2953 5163 3079 5230 quid
3123 5164 3261 5214 inter
3289 5163 3406 5216 ani-

1853 5265 1991 5302 mam
2037 5251 2255 5318 pecudis
2302 5259 2356 5305 et
2402 5252 2538 5305 inter
2590 5252 2828 5307 animam
2877 5253 3110 5308 hominis
3153 5254 3400 5321 intersit,

1853 5540 1970 5594 Mox
2005 5539 2152 5592 Colli.
2190 5539 2392 5606 primus
2429 5540 2616 5605 ζωσῶν
2646 5540 2750 5593 ἀπὸ
2782 5538 2890 5592 τῶν

1920 5611 2026 5676 (57)
2065 5612 2151 5664 Sic
2186 5625 2309 5662 mss.
2338 5610 2575 5677 plerique
2605 5626 2812 5664 omnes.
2843 5611 2979 5664 Editi
3007 5613 3070 5662 ἐκ
3104 5623 3335 5678 φυσεως.

1916 5681 2029 5748 (58)
2053 5683 2161 5753 Duo
2192 5695 2319 5733 mss.
2345 5680 2475 5753 ὓλην
2491 5681 2793 5751 λαϐόμενοι.
2822 5682 2958 5738 Etliti
2983 5698 3102 5737 cum
3129 5684 3245 5736 aliis
3276 5696 3406 5739 tusc.

1849 5752 1975 5822 ὕλης
2011 5752 2310 5820 λαϐόμενοι.
