4092 6318
711 364 813 421 £67

2007 356 2064 410 S.
2109 355 2350 412 BASlLll
2392 352 2609 409 MAGNI

3845 345 3931 397 168

706 482 905 536 discas.
942 477 1219 545 Quomodo
1254 474 1484 530 hominis
1515 473 1690 526 anima
1721 470 1948 526 formata
1988 473 2078 536 sit,
2112 473 2269 542 paulo

2374 491 2459 544 σῃ,
2497 471 2612 534 πῶς
2660 487 2692 539 η
2749 469 2892 538 ψυχὴ
2944 466 3038 518 τοῦ
3078 463 3359 536 ἀνθρώπου
3428 460 3696 529 συνέστη·
3756 458 3848 511 νῦν
3886 461 3928 512 δὲ

707 582 829 643 post
863 572 1049 624 scies:
1098 583 1239 621 nunc
1285 581 1414 619 vero
1461 565 1530 619 de
1576 565 1853 616 brutormn
1896 564 2074 616 anima
2120 563 2264 616 audi.

702 662 836 717 Cum
859 661 1010 729 juxta
1050 661 1102 713 id
1131 659 1271 727 quod
1307 659 1570 726 scriptum
1608 667 1688 710 est
1721 655 1764 718 ³,
1801 653 2048 708 animalis
2081 654 2265 721 cujus-

706 765 811 819 que
850 750 1027 802 anima
1065 749 1286 817 sanguis
1322 749 1490 815 ipsius
1539 745 1628 808 sit,
1657 743 1874 813 sanguis
1915 755 2094 797 autem
2140 757 2270 797 con-

706 850 886 892 cretus
914 839 1080 892 soleat
1101 839 1152 890 in
1184 851 1401 891 carnem
1441 835 1815 896 transmutari,
1840 850 1965 888 caro
1989 849 2116 889 vero
2148 852 2268 890 cor-

706 943 860 1000 rupta
899 931 950 984 in
1013 941 1207 984 terram
1252 930 1551 984 resolvatur
1594 948 1608 983 :
1649 927 1774 997 jure
1829 943 1892 981 ac
1940 929 2130 983 merito
2183 942 2266 984 est

706 1025 833 1094 quid
873 1035 1136 1079 terrenum
1189 1024 1364 1077 anima
1419 1023 1721 1076 brutorum.
1782 1017 2045 1072 Producat
2105 1020 2267 1090 igitur

703 1124 844 1169 terra
874 1118 1101 1168 animam
1128 1116 1397 1169 viventem.
1427 1113 1630 1166 Animae
1659 1114 1777 1165 vide
1805 1110 2112 1166 aﬂinitatem
2143 1128 2264 1168 cum

704 1208 985 1276 sanguine,
1010 1207 1288 1274 sanguinis
1313 1220 1433 1258 cum
1459 1218 1646 1268 carne,
1671 1205 1850 1258 carnis
1877 1219 1996 1257 cum
2025 1204 2215 1259 tellure
2247 1222 2258 1258 :

703 1310 758 1353 et
803 1314 986 1353 rursus
1033 1299 1223 1352 ordine
1265 1299 1481 1352 inverso
1530 1312 1624 1365 per
1672 1298 1858 1351 eadem
1916 1296 2196 1366 regredere
2235 1311 2263 1349 a

708 1403 848 1446 terra
869 1393 934 1445 ad
964 1407 1198 1457 carnem,
1239 1407 1268 1444 a
1299 1405 1459 1444 carne
1485 1391 1549 1444 ad
1577 1389 1916 1458 sanguinem,
1945 1405 1973 1440 a
2003 1388 2264 1456 sanguine

704 1487 770 1538 ad
799 1485 1064 1552 animam;
1095 1494 1148 1538 et
1178 1499 1428 1552 pecorum
1460 1484 1696 1536 animam
1728 1490 1930 1536 terram
1972 1494 2089 1534 esse
2117 1495 2261 1532 com-

704 1577 900 1646 peries.
929 1576 1070 1632 Cave
1100 1578 1378 1630 existimes
1417 1576 1652 1628 animam
1689 1588 1808 1628 esse
1840 1573 2081 1642 corporis
2114 1573 2259 1640 ipso-

706 1681 823 1718 rum
882 1666 1263 1718 constitutione
1321 1664 1709 1726 vetustiorem,
1769 1671 1861 1715 aut
1917 1663 2085 1732 ipsam
2145 1671 2261 1729 post

705 1758 886 1812 cattus
923 1757 1328 1811 dissolutionem
1362 1770 1704 1826 permanere.
1731 1755 2113 1824 Arrogantinm
2145 1754 2256 1824 phi-

2367 566 2527 618 ἄκουε
2562 563 2684 631 περὶ
2709 562 2801 630 τῆς
2833 561 2940 611 τῶν
2972 558 3179 624 ἀλόγων
3223 556 3420 625 ψυχῆς.
3466 553 3690 623 Ἐπειδὴ
3721 553 3859 604 κατά
3886 554 3932 603 τὸ

2366 654 2744 727 γεγραμμένον
2799 652 2992 714 παντὸς
3043 650 3177 714 ζώου
3211 651 3244 718 η
3283 647 3427 716 ψυχὴ
3461 646 3522 698 τὸ
3575 640 3723 713 αἷμα
3780 643 3924 697 αὑτοῦ

2368 749 2515 798 ἐστιν
2547 745 2656 815 (59)
2683 761 2695 772 ·
2730 738 2865 812 αἷμα
2899 742 2954 794 δὲ
2990 742 3158 808 παγὲν
3190 742 3267 801 είς
3302 738 3476 806 σάρκα
3509 737 3731 804 πέφυκε
3786 753 3929 805 μετα-

2367 837 2611 890 ϐάλλειν·
2655 837 2687 905 ἡ
2713 834 2767 886 δὲ
2799 832 2931 902 σὰρξ
2951 833 3057 901 (40)
3091 831 3358 901 φθαρεῖσα
3378 831 3454 891 είς
3492 829 3596 896 γῆν
3628 826 3928 880 ἀναλύεται·

2367 928 2542 999 γεηρά
2573 925 2652 989 τίς
2686 927 2831 978 ἐστιν
2861 925 3080 984 εἰκότως
3110 925 3142 992 ἡ
3184 920 3329 990 ψυχὴ
3376 920 3485 972 τῶν
3531 918 3777 987 κτηνῶν.
3826 917 3933 980 Ἐξ-

2366 1016 2623 1086 αγναγέτω
2643 1012 2732 1068 οὖν
2764 1017 2799 1082 ἡ
2824 1013 2897 1083 τῆ
2939 1013 3146 1081 ψυχὴν
3171 1010 3383 1071 ζῶσαν.
3423 1009 3564 1080 Ὅρα
3595 1006 3698 1078 τὴν
3731 1007 3935 1059 ἀκολου-

2367 1111 2486 1164 θίαν
2516 1111 2688 1181 ψυχῆς
2717 1111 2851 1181 πρὸς
2883 1104 3042 1179 αἷμα,
3072 1108 3300 1177 αἵματος
3329 1105 3461 1176 πρὸς
3491 1105 3674 1174 σάρκα
3695 1143 3711 1166 ,
3756 1103 3936 1170 σαρκὸς

2367 1206 2500 1276 πρὸς
2549 1204 2642 1274 τὴν
2673 1205 2772 1274 γῆν
2794 1221 2806 1232 ·
2865 1203 2958 1255 καὶ
2993 1200 3153 1253 πάλιν
3181 1199 3448 1261 ἀναλύσας
3480 1198 3567 1249 διὰ
3602 1196 3716 1247 τῶν
3775 1194 3937 1246 αὐτῶν

2364 1296 2682 1349 ἀναπὸδισον
2717 1294 2822 1347 ἀπὸ
2839 1294 2941 1363 γῆς
2976 1296 3053 1355 είς
3086 1293 3283 1362 σάρκα,
3307 1291 3411 1343 ἀπὸ
3442 1287 3650 1357 σαρκὸς
3671 1289 3756 1350 εἰς
3794 1281 3936 1354 αἷμα,

2363 1388 2470 1442 ἀπὸ
2504 1388 2730 1456 αἵματος
2761 1388 2838 1448 εἱς
2883 1387 3085 1455 ψυχή-ι’
3132 1384 3223 1437 καὶ
3268 1383 3537 1452 εὑρήσεις,
3591 1381 3677 1432 ὅτι
3729 1379 3802 1446 γῆ
3840 1380 3939 1428 ἐστι

2361 1484 2468 1536 τῶν
2497 1479 2708 1551 κτηνῶν
2742 1481 2773 1548 ἡ
2807 1479 2970 1547 ψυχή.
3003 1478 3089 1547 Μὴ
3151 1474 3338 1544 νόμιζε
3388 1471 3780 1542 πρεσϐυτέραν
3813 1466 3940 1520 εἶναι

2360 1577 2457 1645 τῆς
2501 1573 2593 1626 τοῦ
2635 1572 2881 1641 σώματος
2931 1571 3106 1622 αὐτῶν
3138 1567 3481 1628 ὑποστάσεως
3506 1608 3520 1630 ,
3555 1565 3694 1634 μηδὲ
3733 1563 3931 1616 ἐπιδια-

2364 1669 2626 1740 μένουσαν
2672 1665 2809 1736 μετά
2843 1663 2939 1733 τὴν
2965 1663 3063 1732 τῆς
3099 1663 3296 1732 σαρκὸς
3321 1661 3558 1713 διάλυσιν
3593 1659 3731 1728 (Η).
3761 1658 3925 1724 Φεῦγε

2363 1761 2668 1832 φληνάφους
2715 1757 2821 1810 τῶν
2872 1753 3116 1824 σοϐαρῶν
3179 1754 3500 1821 φιλοσόφων,
3536 1751 3585 1804 οἳ
3623 1752 3728 1803 οὐκ
3754 1749 3936 1819 αἰσχὺ-

707 1848 1052 1916 losophorum
1082 1848 1201 1918 fuge
1232 1850 1606 1912 deliramenta,
1638 1861 1772 1915 quos
1800 1863 1903 1901 non
1950 1847 2110 1914 pudet
2139 1861 2264 1898 suas

2372 1871 2541 1906 νονται
2569 1852 2666 1914 τας
2709 1847 2915 1903 ἑαυτῶν
2941 1845 3117 1916 ψυχὰς
3169 1846 3261 1898 καὶ
3288 1848 3385 1908 τὰς
3419 1845 3644 1907 κυνείας
3682 1845 3938 1912 ὁμοειδεῖς

707 1939 948 2008 ipsorum
994 1941 1204 1994 animas
1249 1949 1302 1994 et
1349 1955 1542 1993 canum
1597 1939 1832 2006 ejusdem
1875 1938 2012 1991 inter
2056 1952 2122 1990 se
2143 1951 2264 2005 spe-

706 2033 806 2088 ciei
834 2048 954 2088 esse
983 2045 1239 2097 statuere,
1267 2050 1383 2088 cum
1417 2049 1474 2088 se
1508 2036 1656 2102 ipsos
1683 2033 1972 2101 aliquando
1995 2043 2049 2086 et
2074 2032 2265 2085 mulie-

707 2137 795 2178 res
839 2135 894 2180 et
932 2124 1153 2179 frutices
1183 2135 1237 2180 et
1283 2127 1459 2196 pisces
1484 2139 1762 2194 aequoreos
1809 2123 1969 2178 fuisse
2014 2124 2260 2177 doceant.

712 2218 827 2288 Ego
866 2219 1136 2287 equidem,
1170 2235 1235 2273 an
1265 2234 1494 2287 unquam
1535 2217 1734 2272 fuerint
1775 2217 1968 2285 pisces,
2001 2229 2130 2269 sane
2159 2229 2264 2268 non

710 2312 934 2366 dixerim
959 2331 973 2366 :
1003 2313 1095 2367 sed
1123 2327 1236 2376 eos,
1267 2312 1389 2365 dum
1418 2313 1528 2365 hare
1557 2311 1877 2374 scriberent,
1907 2310 2130 2362 rationis
2159 2323 2264 2360 ma-

708 2406 794 2474 gis
830 2403 995 2458 fuisse
1031 2415 1277 2472 expertes
1309 2420 1466 2471 quam
1495 2404 1671 2470 pisces
1703 2402 1788 2454 vel
1832 2401 2265 2453 constantissime

709 2494 1042 2562 aﬂirmarim.
1093 2491 1358 2544 Producat
1409 2502 1548 2543 terra
1587 2491 1817 2542 animam
1859 2490 2124 2541 viventem.
2171 2487 2266 2538 Mi-

709 2595 899 2644 rantur
925 2584 1169 2639 fortassis
1195 2583 1344 2637 multi
1371 2599 1467 2636 cur
1491 2596 1739 2635 sermone
1764 2579 1964 2634 affatim
1996 2589 2263 2642 currente,

709 2689 950 2749 tempore
987 2693 1090 2732 non
1120 2675 1329 2731 modico
1360 2676 1709 2729 conticuerim
1741 2689 1754 2726 :
1787 2672 1883 2728 sed
1916 2672 2267 2726 studiosiores

709 2774 981 2827 auditores
1026 2769 1222 2824 silentii
1267 2783 1486 2822 causam
1538 2767 1757 2820 minime
1803 2767 2068 2832 ignorant.
2119 2766 2262 2830 Quo-

709 2863 868 2916 modo
909 2862 1096 2914 enim?
1146 2861 1234 2926 qui
1285 2859 1491 2912 scilicet
1537 2873 1630 2926 per
1678 2868 1890 2912 mutuos
1931 2858 2157 2910 intuitus
2202 2871 2264 2910 ac

709 2971 872 3014 nutus
905 2971 991 3010 me
1021 2956 1087 3009 ad
1126 2971 1184 3009 se
1211 2955 1355 3024 ipsos
1400 2951 1784 3016 converterint,
1823 2959 1878 3004 et
1905 2964 1964 3002 ea
1997 2964 2116 3017 qua:
2155 2949 2266 3003 fue-

711 3063 830 3105 rant
881 3051 1264 3121 praetermissa,
1315 3049 1368 3100 in
1419 3055 1648 3100 mentem
1703 3042 2091 3098 revocaverint.
2134 3038 2268 3092 Nam

711 3143 920 3210 integra
962 3150 1228 3194 creaturae
1261 3139 1497 3206 species,
1541 3151 1710 3204 eaque
1741 3149 1843 3190 non
1874 3133 2097 3186 minima
2120 3175 2132 3196 ,
2174 3145 2268 3183 nos

711 3231 994 3301 praeteriit,
1033 3240 1194 3298 atque
1223 3229 1332 3285 fere
1377 3230 1551 3282 oratio
1603 3238 1788 3283 nostra
1827 3229 1995 3296 ipsam
2046 3223 2268 3279 omnino

710 3323 1103 3394 inexploratam
1135 3321 1372 3390 reliquit.
1411 3319 1713 3373 Producant
1747 3321 1890 3374 enim
1923 3335 2070 3387 aqua:
2107 3316 2269 3384 repti-

712 3418 782 3471 lia
802 3419 1094 3470 animarum
1113 3415 1383 3467 viventium
1398 3415 1554 3483 juxta
1571 3426 1750 3480 genus,
1768 3419 1814 3462 et
1833 3411 2064 3462 volatilia
2086 3407 2269 3461 volan-

711 3512 786 3565 tia
806 3526 956 3577 super
973 3519 1159 3561 terram
1176 3507 1455 3559 secundum
1479 3504 1856 3573 ﬁrmamentum
1876 3502 2006 3553 caeli.
2029 3501 2098 3554 De
2117 3507 2271 3552 nata-

714 3601 916 3664 tilibus,
938 3608 1192 3668 quantum
1231 3611 1324 3664 per
1351 3605 1558 3663 tempus
1583 3592 1943 3662 vespertinum
1973 3591 2076 3660 72
2102 3592 2267 3650 licuit,

715 3692 1105 3748 disseruimus:
1138 3688 1295 3740 hodie
1337 3685 1403 3738 ad
1440 3684 1776 3738 terrestrium
1816 3697 2042 3735 examen
2099 3691 2273 3734 trans-

719 3783 936 3839 ivimus.
1000 3777 1225 3831 Volatile
1271 3777 1322 3829 in
1373 3776 1542 3828 media
1573 3775 1874 3828 narratione
1921 3787 2018 3827 nos
2063 3773 2269 3841 ell‘ugit.

715 3876 946 3932 Necesse
987 3883 1068 3927 est
1103 3873 1283 3938 itaque
1327 3870 1496 3921 instar
1535 3867 1918 3920 obliviosorum
1966 3866 2272 3928 viatorum,

715 3972 804 4040 qui
836 3984 955 4022 cum
991 3982 1102 4019 rem
1136 3961 1362 4029 alicujus
1397 3959 1648 4014 mmnenti
1693 3957 2026 4025 reliquerint,
2059 3955 2271 4009 etiamsi

715 4063 942 4118 multum
981 4057 1310 4112 confecerint
1352 4053 1580 4116 itineris,
1623 4051 1816 4105 iterum
1861 4054 2049 4106 eodem
2090 4066 2273 4105 rever-

721 4164 925 4216 tuntur,
958 4152 1168 4221 dignam
1203 4147 1404 4202 desidia
1433 4162 1526 4199 sua
1565 4159 1778 4215 pwnam
1801 4183 1814 4208 ,
1852 4144 2086 4198 laborem
2115 4146 2269 4199 itine-

715 4251 795 4302 ris
817 4258 978 4316 atque
1002 4242 1298 4298 molestiam
1328 4238 1658 4309 perferentes
1682 4255 1695 4292 :
1725 4237 1802 4292 sic
1829 4238 2012 4306 utique
2041 4247 2092 4291 et
2122 4238 2274 4292 nobis

719 4337 858 4391 idem
890 4337 993 4388 iter
1029 4333 1368 4403 relegendum
1401 4339 1500 4383 est.
1533 4328 1712 4398 Neque
1755 4331 1897 4384 enim
1937 4329 2271 4399 aspernabile

717 4425 955 4493 estquod
985 4423 1225 4477 relictum
1249 4433 1330 4477 est
1356 4441 1369 4477 :
1400 4423 1491 4477 sed
1519 4421 1674 4476 tertia
1694 4437 1758 4474 ex
1786 4422 2105 4475 animalibus
2136 4435 2277 4473 crea-

2363 1947 2617 2015 ἀλλήλαις
2647 1943 2916 2013 τιθέμενοι
2944 1957 2958 1972 ⁸
3004 1941 3050 1991 oi
3084 1938 3330 2006 λέγοντες
3363 1939 3586 2000 ἑαυτοὺς
3619 1935 3940 2006 γεγενῆσθαί

2367 2055 2494 2091 ποτε
2523 2039 2615 2090 καὶ
2665 2037 2925 2103 γυναῖκας
2961 2033 3055 2086 καὶ
3105 2031 3340 2100 Θάμνους
3372 2030 3462 2080 καὶ
3520 2029 3715 2099 ἰχθύας
3749 2029 3939 2083 θαλασ-

2367 2130 2536 2192 σίους.
2581 2125 2719 2195 Ἐγὼ
2749 2125 2802 2178 δὲ
2832 2127 2879 2177 εί
2939 2124 3035 2195 μὲν
3071 2121 3315 2191 ἐγένοντό
3351 2135 3479 2172 ποτε
3518 2120 3674 2188 ἰχθῦς
3735 2121 3838 2172 οὐκ
3884 2121 3940 2171 ἂν

2364 2225 2600 2293 εἴποιμι·
2658 2221 2738 2272 ὅτι
2790 2219 2845 2270 δὲ
2899 2220 2956 2270 ἐν
3013 2211 3056 2284 ᾧ
3095 2215 3266 2268 ταῦτα
3316 2212 3550 2282 ἔγραφον
3592 2212 3706 2262 τῶν
3753 2211 3940 2282 ἰχθύων

2364 2312 2502 2387 ἦσαν
2552 2313 2900 2382 ἀλογώτεροι,
2937 2310 3030 2362 καὶ
3082 2309 3226 2362 πάνυ
3265 2305 3495 2367 εὐτόνως
3543 2303 3937 2373 διατειναίμην.

2377 2405 2743 2475 Ἐξαταγέτω
2780 2405 2816 2470 ἠ
2847 2401 2921 2472 γῆ
2947 2401 3156 2470 ψυχὴν
3181 2400 3392 2460 ζῶσαν.
3427 2399 3585 2458 Τίνος
3613 2397 3829 2457 ἕνεκεν,
3855 2396 3939 2448 τοῦ

2365 2501 2522 2568 λόγου
2564 2500 2844 2569 τρέχοντος
2909 2496 3139 2566 ἀθρόως,
3193 2491 3557 2560 ἀπεσιώπησα
3614 2489 3812 2560 χρόνον
3851 2491 3939 2541 οὐκ

2366 2592 2563 2659 ὀλίγον,
2592 2590 2716 2653 ἴσως
2747 2590 3112 2660 θαυμάζουσιν
3148 2589 3196 2640 οἱ
3247 2585 3466 2638 πολλοί·
3500 2582 3617 2637 ἀλλ’
3657 2581 3784 2649 οὐχὶ
3837 2580 3939 2646 οἵγε

2367 2681 2781 2754 φιλοπονώτεροι
2809 2682 2917 2732 τῶν
2943 2679 3222 2751 ἀκροατῶν
3238 2677 3484 2746 ἀγνοοῦσι
3513 2677 3613 2747 τὴν
3639 2676 3828 2729 αἰτίαν
3853 2673 3940 2740 τῆς

2367 2776 2627 2845 ἀφασίας.
2657 2773 2778 2835 Πῶς
2833 2773 2971 2841 γάρ;
2999 2772 3048 2823 οἱ
3081 2770 3166 2822 διὰ
3199 2769 3291 2821 τοῦ
3345 2769 3480 2838 πρὸς
3515 2767 3784 2837 ἀλλήλους
3818 2766 3940 2835 όρᾷν

2366 2871 2460 2923 καὶ
2485 2868 2714 2922 ὲννεύειν
2745 2863 3166 2936 ὲπιστρέψαντές
3208 2878 3273 2931 με
3309 2861 3445 2929 πρὸς
3467 2861 3718 2924 ἑαυτοὺς,
3749 2861 3843 2912 καὶ
3870 2861 3940 2919 είς

2368 2961 2570 3013 ἔννοιαν
2601 2959 2894 3027 ἀγαγόντες
2935 2955 3042 3008 τῶν
3077 2952 3439 3025 παρεθέντων.
3495 2944 3653 3012 Εἶδος
3689 2950 3800 3018 γὰρ
3830 2950 3939 3002 ὅλον

2367 3054 2462 3124 τῆς
2503 3053 2763 3117 κτίσεως,
2793 3051 2884 3103 καὶ
2931 3050 3029 3102 οὐκ
3087 3047 3363 3118 ἐλάχιστον
3412 3043 3590 3105 τοῦτο,
3641 3042 3939 3112 παρέλαθεν

2369 3147 2534 3212 ἡμᾶς,
2589 3146 2681 3198 καὶ
2729 3143 2922 3214 μικροῦ
2971 3139 3145 3194 ἀπιὼν
3198 3139 3390 3208 ᾤχετο,
3426 3135 3786 3200 ἀνεξέταστον
3813 3150 3939 3184 παν-

2370 3234 2536 3297 τελῶς
2566 3235 2762 3302 ὁλόγος
2791 3232 3123 3288 καταλιπών.
3155 3230 3521 3300 Ἐξαγαγέτω
3556 3228 3666 3299 γὰρ
3712 3226 3784 3280 τὰ
3811 3225 3941 3278 ὕδα-

2369 3345 2443 3380 τα
2477 3326 2690 3393 ἑρπετὰ
2721 3324 2932 3391 ψυχῶν
2956 3324 3155 3384 ζωσῶν
3178 3325 3326 3378 κατὰ
3358 3322 3550 3392 γένος,
3583 3322 3684 3374 καὶ
3709 3318 3941 3372 πετεινὰ

2372 3418 2663 3486 πετόμενα
2715 3414 2810 3465 ἐπὶ
2853 3411 2962 3478 τῆς
3021 3411 3133 3478 γῆς
3182 3411 3330 3462 κατὰ
3387 3411 3450 3462 τὸ
3497 3406 3810 3474 στερέωμα
3842 3403 3940 3457 τοῦ

2370 3507 2647 3578 οὐρανοῦ.
2681 3505 2926 3574 Εἴπαμεν
2943 3503 3008 3556 τὰ
3044 3519 3107 3553 πε
3119 3503 3169 3573 pl.
3191 3501 3297 3552 τῶν
3325 3501 3555 3570 νηκτῶν,
3577 3501 3678 3552 ὅσα
3701 3501 3728 3550 ό
3759 3498 3940 3566 καιρὸς

2371 3603 2597 3657 ἐνεδίδου
2622 3599 2856 3669 ἑσπέρας
2882 3615 2893 3627 ·
2935 3598 3172 3667 σήμερον
3221 3593 3524 3663 μετέϐημεν
3557 3594 3652 3645 ἐπὶ
3676 3593 3777 3662 τὴν
3839 3591 3941 3642 τῶν

2372 3697 2637 3768 χερσαίων
2671 3695 2935 3759 ἐξέτασιν.
2972 3691 3232 3760 Διέφυγεν
3264 3687 3411 3757 ἡμᾶς
3437 3685 3496 3736 τὸ
3527 3687 3734 3754 πτηνὸν
3776 3689 3833 3738 ἐν
3869 3684 3941 3753 τῷ

2375 3787 2541 3857 μέσῳ.
2609 3787 2842 3854 Ἀνάγκη
2905 3783 3120 3846 τοίνυν,
3190 3779 3330 3832 κατά
3394 3779 3518 3839 τοὺς
3572 3775 3940 3844 ἐπιλήσμονας

2371 3877 2477 3929 τῶν
2531 3875 2946 3946 ὁδοιπόρων,οἳ,
3005 3871 3220 3924 ἐπειδάν
3270 3889 3320 3924 τι
3363 3869 3470 3924 τῶν
3521 3869 3755 3938 καιρίων
3789 3883 3941 3919 κατα·

2372 3968 2565 4020 λίπωσι
2633 3967 2764 4036 (42),
2821 3966 2922 4019 κᾶν
2982 3964 3209 4018 ἐπιπολὺ
3250 3965 3348 4033 τῆς
3409 3961 3527 4014 ὀδοῦ
3588 3960 3937 4032 προέλθωσι,

2375 4062 2534 4114 πάλιν
2583 4063 2677 4131 τὴν
2733 4060 2900 4130 αὐτὴν
2939 4057 3364 4129 ὑποστρέφουσιν
3400 4097 3413 4119 ,
3466 4055 3622 4118 ἀξίαν
3695 4057 3796 4124 τῆς
3845 4056 3935 4125 ρᾳ-

2374 4153 2566 4222 Θυμίας
2612 4153 2763 4222 δίκην
2813 4153 2902 4204 τὸν
2966 4154 3029 4204 ὲκ
3094 4153 3192 4222 τῆς
3246 4148 3550 4220 ὁδοιπορίας
3615 4147 3789 4199 κόπον
3850 4148 3939 4198 ὐπ-

2375 4248 2616 4316 ἐχοντες,
2677 4245 2816 4298 οὓτω
2882 4246 2975 4300 καὶ
3031 4249 3196 4314 ἡμῖν,
3254 4245 3328 4306 ὼς
3388 4246 3573 4304 ἔοικε,
3628 4242 3730 4311 τὴν
3781 4241 3936 4308 αὐτὴν

2375 4338 2533 4390 πάλιν
2598 4336 2888 4406 βαδιστέον.
2950 4337 3057 4389 Καὶ
3109 4336 3217 4406 γὰρ
3285 4336 3404 4388 οὐδὲ
3465 4333 3936 4404 εὐκαταφρόνητόν

2377 4433 2488 4483 ἐστι
2548 4431 2606 4483 τὸ
2660 4430 2909 4501 παρεθὲν,
2962 4430 3094 4482 ἀλλά
3124 4431 3184 4482 τὸ
3232 4429 3411 4500 τρίτον
3442 4428 3614 4480 ἔοικεν
3641 4425 3780 4480 εἶναι
3839 4426 3933 4494 τῆς

722 4516 792 4571 tis
812 4531 937 4586 pars
959 4531 1077 4570 esse
1103 4517 1334 4570 videtur.
1366 4515 1490 4569 Tria
1521 4516 1783 4585 siquidem
1808 4525 1933 4568 sunt
1959 4514 2269 4568 animalium

2376 4522 2432 4572 ὲν
2459 4522 2570 4581 τοῖς
2602 4517 2758 4581 ζώοις
2795 4521 3039 4581 κτίσεως,
3075 4518 3231 4589 εἴπερ
3263 4519 3388 4588 τρία
3421 4518 3571 4581 ζώων
3627 4519 3748 4569 ἐστὶ
3791 4517 3932 4583 γένη.

716 4624 936 4680 genera,
968 4618 1254 4674 terrestre,
1287 4609 1521 4672 volatile,
1551 4608 1803 4677 aquatile.
1841 4606 2161 4672 Producanl,
2201 4607 2279 4658 in-

718 4703 856 4771 quit,
881 4718 1029 4772 aqua?
1063 4702 1262 4770 reptilia
1296 4703 1592 4754 animarum
1617 4701 2065 4770 viventiumjuxta
2096 4716 2276 4769 genus,

719 4805 767 4847 et
821 4794 1058 4847 volatilia
1109 4794 1337 4846 volantia
1377 4809 1528 4861 super
1579 4803 1770 4846 terram
1812 4792 1905 4846 sub
1953 4791 2278 4858 ﬁrmamento

720 4887 1005 4956 cmlijuxta
1033 4902 1211 4956 genus.
1249 4885 1354 4939 Cur
1390 4885 1552 4938 etiam
1587 4883 1886 4938 volatilibus
1907 4897 1972 4936 ex
2006 4882 2157 4950 aquis
2191 4898 2280 4937 or-

795 5002 815 5032 ³
847 5001 1017 5056 Levit.
1050 5018 1184 5065 xvu,
1221 5000 1311 5054 Η.

723 5159 749 5211 ὲ
797 5090 906 5158 (59)
957 5091 1106 5145 Coll).
1160 5089 1364 5160 primus
1417 5087 1554 5150 ζώοο
1594 5086 1652 5140 τδ
1695 5080 1834 5156 αἷμα
1877 5088 1908 5157 ἠ
1947 5087 2090 5157 ψυχὴ
2117 5083 2278 5137 αὑτοῦ

757 5175 888 5211 στιν.

757 5175 888 5211 στιν.

798 5229 905 5296 (40)
933 5228 1081 5282 Colb.
1112 5229 1372 5281 secundus
1398 5229 1444 5280 εί
1469 5228 1524 5279 δὲ
1546 5228 1697 5299 σάρξ.
1732 5225 2094 5299 S_tatimediti
2113 5225 2280 5295 νεκρά

725 5299 810 5362 τίς
858 5299 1022 5358 ἐστιν,
1059 5308 1131 5350 est
1185 5300 1380 5366 aliquid
1414 5296 1695 5350 mortuum.
1747 5296 1867 5366 Nec
1897 5298 2049 5348 aliter
2089 5297 2278 5363 legisse

727 5371 938 5422 videtur
967 5364 1293 5428 Eustathius,
1319 5370 1405 5434 qui
1447 5370 1523 5420 sic
1565 5378 1768 5420 vertat:
1814 5364 2002 5417 Merito
2032 5383 2151 5434 ergo
2198 5377 2278 5416 ta-

730 5440 848 5490 bida
901 5448 972 5490 est
1024 5438 1198 5488 anima
1234 5437 1599 5502 iumentorum.
1633 5438 1880 5489 Altamen
1932 5439 2093 5487 codex
2120 5437 2246 5488 Com

731 5507 834 5561 be'f.
885 5522 1003 5560 cum
1037 5507 1152 5559 aliis
1189 5520 1310 5561 octo
1360 5525 1486 5562 mss.
1519 5510 1674 5560 habet
1699 5506 1872 5578 γεηρὰ
1898 5522 2000 5566 τις,
2033 5517 2103 5556 est
2132 5507 2277 5569 quid-

731 5579 852 5629 dam
883 5578 1350 5641 terrenum..Quam
1384 5577 1660 5630 lectionem
1694 5577 2285 5644 paulupostconlit'mut

733 5645 956 5718 Basilius
976 5646 1204 5718 ipse,his
1228 5649 1401 5718 verbis
1427 5664 1439 5698 :
1466 5648 1557 5698 καὶ
1577 5648 1930 5718 εὑρήσεις,ὃτι
1954 5645 2024 5713 γῆ
2047 5647 2160 5697 ἐστι
2180 5646 2285 5698 τῶν

734 5717 996 5793 κτηνῶνη
1018 5715 1180 5784 ψυχή,
1210 5715 1370 5785 Atque
1408 5715 1652 5784 pecorum
1687 5718 1914 5770 animant
1944 5729 2130 5769 terram
2179 5733 2288 5769 esse

736 5798 1029 5846 computes.

2381 4611 2441 4662 τό
2493 4629 2550 4663 τε
2597 4614 2846 4681 χερσαῖον
2914 4611 3005 4662 καὶ
3048 4609 3109 4662 τὸ
3155 4610 3393 4681 πτηνὸν,
3450 4611 3540 4662 καὶ
3585 4610 3644 4660 τὸ
3705 4610 3933 4677 ἔνυδρον.

2394 4701 2772 4770 Ἐξαταγέτω,
2792 4705 2940 4773 φησὶ,
2956 4701 3024 4754 τὰ
3049 4702 3236 4756 ῦδατα
3263 4701 3478 4770 ἑρπετὰ
3501 4699 3722 4769 ψυχῶν
3747 4698 3937 4761 (morr

2383 4793 2529 4846 κατὰ
2584 4794 2774 4864 γένος,
2805 4795 2900 4850 καὶ
2930 4796 3164 4849 πετεινὰ
3193 4797 3487 4863 πετόμενα
3539 4795 3638 4846 ἐπὶ
3685 4793 3794 4861 τῆς
3834 4793 3937 4864 γῆς

2385 4886 2535 4940 κατὰ
2562 4887 2625 4939 τὸ
2655 4887 2952 4957 στερέωμα
2987 4889 3099 4958 (45)
3131 4889 3235 4942 τοῦ
3283 4887 3542 4956 οὐρανοῦ
3568 4889 3718 4941 κατὰ
3749 4886 3932 4956 γένος.

2458 5085 2566 5156 (Η)
2616 5083 2741 5152 Reg.
2773 5088 2974 5153 primus
2999 5087 3270 5139 ἀνάλυσιν.
3310 5087 3441 5154 Reg.
3475 5097 3660 5141 sextus
3683 5087 3936 5151 διάλυσιν,

2385 5154 2555 5223 φύγε,
2579 5158 2864 5226 Aliquanto
2899 5170 3018 5225 post
3058 5160 3226 5212 codex
3268 5156 3507 5212 Combef.
3544 5157 3699 5228 ἰχθῦς
3747 5159 3937 5212 Θαλάσ-

2385 5243 2501 5296 σης-

2455 5296 2561 5365 (ΔΞ)
2588 5297 2701 5350 Duo
2726 5311 2849 5350 mss.
2891 5297 3270 5350 καταλείπωσι.

2461 5369 2568 5439 (45)
2633 5368 2788 5419 Κατά
2847 5370 3146 5439 στερέωμα,
3207 5384 3486 5420 secundum
3534 5370 3936 5436 ﬁrmamentum.

2389 5436 2586 5501 Malim,
2640 5439 2810 5504 inquit
2870 5436 3239 5499 Co'ntbelisius,
3289 5455 3407 5491 cum
3464 5439 3652 5493 Ambr.
3697 5444 3778 5495 vel
3825 5459 3935 5493 cum

2393 5507 2544 5573 Vulg.
2571 5520 2624 5560 et
2648 5509 2895 5574 August.,
2925 5510 3017 5560 sub
3047 5511 3394 5575 (irritamento.
3431 5511 3683 5564 Attamen
3727 5514 3935 5578 legimus

2387 5578 2438 5631 iu
2465 5579 2649 5632 Ambr.
2683 5578 2774 5628 lih.
2800 5593 2986 5645 v,cap.
3015 5580 3063 5642 1,
3091 5583 3370 5632 secundum
3394 5579 3807 5644 ﬁrmamentum.
3837 5583 3936 5633 lmo

2387 5649 2548 5700 etiam
2583 5649 2680 5700 hoc
2712 5649 2825 5715 ipso
2863 5649 2911 5700 in
2969 5649 3104 5702 lihro
3134 5665 3252 5714 cap.
3287 5648 3371 5712 12,
3408 5652 3619 5715 legitur,
3672 5667 3816 5703 secus
3845 5651 3932 5718 ﬁr-

2388 5729 2724 5778 mamentum,
2773 5719 2821 5770 id
2863 5721 3002 5785 quod
3041 5721 3226 5787 repetit
3259 5734 3374 5784 cap.
3417 5721 3481 5772 M
3513 5720 3632 5774 libri
3679 5722 3927 5786 ejusdem.

2391 5789 2458 5838 At
2489 5801 2612 5840 vero
2640 5797 2856 5842 sanctus
2886 5791 3210 5857 Augustinus
3229 5801 3453 5857 utroque
3476 5792 3726 5858 loquendi
3750 5804 3931 5858 genere
