  <div class='ocr_page' id='page_1' title='image "/cluster/home/n/w/nwhite01/storage/ocr_20150623/29/pst.000005712274/488.png"; bbox 0 0 4092 6318; ppageno 0'>
   <div class='ocr_carea' id='block_1_1' title="bbox 203 405 314 459">
    <p class='ocr_par' dir='ltr' id='par_1_1' title="bbox 203 405 314 459">
     <span class='ocr_line' id='line_1_1' title="bbox 203 405 314 459; baseline -0.009 0"><span class='ocrx_word' id='word_1_1' title='bbox 203 405 314 459; x_wconf 70' lang='lat'><strong>16‘)</strong></span> 
     </span>
    </p>
   </div>
   <div class='ocr_carea' id='block_1_2' title="bbox 1287 408 2354 467">
    <p class='ocr_par' dir='ltr' id='par_1_2' title="bbox 1287 408 2354 467">
     <span class='ocr_line' id='line_1_2' title="bbox 1287 408 2354 467; baseline 0.002 -5"><span class='ocrx_word' id='word_1_2' title='bbox 1287 409 1572 465; x_wconf 69' lang='lat' dir='ltr'><strong>llOt‘tllLlA</strong></span> <span class='ocrx_word' id='word_1_3' title='bbox 1615 411 1726 467; x_wconf 83' lang='lat' dir='ltr'><strong>Vlll</strong></span> <span class='ocrx_word' id='word_1_4' title='bbox 1763 410 1827 464; x_wconf 74' lang='lat' dir='ltr'><strong>IN</strong></span> <span class='ocrx_word' id='word_1_5' title='bbox 1867 408 2354 466; x_wconf 71' lang='lat' dir='ltr'><strong>HEXAEMERON.</strong></span> 
     </span>
    </p>
   </div>
   <div class='ocr_carea' id='block_1_3' title="bbox 3297 412 3398 467">
    <p class='ocr_par' dir='ltr' id='par_1_3' title="bbox 3297 412 3398 467">
     <span class='ocr_line' id='line_1_3' title="bbox 3297 412 3398 467; baseline 0.01 -1"><span class='ocrx_word' id='word_1_6' title='bbox 3297 412 3398 467; x_wconf 71' lang='grc'><strong>170</strong></span> 
     </span>
    </p>
   </div>
   <div class='ocr_carea' id='block_1_4' title="bbox 193 518 1733 595">
    <p class='ocr_par' dir='ltr' id='par_1_4' title="bbox 193 518 1733 595">
     <span class='ocr_line' id='line_1_4' title="bbox 193 518 1733 595; baseline 0.004 -24"><span class='ocrx_word' id='word_1_7' title='bbox 193 519 303 571; x_wconf 86' lang='grc' dir='ltr'>Διά</span> <span class='ocrx_word' id='word_1_8' title='bbox 329 520 380 571; x_wconf 85' lang='grc' dir='ltr'><strong>τί</strong></span> <span class='ocrx_word' id='word_1_9' title='bbox 427 518 485 583; x_wconf 80' lang='grc' dir='ltr'><strong>ἐξ</strong></span> <span class='ocrx_word' id='word_1_10' title='bbox 517 519 718 572; x_wconf 81' lang='grc' dir='ltr'><strong>ὑδάτων</strong></span> <span class='ocrx_word' id='word_1_11' title='bbox 753 521 843 572; x_wconf 76' lang='grc' dir='ltr'><strong>καὶ</strong></span> <span class='ocrx_word' id='word_1_12' title='bbox 879 522 989 583; x_wconf 85' lang='grc' dir='ltr'>τοῖς</span> <span class='ocrx_word' id='word_1_13' title='bbox 1018 525 1236 592; x_wconf 80' lang='grc' dir='ltr'><strong>πτηνοῖς</strong></span> <span class='ocrx_word' id='word_1_14' title='bbox 1261 525 1356 595; x_wconf 76' lang='grc' dir='ltr'><strong>τὴν</strong></span> <span class='ocrx_word' id='word_1_15' title='bbox 1378 527 1586 594; x_wconf 87' lang='grc' dir='ltr'>γένεσιν</span> <span class='ocrx_word' id='word_1_16' title='bbox 1622 525 1733 577; x_wconf 68' lang='grc' dir='ltr'><strong>ἔδω⁴</strong></span> 
     </span>
    </p>
   </div>
   <div class='ocr_carea' id='block_1_5' title="bbox 1835 518 3399 595">
    <p class='ocr_par' dir='ltr' id='par_1_5' title="bbox 1852 525 3399 593">
     <span class='ocr_line' id='line_1_5' title="bbox 1852 525 3399 593; baseline 0.001 -12"><span class='ocrx_word' id='word_1_17' title='bbox 1852 537 1960 581; x_wconf 90' lang='lat' dir='ltr'><strong>tum</strong></span> <span class='ocrx_word' id='word_1_18' title='bbox 2007 527 2204 581; x_wconf 81' lang='lat' dir='ltr'><strong>dedit?</strong></span> <span class='ocrx_word' id='word_1_19' title='bbox 2246 527 2378 592; x_wconf 85' lang='lat' dir='ltr'><strong>Quia</strong></span> <span class='ocrx_word' id='word_1_20' title='bbox 2430 525 2660 580; x_wconf 76' lang='lat' dir='ltr'><strong>volatilia</strong></span> <span class='ocrx_word' id='word_1_21' title='bbox 2707 526 2844 579; x_wconf 91' lang='lat' dir='ltr'><strong>inter</strong></span> <span class='ocrx_word' id='word_1_22' title='bbox 2888 535 2940 579; x_wconf 86' lang='lat' dir='ltr'><strong>et</strong></span> <span class='ocrx_word' id='word_1_23' title='bbox 2979 527 3214 579; x_wconf 86' lang='lat' dir='ltr'><strong>natattlia</strong></span> <span class='ocrx_word' id='word_1_24' title='bbox 3255 543 3399 593; x_wconf 66' lang='lat' dir='ltr'><strong>quae-</strong></span> 
     </span>
    </p>
   </div>
   <div class='ocr_carea' id='block_1_6' title="bbox 195 612 1743 685">
    <p class='ocr_par' dir='ltr' id='par_1_6' title="bbox 195 612 1743 685">
     <span class='ocr_line' id='line_1_6' title="bbox 195 612 1743 685; baseline 0.005 -22"><span class='ocrx_word' id='word_1_25' title='bbox 195 626 332 674; x_wconf 73' lang='lat' dir='ltr'><strong>xev;</strong></span> <span class='ocrx_word' id='word_1_26' title='bbox 365 612 483 662; x_wconf 78' lang='grc' dir='ltr'>Ὅτι</span> <span class='ocrx_word' id='word_1_27' title='bbox 518 612 700 682; x_wconf 84' lang='grc' dir='ltr'>ὥσπερ</span> <span class='ocrx_word' id='word_1_28' title='bbox 735 612 1017 678; x_wconf 79' lang='grc' dir='ltr'>συγγένειά</span> <span class='ocrx_word' id='word_1_29' title='bbox 1049 613 1129 676; x_wconf 89' lang='grc' dir='ltr'><strong>τίς</strong></span> <span class='ocrx_word' id='word_1_30' title='bbox 1160 617 1270 667; x_wconf 81' lang='grc' dir='ltr'>ἐστι</span> <span class='ocrx_word' id='word_1_31' title='bbox 1296 620 1407 680; x_wconf 84' lang='grc' dir='ltr'>τοῖς</span> <span class='ocrx_word' id='word_1_32' title='bbox 1436 617 1743 685; x_wconf 82' lang='grc' dir='ltr'><strong>πετομένοις</strong></span> 
     </span>
    </p>
   </div>
   <div class='ocr_carea' id='block_1_7' title="bbox 193 702 1744 779">
    <p class='ocr_par' dir='ltr' id='par_1_7' title="bbox 193 702 1744 779">
     <span class='ocr_line' id='line_1_7' title="bbox 193 702 1744 779; baseline 0.005 -26"><span class='ocrx_word' id='word_1_33' title='bbox 193 703 340 772; x_wconf 82' lang='grc' dir='ltr'>πρὸς</span> <span class='ocrx_word' id='word_1_34' title='bbox 368 702 433 754; x_wconf 85' lang='grc' dir='ltr'>τὰ</span> <span class='ocrx_word' id='word_1_35' title='bbox 487 704 676 773; x_wconf 77' lang='grc' dir='ltr'>νηκτὰ.</span> <span class='ocrx_word' id='word_1_36' title='bbox 713 704 819 757; x_wconf 76' lang='grc' dir='ltr'><strong>Καὶ</strong></span> <span class='ocrx_word' id='word_1_37' title='bbox 852 703 958 773; x_wconf 84' lang='grc' dir='ltr'><strong>γὰρ</strong></span> <span class='ocrx_word' id='word_1_38' title='bbox 1011 706 1194 778; x_wconf 83' lang='grc' dir='ltr'>ὥσπερ</span> <span class='ocrx_word' id='word_1_39' title='bbox 1237 710 1285 760; x_wconf 89' lang='grc' dir='ltr'>οἱ</span> <span class='ocrx_word' id='word_1_40' title='bbox 1342 707 1486 778; x_wconf 77' lang='grc' dir='ltr'>ἰχθῦς</span> <span class='ocrx_word' id='word_1_41' title='bbox 1519 709 1578 760; x_wconf 88' lang='grc' dir='ltr'><strong>τὸ</strong></span> <span class='ocrx_word' id='word_1_42' title='bbox 1605 708 1744 779; x_wconf 77' lang='grc' dir='ltr'>ὕδωρ</span> 
     </span>
    </p>
   </div>
   <div class='ocr_carea' id='block_1_8' title="bbox 190 794 1743 870">
    <p class='ocr_par' dir='ltr' id='par_1_8' title="bbox 190 794 1743 870">
     <span class='ocr_line' id='line_1_8' title="bbox 190 794 1743 870; baseline 0.006 -26"><span class='ocrx_word' id='word_1_43' title='bbox 190 794 471 862; x_wconf 82' lang='grc' dir='ltr'>τέμνουσι,</span> <span class='ocrx_word' id='word_1_44' title='bbox 503 798 567 864; x_wconf 77' lang='grc' dir='ltr'>τῇ</span> <span class='ocrx_word' id='word_1_45' title='bbox 608 794 704 863; x_wconf 87' lang='grc' dir='ltr'><strong>μὲν</strong></span> <span class='ocrx_word' id='word_1_46' title='bbox 747 797 956 866; x_wconf 79' lang='grc' dir='ltr'><strong>κινήσει</strong></span> <span class='ocrx_word' id='word_1_47' title='bbox 998 799 1105 850; x_wconf 91' lang='grc' dir='ltr'><strong>τῶν</strong></span> <span class='ocrx_word' id='word_1_48' title='bbox 1136 801 1416 870; x_wconf 77' lang='grc' dir='ltr'><strong>πτερύγων</strong></span> <span class='ocrx_word' id='word_1_49' title='bbox 1445 800 1552 870; x_wconf 73' lang='grc'><strong>(44)</strong></span> <span class='ocrx_word' id='word_1_50' title='bbox 1579 803 1656 864; x_wconf 85' lang='grc' dir='ltr'>εἰς</span> <span class='ocrx_word' id='word_1_51' title='bbox 1686 801 1743 853; x_wconf 82' lang='grc' dir='ltr'><strong>τὸ</strong></span> 
     </span>
    </p>
   </div>
   <div class='ocr_carea' id='block_1_9' title="bbox 193 885 1743 962">
    <p class='ocr_par' dir='ltr' id='par_1_9' title="bbox 193 885 1743 962">
     <span class='ocr_line' id='line_1_9' title="bbox 193 885 1743 962; baseline 0.008 -28"><span class='ocrx_word' id='word_1_52' title='bbox 193 885 386 954; x_wconf 52' lang='lat' dir='ltr'><strong>tedam</strong></span> <span class='ocrx_word' id='word_1_53' title='bbox 413 887 729 956; x_wconf 77' lang='grc' dir='ltr'><strong>χωροῦντες,</strong></span> <span class='ocrx_word' id='word_1_54' title='bbox 759 891 823 959; x_wconf 76' lang='grc' dir='ltr'>τῇ</span> <span class='ocrx_word' id='word_1_55' title='bbox 854 888 910 941; x_wconf 82' lang='grc' dir='ltr'><strong>δὲ</strong></span> <span class='ocrx_word' id='word_1_56' title='bbox 963 891 1054 943; x_wconf 81' lang='grc' dir='ltr'>τοῦ</span> <span class='ocrx_word' id='word_1_57' title='bbox 1085 892 1298 962; x_wconf 81' lang='grc' dir='ltr'>οὐραίου</span> <span class='ocrx_word' id='word_1_58' title='bbox 1335 892 1600 962; x_wconf 76' lang='grc' dir='ltr'>μεταϐολῇ</span> <span class='ocrx_word' id='word_1_59' title='bbox 1646 894 1743 958; x_wconf 84' lang='grc' dir='ltr'>τάς</span> 
     </span>
    </p>
   </div>
   <div class='ocr_carea' id='block_1_10' title="bbox 188 979 1743 1053">
    <p class='ocr_par' dir='ltr' id='par_1_10' title="bbox 188 979 1743 1053">
     <span class='ocr_line' id='line_1_10' title="bbox 188 979 1743 1053; baseline 0.006 -26"><span class='ocrx_word' id='word_1_60' title='bbox 188 993 252 1028; x_wconf 84' lang='grc' dir='ltr'><strong>τε</strong></span> <span class='ocrx_word' id='word_1_61' title='bbox 283 979 642 1049; x_wconf 79' lang='grc' dir='ltr'>περιστροφάς</span> <span class='ocrx_word' id='word_1_62' title='bbox 666 982 760 1033; x_wconf 73' lang='grc' dir='ltr'><strong>καὶ</strong></span> <span class='ocrx_word' id='word_1_63' title='bbox 791 981 887 1045; x_wconf 81' lang='grc' dir='ltr'>τὰς</span> <span class='ocrx_word' id='word_1_64' title='bbox 923 983 1129 1045; x_wconf 83' lang='grc' dir='ltr'>εὐθείας</span> <span class='ocrx_word' id='word_1_65' title='bbox 1150 984 1320 1053; x_wconf 83' lang='grc' dir='ltr'>ὀρμάς</span> <span class='ocrx_word' id='word_1_66' title='bbox 1343 987 1549 1047; x_wconf 76' lang='grc' dir='ltr'>ἑαυτοῖς</span> <span class='ocrx_word' id='word_1_67' title='bbox 1572 985 1743 1037; x_wconf 77' lang='grc' dir='ltr'>οἰακί-</span> 
     </span>
    </p>
   </div>
   <div class='ocr_carea' id='block_1_11' title="bbox 188 1065 1744 1145">
    <p class='ocr_par' dir='ltr' id='par_1_11' title="bbox 188 1065 1744 1145">
     <span class='ocr_line' id='line_1_11' title="bbox 188 1065 1744 1145; baseline 0.006 -28"><span class='ocrx_word' id='word_1_68' title='bbox 188 1065 380 1129; x_wconf 82' lang='grc' dir='ltr'>ζοντες</span> <span class='ocrx_word' id='word_1_69' title='bbox 402 1084 414 1097; x_wconf 92' lang='grc'><strong>·</strong></span> <span class='ocrx_word' id='word_1_70' title='bbox 450 1067 588 1121; x_wconf 72' lang='grc' dir='ltr'>οὕτω</span> <span class='ocrx_word' id='word_1_71' title='bbox 614 1071 707 1123; x_wconf 65' lang='grc' dir='ltr'>καὶ</span> <span class='ocrx_word' id='word_1_72' title='bbox 736 1073 826 1124; x_wconf 77' lang='grc' dir='ltr'><strong>ἐπὶ</strong></span> <span class='ocrx_word' id='word_1_73' title='bbox 855 1073 960 1124; x_wconf 91' lang='grc' dir='ltr'><strong>τῶν</strong></span> <span class='ocrx_word' id='word_1_74' title='bbox 994 1072 1205 1142; x_wconf 81' lang='grc' dir='ltr'>πτηνῶν</span> <span class='ocrx_word' id='word_1_75' title='bbox 1228 1074 1371 1126; x_wconf 75' lang='grc' dir='ltr'>ἐστιν</span> <span class='ocrx_word' id='word_1_76' title='bbox 1401 1075 1545 1136; x_wconf 77' lang='grc' dir='ltr'>ἰδεῖν,</span> <span class='ocrx_word' id='word_1_77' title='bbox 1570 1074 1744 1145; x_wconf 85' lang='grc' dir='ltr'>διανη-</span> 
     </span>
    </p>
   </div>
   <div class='ocr_carea' id='block_1_12' title="bbox 186 1159 1740 1238">
    <p class='ocr_par' dir='ltr' id='par_1_12' title="bbox 186 1159 1740 1238">
     <span class='ocr_line' id='line_1_12' title="bbox 186 1159 1740 1238; baseline 0.008 -29"><span class='ocrx_word' id='word_1_78' title='bbox 186 1159 435 1228; x_wconf 85' lang='grc' dir='ltr'>χομένων</span> <span class='ocrx_word' id='word_1_79' title='bbox 461 1161 550 1213; x_wconf 80' lang='grc' dir='ltr'><strong>τὸν</strong></span> <span class='ocrx_word' id='word_1_80' title='bbox 583 1163 719 1233; x_wconf 90' lang='grc' dir='ltr'>ἀέρα</span> <span class='ocrx_word' id='word_1_81' title='bbox 743 1167 851 1226; x_wconf 84' lang='grc' dir='ltr'>τοῖς</span> <span class='ocrx_word' id='word_1_82' title='bbox 883 1166 1097 1234; x_wconf 83' lang='grc' dir='ltr'>πτεροῖς</span> <span class='ocrx_word' id='word_1_83' title='bbox 1137 1165 1274 1218; x_wconf 86' lang='grc' dir='ltr'><strong>κατά</strong></span> <span class='ocrx_word' id='word_1_84' title='bbox 1302 1167 1389 1218; x_wconf 81' lang='grc' dir='ltr'><strong>τὸν</strong></span> <span class='ocrx_word' id='word_1_85' title='bbox 1410 1168 1590 1237; x_wconf 82' lang='grc' dir='ltr'>ὅμοιον</span> <span class='ocrx_word' id='word_1_86' title='bbox 1618 1169 1740 1238; x_wconf 85' lang='grc' dir='ltr'>τρό-</span> 
     </span>
    </p>
   </div>
   <div class='ocr_carea' id='block_1_13' title="bbox 186 1252 1740 1329">
    <p class='ocr_par' dir='ltr' id='par_1_13' title="bbox 186 1252 1740 1329">
     <span class='ocr_line' id='line_1_13' title="bbox 186 1252 1740 1329; baseline 0.006 -26"><span class='ocrx_word' id='word_1_87' title='bbox 186 1269 316 1304; x_wconf 79' lang='grc' dir='ltr'>πον.</span> <span class='ocrx_word' id='word_1_88' title='bbox 353 1252 532 1318; x_wconf 85' lang='grc' dir='ltr'>Ὥστε,</span> <span class='ocrx_word' id='word_1_89' title='bbox 583 1255 765 1324; x_wconf 78' lang='grc' dir='ltr'>ἐπειδὴ</span> <span class='ocrx_word' id='word_1_90' title='bbox 805 1255 861 1307; x_wconf 88' lang='grc' dir='ltr'>ἒν</span> <span class='ocrx_word' id='word_1_91' title='bbox 897 1255 1087 1324; x_wconf 74' lang='grc' dir='ltr'>ἰδίωμα</span> <span class='ocrx_word' id='word_1_92' title='bbox 1111 1257 1166 1307; x_wconf 78' lang='grc' dir='ltr'>ὲν</span> <span class='ocrx_word' id='word_1_93' title='bbox 1196 1258 1470 1327; x_wconf 78' lang='grc' dir='ltr'>ἑκατέροις</span> <span class='ocrx_word' id='word_1_94' title='bbox 1496 1260 1553 1311; x_wconf 87' lang='grc' dir='ltr'><strong>τὸ</strong></span> <span class='ocrx_word' id='word_1_95' title='bbox 1586 1261 1740 1329; x_wconf 84' lang='grc' dir='ltr'>νήχε-</span> 
     </span>
    </p>
   </div>
   <div class='ocr_carea' id='block_1_14' title="bbox 187 1342 1739 1418">
    <p class='ocr_par' dir='ltr' id='par_1_14' title="bbox 187 1342 1739 1418">
     <span class='ocr_line' id='line_1_14' title="bbox 187 1342 1739 1418; baseline 0.005 -23"><span class='ocrx_word' id='word_1_96' title='bbox 187 1342 340 1408; x_wconf 87' lang='grc' dir='ltr'>σθαι,</span> <span class='ocrx_word' id='word_1_97' title='bbox 373 1345 467 1413; x_wconf 87' lang='grc' dir='ltr'><strong>μία</strong></span> <span class='ocrx_word' id='word_1_98' title='bbox 495 1363 574 1408; x_wconf 91' lang='grc' dir='ltr'><strong>τις</strong></span> <span class='ocrx_word' id='word_1_99' title='bbox 601 1346 781 1408; x_wconf 86' lang='grc' dir='ltr'>αὑτοῖς</span> <span class='ocrx_word' id='word_1_100' title='bbox 813 1348 844 1416; x_wconf 82' lang='grc' dir='ltr'>ἡ</span> <span class='ocrx_word' id='word_1_101' title='bbox 871 1346 1150 1414; x_wconf 86' lang='grc' dir='ltr'>συγγένεια</span> <span class='ocrx_word' id='word_1_102' title='bbox 1181 1349 1244 1400; x_wconf 84' lang='grc' dir='ltr'>ὲκ</span> <span class='ocrx_word' id='word_1_103' title='bbox 1275 1349 1370 1418; x_wconf 87' lang='grc' dir='ltr'><strong>τῆς</strong></span> <span class='ocrx_word' id='word_1_104' title='bbox 1394 1349 1499 1401; x_wconf 87' lang='grc' dir='ltr'><strong>τῶν</strong></span> <span class='ocrx_word' id='word_1_105' title='bbox 1537 1349 1739 1402; x_wconf 78' lang='grc' dir='ltr'>ὑδάτων</span> 
     </span>
    </p>
   </div>
   <div class='ocr_carea' id='block_1_15' title="bbox 183 1436 1741 1510">
    <p class='ocr_par' dir='ltr' id='par_1_15' title="bbox 183 1436 1741 1510">
     <span class='ocr_line' id='line_1_15' title="bbox 183 1436 1741 1510; baseline 0.005 -24"><span class='ocrx_word' id='word_1_106' title='bbox 183 1436 456 1502; x_wconf 88' lang='grc' dir='ltr'>γενέσεως</span> <span class='ocrx_word' id='word_1_107' title='bbox 482 1437 805 1507; x_wconf 84' lang='grc' dir='ltr'>παρεσχέθη.</span> <span class='ocrx_word' id='word_1_108' title='bbox 860 1437 1003 1509; x_wconf 89' lang='grc' dir='ltr'>Πλήν</span> <span class='ocrx_word' id='word_1_109' title='bbox 1037 1455 1098 1506; x_wconf 93' lang='grc' dir='ltr'><strong>γε</strong></span> <span class='ocrx_word' id='word_1_110' title='bbox 1139 1441 1218 1492; x_wconf 81' lang='grc' dir='ltr'>ὅτι</span> <span class='ocrx_word' id='word_1_111' title='bbox 1251 1441 1397 1492; x_wconf 79' lang='grc' dir='ltr'>οὐδὲν</span> <span class='ocrx_word' id='word_1_112' title='bbox 1446 1440 1552 1492; x_wconf 87' lang='grc' dir='ltr'><strong>τῶν</strong></span> <span class='ocrx_word' id='word_1_113' title='bbox 1606 1459 1741 1510; x_wconf 90' lang='grc' dir='ltr'>πτη-</span> 
     </span>
    </p>
   </div>
   <div class='ocr_carea' id='block_1_16' title="bbox 183 1526 1738 1605">
    <p class='ocr_par' dir='ltr' id='par_1_16' title="bbox 183 1526 1738 1605">
     <span class='ocr_line' id='line_1_16' title="bbox 183 1526 1738 1605; baseline 0.006 -28"><span class='ocrx_word' id='word_1_114' title='bbox 183 1526 300 1579; x_wconf 86' lang='grc' dir='ltr'>νῶν</span> <span class='ocrx_word' id='word_1_115' title='bbox 329 1529 515 1593; x_wconf 76' lang='grc' dir='ltr'>ἄπουν,</span> <span class='ocrx_word' id='word_1_116' title='bbox 560 1528 646 1580; x_wconf 77' lang='grc' dir='ltr'>διὰ</span> <span class='ocrx_word' id='word_1_117' title='bbox 689 1530 750 1581; x_wconf 85' lang='grc' dir='ltr'><strong>τὸ</strong></span> <span class='ocrx_word' id='word_1_118' title='bbox 783 1531 917 1582; x_wconf 79' lang='grc' dir='ltr'>πᾶσι</span> <span class='ocrx_word' id='word_1_119' title='bbox 967 1531 1062 1601; x_wconf 82' lang='grc' dir='ltr'><strong>τὴν</strong></span> <span class='ocrx_word' id='word_1_120' title='bbox 1095 1532 1298 1584; x_wconf 86' lang='grc' dir='ltr'>δίαιταν</span> <span class='ocrx_word' id='word_1_121' title='bbox 1342 1532 1447 1584; x_wconf 78' lang='grc' dir='ltr'><strong>ἀπὸ</strong></span> <span class='ocrx_word' id='word_1_122' title='bbox 1492 1533 1592 1602; x_wconf 78' lang='grc' dir='ltr'><strong>τῆς</strong></span> <span class='ocrx_word' id='word_1_123' title='bbox 1637 1536 1738 1605; x_wconf 81' lang='grc' dir='ltr'>γῆς</span> 
     </span>
    </p>
   </div>
   <div class='ocr_carea' id='block_1_17' title="bbox 187 1619 1738 1692">
    <p class='ocr_par' dir='ltr' id='par_1_17' title="bbox 187 1619 1738 1692">
     <span class='ocr_line' id='line_1_17' title="bbox 187 1619 1738 1692; baseline 0.005 -23"><span class='ocrx_word' id='word_1_124' title='bbox 187 1619 477 1689; x_wconf 88' lang='grc' dir='ltr'>ὑπάρχειν,</span> <span class='ocrx_word' id='word_1_125' title='bbox 542 1621 634 1673; x_wconf 72' lang='grc' dir='ltr'><strong>καὶ</strong></span> <span class='ocrx_word' id='word_1_126' title='bbox 677 1621 850 1673; x_wconf 81' lang='grc' dir='ltr'>πάντα</span> <span class='ocrx_word' id='word_1_127' title='bbox 891 1623 1198 1690; x_wconf 83' lang='grc' dir='ltr'>ἀναγκαίως</span> <span class='ocrx_word' id='word_1_128' title='bbox 1248 1622 1346 1692; x_wconf 77' lang='grc' dir='ltr'>τῆς</span> <span class='ocrx_word' id='word_1_129' title='bbox 1395 1622 1500 1676; x_wconf 87' lang='grc' dir='ltr'><strong>τῶν</strong></span> <span class='ocrx_word' id='word_1_130' title='bbox 1566 1624 1738 1676; x_wconf 84' lang='grc' dir='ltr'>ποδῶν</span> 
     </span>
    </p>
   </div>
   <div class='ocr_carea' id='block_1_18' title="bbox 182 1711 1738 1786">
    <p class='ocr_par' dir='ltr' id='par_1_18' title="bbox 182 1711 1738 1786">
     <span class='ocr_line' id='line_1_18' title="bbox 182 1711 1738 1786; baseline 0.003 -23"><span class='ocrx_word' id='word_1_131' title='bbox 182 1711 488 1781; x_wconf 78' lang='grc' dir='ltr'>ὑπουργίας</span> <span class='ocrx_word' id='word_1_132' title='bbox 522 1713 882 1782; x_wconf 87' lang='grc' dir='ltr'>προσδεῖσθαι.</span> <span class='ocrx_word' id='word_1_133' title='bbox 940 1716 1062 1777; x_wconf 86' lang='grc' dir='ltr'>Τοῖς</span> <span class='ocrx_word' id='word_1_134' title='bbox 1113 1715 1206 1784; x_wconf 85' lang='grc' dir='ltr'>μὲν</span> <span class='ocrx_word' id='word_1_135' title='bbox 1253 1714 1359 1784; x_wconf 83' lang='grc' dir='ltr'>γὰρ</span> <span class='ocrx_word' id='word_1_136' title='bbox 1388 1717 1738 1786; x_wconf 86' lang='grc' dir='ltr'>ἀρπακτικοῖς</span> 
     </span>
    </p>
   </div>
   <div class='ocr_carea' id='block_1_19' title="bbox 185 1798 1738 1872">
    <p class='ocr_par' dir='ltr' id='par_1_19' title="bbox 185 1798 1738 1872">
     <span class='ocr_line' id='line_1_19' title="bbox 185 1798 1738 1872; baseline 0.005 -24"><span class='ocrx_word' id='word_1_137' title='bbox 185 1799 329 1866; x_wconf 78' lang='grc' dir='ltr'>πρὸς</span> <span class='ocrx_word' id='word_1_138' title='bbox 351 1798 446 1868; x_wconf 81' lang='grc' dir='ltr'><strong>τήν</strong></span> <span class='ocrx_word' id='word_1_139' title='bbox 468 1800 640 1871; x_wconf 80' lang='grc' dir='ltr'>ἄγραν</span> <span class='ocrx_word' id='word_1_140' title='bbox 681 1803 736 1854; x_wconf 79' lang='grc' dir='ltr'>αἱ</span> <span class='ocrx_word' id='word_1_141' title='bbox 782 1802 888 1855; x_wconf 88' lang='grc' dir='ltr'><strong>τῶν</strong></span> <span class='ocrx_word' id='word_1_142' title='bbox 921 1803 1121 1871; x_wconf 83' lang='grc' dir='ltr'>ὀνύχων</span> <span class='ocrx_word' id='word_1_143' title='bbox 1144 1803 1348 1872; x_wconf 74' lang='grc' dir='ltr'>ἀκμαίο</span> <span class='ocrx_word' id='word_1_144' title='bbox 1386 1807 1496 1865; x_wconf 89' lang='grc' dir='ltr'>τοῖς</span> <span class='ocrx_word' id='word_1_145' title='bbox 1537 1803 1593 1855; x_wconf 80' lang='grc' dir='ltr'>δὲ</span> <span class='ocrx_word' id='word_1_146' title='bbox 1631 1803 1738 1856; x_wconf 89' lang='grc' dir='ltr'>λοι·</span> 
     </span>
    </p>
   </div>
   <div class='ocr_carea' id='block_1_20' title="bbox 1850 617 3398 686">
    <p class='ocr_par' dir='ltr' id='par_1_20' title="bbox 1850 617 3398 686">
     <span class='ocr_line' id='line_1_20' title="bbox 1850 617 3398 686; baseline 0 -13"><span class='ocrx_word' id='word_1_147' title='bbox 1850 620 1967 673; x_wconf 89' lang='lat' dir='ltr'><strong>dam</strong></span> <span class='ocrx_word' id='word_1_148' title='bbox 1997 631 2080 673; x_wconf 90' lang='lat' dir='ltr'><strong>est</strong></span> <span class='ocrx_word' id='word_1_149' title='bbox 2111 619 2267 673; x_wconf 88' lang='lat' dir='ltr'><strong>veluti</strong></span> <span class='ocrx_word' id='word_1_150' title='bbox 2287 620 2553 685; x_wconf 78' lang='lat' dir='ltr'><strong>cognatio.</strong></span> <span class='ocrx_word' id='word_1_151' title='bbox 2576 617 3022 686; x_wconf 81' lang='lat' dir='ltr'><strong>Quemadmodum</strong></span> <span class='ocrx_word' id='word_1_152' title='bbox 3055 619 3192 671; x_wconf 90' lang='lat' dir='ltr'><strong>enim</strong></span> <span class='ocrx_word' id='word_1_153' title='bbox 3225 619 3398 686; x_wconf 84' lang='lat' dir='ltr'><strong>pisces</strong></span> 
     </span>
    </p>
   </div>
   <div class='ocr_carea' id='block_1_21' title="bbox 1849 708 3396 779">
    <p class='ocr_par' dir='ltr' id='par_1_21' title="bbox 1849 708 3396 779">
     <span class='ocr_line' id='line_1_21' title="bbox 1849 708 3396 779; baseline -0.001 -15"><span class='ocrx_word' id='word_1_154' title='bbox 1849 725 2035 778; x_wconf 88' lang='lat' dir='ltr'><strong>aquam</strong></span> <span class='ocrx_word' id='word_1_155' title='bbox 2068 710 2344 774; x_wconf 89' lang='lat' dir='ltr'><strong>secant,ad</strong></span> <span class='ocrx_word' id='word_1_156' title='bbox 2375 709 2626 762; x_wconf 88' lang='lat' dir='ltr'><strong>ulteriora</strong></span> <span class='ocrx_word' id='word_1_157' title='bbox 2675 721 2817 762; x_wconf 90' lang='lat' dir='ltr'><strong>motu</strong></span> <span class='ocrx_word' id='word_1_158' title='bbox 2863 708 3139 778; x_wconf 86' lang='lat' dir='ltr'><strong>pinnarum</strong></span> <span class='ocrx_word' id='word_1_159' title='bbox 3175 724 3396 779; x_wconf 81' lang='lat' dir='ltr'><strong>progre-</strong></span> 
     </span>
    </p>
   </div>
   <div class='ocr_carea' id='block_1_22' title="bbox 1848 798 3393 866">
    <p class='ocr_par' dir='ltr' id='par_1_22' title="bbox 1848 798 3393 866">
     <span class='ocr_line' id='line_1_22' title="bbox 1848 798 3393 866; baseline -0.003 -12"><span class='ocrx_word' id='word_1_160' title='bbox 1848 801 2072 866; x_wconf 77' lang='lat' dir='ltr'><strong>dientes,</strong></span> <span class='ocrx_word' id='word_1_161' title='bbox 2098 810 2151 853; x_wconf 90' lang='lat' dir='ltr'><strong>et</strong></span> <span class='ocrx_word' id='word_1_162' title='bbox 2190 801 2366 853; x_wconf 72' lang='lat' dir='ltr'><strong>caudae</strong></span> <span class='ocrx_word' id='word_1_163' title='bbox 2414 800 2702 852; x_wconf 76' lang='lat' dir='ltr'><strong>mulatione</strong></span> <span class='ocrx_word' id='word_1_164' title='bbox 2753 809 2862 851; x_wconf 88' lang='lat' dir='ltr'><strong>tttm</strong></span> <span class='ocrx_word' id='word_1_165' title='bbox 2898 798 3233 852; x_wconf 90' lang='lat' dir='ltr'><strong>circuitiones</strong></span> <span class='ocrx_word' id='word_1_166' title='bbox 3287 809 3393 851; x_wconf 90' lang='lat' dir='ltr'><strong>tum</strong></span> 
     </span>
    </p>
   </div>
   <div class='ocr_carea' id='block_1_23' title="bbox 1849 887 3394 956">
    <p class='ocr_par' dir='ltr' id='par_1_23' title="bbox 1849 887 3394 956">
     <span class='ocr_line' id='line_1_23' title="bbox 1849 887 3394 956; baseline -0.005 -12"><span class='ocrx_word' id='word_1_167' title='bbox 1849 901 2020 944; x_wconf 85' lang='lat' dir='ltr'><strong>rectos</strong></span> <span class='ocrx_word' id='word_1_168' title='bbox 2058 898 2229 943; x_wconf 90' lang='lat' dir='ltr'><strong>motus</strong></span> <span class='ocrx_word' id='word_1_169' title='bbox 2271 889 2367 941; x_wconf 85' lang='lat' dir='ltr'><strong>sibi</strong></span> <span class='ocrx_word' id='word_1_170' title='bbox 2407 888 2536 956; x_wconf 84' lang='lat' dir='ltr'><strong>ipsis</strong></span> <span class='ocrx_word' id='word_1_171' title='bbox 2564 889 2887 955; x_wconf 77' lang='lat' dir='ltr'><strong>dirigentes:</strong></span> <span class='ocrx_word' id='word_1_172' title='bbox 2923 891 2998 941; x_wconf 90' lang='lat' dir='ltr'><strong>sic</strong></span> <span class='ocrx_word' id='word_1_173' title='bbox 3023 897 3075 941; x_wconf 92' lang='lat' dir='ltr'><strong>et</strong></span> <span class='ocrx_word' id='word_1_174' title='bbox 3118 887 3167 940; x_wconf 93' lang='lat' dir='ltr'><strong>in</strong></span> <span class='ocrx_word' id='word_1_175' title='bbox 3203 887 3394 939; x_wconf 79' lang='lat' dir='ltr'><strong>volati-</strong></span> 
     </span>
    </p>
   </div>
   <div class='ocr_carea' id='block_1_24' title="bbox 1847 977 3393 1048">
    <p class='ocr_par' dir='ltr' id='par_1_24' title="bbox 1847 977 3393 1048">
     <span class='ocr_line' id='line_1_24' title="bbox 1847 977 3393 1048; baseline -0.005 -12"><span class='ocrx_word' id='word_1_176' title='bbox 1847 982 1983 1037; x_wconf 88' lang='lat' dir='ltr'><strong>libus</strong></span> <span class='ocrx_word' id='word_1_177' title='bbox 2014 983 2188 1035; x_wconf 89' lang='lat' dir='ltr'><strong>videre</strong></span> <span class='ocrx_word' id='word_1_178' title='bbox 2218 990 2315 1043; x_wconf 86' lang='lat' dir='ltr'><strong>est,</strong></span> <span class='ocrx_word' id='word_1_179' title='bbox 2354 978 2781 1048; x_wconf 83' lang='lat' dir='ltr'><strong>quandoquidem</strong></span> <span class='ocrx_word' id='word_1_180' title='bbox 2806 978 2904 1032; x_wconf 89' lang='lat' dir='ltr'><strong>alis</strong></span> <span class='ocrx_word' id='word_1_181' title='bbox 2925 978 3084 1032; x_wconf 87' lang='lat' dir='ltr'><strong>simili</strong></span> <span class='ocrx_word' id='word_1_182' title='bbox 3110 977 3262 1032; x_wconf 92' lang='lat' dir='ltr'><strong>modo</strong></span> <span class='ocrx_word' id='word_1_183' title='bbox 3304 992 3393 1030; x_wconf 83' lang='lat' dir='ltr'><strong>ae-</strong></span> 
     </span>
    </p>
   </div>
   <div class='ocr_carea' id='block_1_25' title="bbox 1847 1068 3394 1140">
    <p class='ocr_par' dir='ltr' id='par_1_25' title="bbox 1847 1068 3394 1140">
     <span class='ocr_line' id='line_1_25' title="bbox 1847 1068 3394 1140; baseline -0.004 -12"><span class='ocrx_word' id='word_1_184' title='bbox 1847 1088 1957 1128; x_wconf 89' lang='lat' dir='ltr'><strong>rem</strong></span> <span class='ocrx_word' id='word_1_185' title='bbox 2004 1073 2289 1140; x_wconf 85' lang='lat' dir='ltr'><strong>trajiciunt.</strong></span> <span class='ocrx_word' id='word_1_186' title='bbox 2348 1072 2525 1137; x_wconf 83' lang='lat' dir='ltr'><strong>Quare</strong></span> <span class='ocrx_word' id='word_1_187' title='bbox 2572 1086 2688 1124; x_wconf 89' lang='lat' dir='ltr'><strong>cum</strong></span> <span class='ocrx_word' id='word_1_188' title='bbox 2741 1070 2953 1123; x_wconf 88' lang='lat' dir='ltr'><strong>natandi</strong></span> <span class='ocrx_word' id='word_1_189' title='bbox 3013 1069 3308 1138; x_wconf 77' lang='lat' dir='ltr'><strong>proprietas</strong></span> <span class='ocrx_word' id='word_1_190' title='bbox 3339 1068 3394 1122; x_wconf 91' lang='lat' dir='ltr'><strong>in</strong></span> 
     </span>
    </p>
   </div>
   <div class='ocr_carea' id='block_1_26' title="bbox 1847 1157 3394 1227">
    <p class='ocr_par' dir='ltr' id='par_1_26' title="bbox 1847 1157 3394 1227">
     <span class='ocr_line' id='line_1_26' title="bbox 1847 1157 3394 1227; baseline -0.001 -15"><span class='ocrx_word' id='word_1_191' title='bbox 1847 1160 2086 1227; x_wconf 84' lang='lat' dir='ltr'><strong>utrisque</strong></span> <span class='ocrx_word' id='word_1_192' title='bbox 2136 1161 2204 1214; x_wconf 90' lang='lat' dir='ltr'><strong>sit</strong></span> <span class='ocrx_word' id='word_1_193' title='bbox 2249 1177 2373 1224; x_wconf 83' lang='lat' dir='ltr'><strong>una,</strong></span> <span class='ocrx_word' id='word_1_194' title='bbox 2423 1175 2523 1211; x_wconf 90' lang='lat' dir='ltr'><strong>una</strong></span> <span class='ocrx_word' id='word_1_195' title='bbox 2572 1161 2811 1226; x_wconf 66' lang='lat' dir='ltr'><strong>quaedam</strong></span> <span class='ocrx_word' id='word_1_196' title='bbox 2860 1159 2989 1226; x_wconf 89' lang='lat' dir='ltr'><strong>ipsis</strong></span> <span class='ocrx_word' id='word_1_197' title='bbox 3043 1157 3267 1211; x_wconf 81' lang='lat' dir='ltr'><strong>aliinilas</strong></span> <span class='ocrx_word' id='word_1_198' title='bbox 3299 1171 3394 1222; x_wconf 91' lang='lat' dir='ltr'><strong>per</strong></span> 
     </span>
    </p>
   </div>
   <div class='ocr_carea' id='block_1_27' title="bbox 1845 1247 3388 1318">
    <p class='ocr_par' dir='ltr' id='par_1_27' title="bbox 1845 1247 3388 1318">
     <span class='ocr_line' id='line_1_27' title="bbox 1845 1247 3388 1318; baseline -0.001 -16"><span class='ocrx_word' id='word_1_199' title='bbox 1845 1265 2099 1318; x_wconf 87' lang='lat' dir='ltr'><strong>aquarum</strong></span> <span class='ocrx_word' id='word_1_200' title='bbox 2133 1249 2531 1317; x_wconf 80' lang='lat' dir='ltr'><strong>generationem</strong></span> <span class='ocrx_word' id='word_1_201' title='bbox 2582 1249 2771 1302; x_wconf 90' lang='lat' dir='ltr'><strong>collata</strong></span> <span class='ocrx_word' id='word_1_202' title='bbox 2813 1257 2911 1300; x_wconf 88' lang='lat' dir='ltr'><strong>est.</strong></span> <span class='ocrx_word' id='word_1_203' title='bbox 2955 1247 3056 1301; x_wconf 87' lang='lat' dir='ltr'><strong>Sed</strong></span> <span class='ocrx_word' id='word_1_204' title='bbox 3094 1257 3270 1300; x_wconf 89' lang='lat' dir='ltr'><strong>tamen</strong></span> <span class='ocrx_word' id='word_1_205' title='bbox 3302 1261 3388 1300; x_wconf 82' lang='lat' dir='ltr'><strong>vo-</strong></span> 
     </span>
    </p>
   </div>
   <div class='ocr_carea' id='block_1_28' title="bbox 1844 1339 3397 1410">
    <p class='ocr_par' dir='ltr' id='par_1_28' title="bbox 1844 1339 3397 1410">
     <span class='ocr_line' id='line_1_28' title="bbox 1844 1339 3397 1410; baseline 0 -17"><span class='ocrx_word' id='word_1_206' title='bbox 1844 1340 1989 1395; x_wconf 90' lang='lat' dir='ltr'><strong>latile</strong></span> <span class='ocrx_word' id='word_1_207' title='bbox 2019 1342 2217 1395; x_wconf 88' lang='lat' dir='ltr'><strong>nullum</strong></span> <span class='ocrx_word' id='word_1_208' title='bbox 2253 1341 2472 1410; x_wconf 84' lang='lat' dir='ltr'><strong>pedibus</strong></span> <span class='ocrx_word' id='word_1_209' title='bbox 2497 1342 2822 1409; x_wconf 86' lang='lat' dir='ltr'><strong>caret,quod</strong></span> <span class='ocrx_word' id='word_1_210' title='bbox 2856 1340 3048 1393; x_wconf 81' lang='lat' dir='ltr'><strong>victum</strong></span> <span class='ocrx_word' id='word_1_211' title='bbox 3091 1339 3397 1407; x_wconf 82' lang='lat' dir='ltr'><strong>suppeditat</strong></span> 
     </span>
    </p>
   </div>
   <div class='ocr_carea' id='block_1_29' title="bbox 1846 1432 3395 1502">
    <p class='ocr_par' dir='ltr' id='par_1_29' title="bbox 1846 1432 3395 1502">
     <span class='ocr_line' id='line_1_29' title="bbox 1846 1432 3395 1502; baseline -0.004 -14"><span class='ocrx_word' id='word_1_212' title='bbox 1846 1445 1984 1489; x_wconf 87' lang='lat' dir='ltr'><strong>terra</strong></span> <span class='ocrx_word' id='word_1_213' title='bbox 2008 1434 2272 1497; x_wconf 89' lang='lat' dir='ltr'><strong>onmibus,</strong></span> <span class='ocrx_word' id='word_1_214' title='bbox 2307 1449 2360 1488; x_wconf 87' lang='lat' dir='ltr'><strong>et</strong></span> <span class='ocrx_word' id='word_1_215' title='bbox 2391 1435 2568 1487; x_wconf 87' lang='lat' dir='ltr'><strong>omnia</strong></span> <span class='ocrx_word' id='word_1_216' title='bbox 2605 1435 2795 1502; x_wconf 88' lang='lat' dir='ltr'><strong>pedum</strong></span> <span class='ocrx_word' id='word_1_217' title='bbox 2823 1432 3118 1484; x_wconf 90' lang='lat' dir='ltr'><strong>ministerio</strong></span> <span class='ocrx_word' id='word_1_218' title='bbox 3149 1444 3395 1483; x_wconf 89' lang='lat' dir='ltr'><strong>necessa-</strong></span> 
     </span>
    </p>
   </div>
   <div class='ocr_carea' id='block_1_30' title="bbox 1844 1519 3392 1595">
    <p class='ocr_par' dir='ltr' id='par_1_30' title="bbox 1844 1519 3392 1595">
     <span class='ocr_line' id='line_1_30' title="bbox 1844 1519 3392 1595; baseline -0.004 -15"><span class='ocrx_word' id='word_1_219' title='bbox 1844 1528 1922 1581; x_wconf 86' lang='lat' dir='ltr'><strong>rie</strong></span> <span class='ocrx_word' id='word_1_220' title='bbox 1977 1527 2230 1595; x_wconf 77' lang='lat' dir='ltr'><strong>indigent.</strong></span> <span class='ocrx_word' id='word_1_221' title='bbox 2277 1524 2575 1593; x_wconf 81' lang='lat' dir='ltr'><strong>Rapacibus</strong></span> <span class='ocrx_word' id='word_1_222' title='bbox 2599 1526 2809 1591; x_wconf 86' lang='lat' dir='ltr'><strong>quidem</strong></span> <span class='ocrx_word' id='word_1_223' title='bbox 2861 1524 3002 1576; x_wconf 86' lang='lat' dir='ltr'><strong>acies</strong></span> <span class='ocrx_word' id='word_1_224' title='bbox 3042 1521 3289 1590; x_wconf 77' lang='lat' dir='ltr'><strong>unguium</strong></span> <span class='ocrx_word' id='word_1_225' title='bbox 3325 1519 3392 1574; x_wconf 85' lang='lat' dir='ltr'><strong>ad</strong></span> 
     </span>
    </p>
   </div>
   <div class='ocr_carea' id='block_1_31' title="bbox 1842 1612 3390 1684">
    <p class='ocr_par' dir='ltr' id='par_1_31' title="bbox 1842 1612 3390 1684">
     <span class='ocr_line' id='line_1_31' title="bbox 1842 1612 3390 1684; baseline -0.005 -14"><span class='ocrx_word' id='word_1_226' title='bbox 1842 1617 2147 1684; x_wconf 85' lang='lat' dir='ltr'><strong>capiendam</strong></span> <span class='ocrx_word' id='word_1_227' title='bbox 2199 1617 2469 1684; x_wconf 75' lang='lat' dir='ltr'><strong>przedam,</strong></span> <span class='ocrx_word' id='word_1_228' title='bbox 2529 1615 2742 1682; x_wconf 83' lang='lat' dir='ltr'><strong>reliquis</strong></span> <span class='ocrx_word' id='word_1_229' title='bbox 2806 1628 2931 1668; x_wconf 90' lang='lat' dir='ltr'><strong>vero</strong></span> <span class='ocrx_word' id='word_1_230' title='bbox 2972 1612 3040 1666; x_wconf 93' lang='lat' dir='ltr'><strong>ob</strong></span> <span class='ocrx_word' id='word_1_231' title='bbox 3086 1612 3390 1664; x_wconf 84' lang='lat' dir='ltr'><strong>alimentum</strong></span> 
     </span>
    </p>
   </div>
   <div class='ocr_carea' id='block_1_32' title="bbox 1843 1702 3393 1776">
    <p class='ocr_par' dir='ltr' id='par_1_32' title="bbox 1843 1702 3393 1776">
     <span class='ocr_line' id='line_1_32' title="bbox 1843 1702 3393 1776; baseline -0.005 -13"><span class='ocrx_word' id='word_1_232' title='bbox 1843 1707 2250 1776; x_wconf 88' lang='lat' dir='ltr'><strong>comparandum</strong></span> <span class='ocrx_word' id='word_1_233' title='bbox 2299 1715 2353 1760; x_wconf 92' lang='lat' dir='ltr'><strong>et</strong></span> <span class='ocrx_word' id='word_1_234' title='bbox 2388 1707 2451 1758; x_wconf 89' lang='lat' dir='ltr'><strong>ad</strong></span> <span class='ocrx_word' id='word_1_235' title='bbox 2486 1705 2738 1774; x_wconf 90' lang='lat' dir='ltr'><strong>reliquam</strong></span> <span class='ocrx_word' id='word_1_236' title='bbox 2791 1706 2953 1756; x_wconf 88' lang='lat' dir='ltr'><strong>vitam</strong></span> <span class='ocrx_word' id='word_1_237' title='bbox 2999 1702 3393 1770; x_wconf 80' lang='lat' dir='ltr'><strong>transigendam</strong></span> 
     </span>
    </p>
   </div>
   <div class='ocr_carea' id='block_1_33' title="bbox 1843 1794 3392 1869">
    <p class='ocr_par' dir='ltr' id='par_1_33' title="bbox 1843 1794 3392 1869">
     <span class='ocr_line' id='line_1_33' title="bbox 1843 1794 3392 1869; baseline -0.005 -15"><span class='ocrx_word' id='word_1_238' title='bbox 1843 1802 2034 1869; x_wconf 90' lang='lat' dir='ltr'><strong>pedum</strong></span> <span class='ocrx_word' id='word_1_239' title='bbox 2071 1814 2197 1854; x_wconf 89' lang='lat' dir='ltr'><strong>usus</strong></span> <span class='ocrx_word' id='word_1_240' title='bbox 2232 1799 2534 1853; x_wconf 88' lang='lat' dir='ltr'><strong>necessario</strong></span> <span class='ocrx_word' id='word_1_241' title='bbox 2572 1812 2857 1852; x_wconf 86' lang='lat' dir='ltr'><strong>concessus</strong></span> <span class='ocrx_word' id='word_1_242' title='bbox 2890 1804 2988 1849; x_wconf 92' lang='lat' dir='ltr'><strong>est.</strong></span> <span class='ocrx_word' id='word_1_243' title='bbox 3025 1794 3188 1847; x_wconf 88' lang='lat' dir='ltr'><strong>Porro</strong></span> <span class='ocrx_word' id='word_1_244' title='bbox 3211 1807 3392 1862; x_wconf 75' lang='lat' dir='ltr'><strong>pauca:</strong></span> 
     </span>
    </p>
   </div>
   <div class='ocr_carea' id='block_1_34' title="bbox 181 1888 1733 1972">
    <p class='ocr_par' dir='ltr' id='par_1_34' title="bbox 181 1888 1733 1972">
     <span class='ocr_line' id='line_1_34' title="bbox 181 1888 1733 1972; baseline 0.004 -31"><span class='ocrx_word' id='word_1_245' title='bbox 181 1893 311 1953; x_wconf 82' lang='grc' dir='ltr'>ποῖς</span> <span class='ocrx_word' id='word_1_246' title='bbox 341 1891 426 1944; x_wconf 83' lang='grc' dir='ltr'><strong>διά</strong></span> <span class='ocrx_word' id='word_1_247' title='bbox 449 1909 504 1944; x_wconf 89' lang='grc' dir='ltr'><strong>τε</strong></span> <span class='ocrx_word' id='word_1_248' title='bbox 531 1893 621 1945; x_wconf 87' lang='grc' dir='ltr'><strong>τὸν</strong></span> <span class='ocrx_word' id='word_1_249' title='bbox 650 1893 910 1963; x_wconf 82' lang='grc' dir='ltr'>πορισμὸν</span> <span class='ocrx_word' id='word_1_250' title='bbox 936 1892 1033 1961; x_wconf 79' lang='grc' dir='ltr'>τῆς</span> <span class='ocrx_word' id='word_1_251' title='bbox 1058 1888 1257 1972; x_wconf 71' lang='grc' dir='ltr'>τροφῆς</span> <span class='ocrx_word' id='word_1_252' title='bbox 1293 1895 1384 1946; x_wconf 74' lang='grc' dir='ltr'><strong>καὶ</strong></span> <span class='ocrx_word' id='word_1_253' title='bbox 1409 1893 1496 1947; x_wconf 80' lang='grc' dir='ltr'>διὰ</span> <span class='ocrx_word' id='word_1_254' title='bbox 1513 1895 1609 1965; x_wconf 80' lang='grc' dir='ltr'>τὴν</span> <span class='ocrx_word' id='word_1_255' title='bbox 1636 1895 1733 1948; x_wconf 89' lang='grc' dir='ltr'>λοι-</span> 
     </span>
    </p>
   </div>
   <div class='ocr_carea' id='block_1_35' title="bbox 1835 1888 3393 1972">
    <p class='ocr_par' dir='ltr' id='par_1_35' title="bbox 1842 1888 3393 1958">
     <span class='ocr_line' id='line_1_35' title="bbox 1842 1888 3393 1958; baseline -0.006 -12"><span class='ocrx_word' id='word_1_256' title='bbox 1842 1903 1965 1946; x_wconf 90' lang='lat' dir='ltr'><strong>sunt</strong></span> <span class='ocrx_word' id='word_1_257' title='bbox 1989 1893 2251 1956; x_wconf 84' lang='lat' dir='ltr'><strong>volucres,</strong></span> <span class='ocrx_word' id='word_1_258' title='bbox 2281 1906 2398 1958; x_wconf 66' lang='lat' dir='ltr'><strong>quae</strong></span> <span class='ocrx_word' id='word_1_259' title='bbox 2443 1891 2611 1944; x_wconf 88' lang='lat' dir='ltr'><strong>malos</strong></span> <span class='ocrx_word' id='word_1_260' title='bbox 2659 1890 2891 1943; x_wconf 82' lang='lat' dir='ltr'><strong>habeant</strong></span> <span class='ocrx_word' id='word_1_261' title='bbox 2940 1888 3118 1956; x_wconf 88' lang='lat' dir='ltr'><strong>pedes,</strong></span> <span class='ocrx_word' id='word_1_262' title='bbox 3168 1896 3393 1954; x_wconf 73' lang='lat' dir='ltr'><strong>quaaque</strong></span> 
     </span>
    </p>
   </div>
   <div class='ocr_carea' id='block_1_36' title="bbox 183 1981 1733 2058">
    <p class='ocr_par' dir='ltr' id='par_1_36' title="bbox 183 1981 1733 2058">
     <span class='ocr_line' id='line_1_36' title="bbox 183 1981 1733 2058; baseline 0.005 -25"><span class='ocrx_word' id='word_1_263' title='bbox 183 1981 297 2050; x_wconf 82' lang='grc' dir='ltr'>πὴν</span> <span class='ocrx_word' id='word_1_264' title='bbox 325 1984 419 2036; x_wconf 81' lang='grc' dir='ltr'>τοῦ</span> <span class='ocrx_word' id='word_1_265' title='bbox 471 1984 583 2054; x_wconf 80' lang='grc' dir='ltr'>βίου</span> <span class='ocrx_word' id='word_1_266' title='bbox 640 1984 970 2055; x_wconf 78' lang='grc' dir='ltr'>διεξαγωγὴν</span> <span class='ocrx_word' id='word_1_267' title='bbox 1020 1987 1286 2053; x_wconf 87' lang='grc' dir='ltr'>ἀναγκαία</span> <span class='ocrx_word' id='word_1_268' title='bbox 1327 1987 1433 2039; x_wconf 93' lang='grc' dir='ltr'><strong>τῶν</strong></span> <span class='ocrx_word' id='word_1_269' title='bbox 1488 1987 1661 2040; x_wconf 88' lang='grc' dir='ltr'>ποδῶν</span> <span class='ocrx_word' id='word_1_270' title='bbox 1702 1990 1733 2058; x_wconf 84' lang='grc' dir='ltr'>ὴ</span> 
     </span>
    </p>
   </div>
   <div class='ocr_carea' id='block_1_37' title="bbox 182 2069 1737 2145">
    <p class='ocr_par' dir='ltr' id='par_1_37' title="bbox 182 2069 1737 2145">
     <span class='ocr_line' id='line_1_37' title="bbox 182 2069 1737 2145; baseline 0.006 -25"><span class='ocrx_word' id='word_1_271' title='bbox 182 2069 461 2142; x_wconf 73' lang='grc' dir='ltr'>ὑπηρεσία</span> <span class='ocrx_word' id='word_1_272' title='bbox 482 2073 796 2142; x_wconf 75' lang='grc' dir='ltr'>δεδώρηται.</span> <span class='ocrx_word' id='word_1_273' title='bbox 839 2072 1034 2141; x_wconf 83' lang='grc' dir='ltr'>Ὀλίγοι</span> <span class='ocrx_word' id='word_1_274' title='bbox 1063 2074 1119 2126; x_wconf 82' lang='grc' dir='ltr'>δὲ</span> <span class='ocrx_word' id='word_1_275' title='bbox 1173 2075 1278 2128; x_wconf 90' lang='grc' dir='ltr'><strong>τῶν</strong></span> <span class='ocrx_word' id='word_1_276' title='bbox 1321 2076 1543 2145; x_wconf 82' lang='grc' dir='ltr'>ὀρνίθων</span> <span class='ocrx_word' id='word_1_277' title='bbox 1573 2077 1737 2129; x_wconf 86' lang='grc' dir='ltr'>κακό-</span> 
     </span>
    </p>
   </div>
   <div class='ocr_carea' id='block_1_38' title="bbox 181 2162 1736 2236">
    <p class='ocr_par' dir='ltr' id='par_1_38' title="bbox 181 2162 1736 2236">
     <span class='ocr_line' id='line_1_38' title="bbox 181 2162 1736 2236; baseline 0.005 -24"><span class='ocrx_word' id='word_1_278' title='bbox 181 2162 348 2225; x_wconf 84' lang='grc' dir='ltr'>ποδές</span> <span class='ocrx_word' id='word_1_279' title='bbox 371 2164 523 2226; x_wconf 83' lang='grc' dir='ltr'>εἰσιν,</span> <span class='ocrx_word' id='word_1_280' title='bbox 548 2163 668 2215; x_wconf 72' lang='grc' dir='ltr'>οὔτε</span> <span class='ocrx_word' id='word_1_281' title='bbox 719 2162 949 2232; x_wconf 78' lang='grc' dir='ltr'>βαδίζειν</span> <span class='ocrx_word' id='word_1_282' title='bbox 995 2165 1116 2217; x_wconf 73' lang='grc' dir='ltr'>οὗτε</span> <span class='ocrx_word' id='word_1_283' title='bbox 1167 2166 1418 2236; x_wconf 82' lang='grc' dir='ltr'>ἀγρεύειν</span> <span class='ocrx_word' id='word_1_284' title='bbox 1445 2172 1553 2230; x_wconf 89' lang='grc' dir='ltr'>τοῖς</span> <span class='ocrx_word' id='word_1_285' title='bbox 1585 2170 1736 2222; x_wconf 75' lang='grc' dir='ltr'>ποσὶν</span> 
     </span>
    </p>
   </div>
   <div class='ocr_carea' id='block_1_39' title="bbox 180 2253 1736 2327">
    <p class='ocr_par' dir='ltr' id='par_1_39' title="bbox 180 2253 1736 2327">
     <span class='ocr_line' id='line_1_39' title="bbox 180 2253 1736 2327; baseline 0.004 -23"><span class='ocrx_word' id='word_1_286' title='bbox 180 2253 507 2322; x_wconf 66' lang='grc' dir='ltr'>ἐπιτήδειον</span> <span class='ocrx_word' id='word_1_287' title='bbox 546 2253 620 2316; x_wconf 82' lang='grc' dir='ltr'>ὡς</span> <span class='ocrx_word' id='word_1_288' title='bbox 651 2255 709 2306; x_wconf 80' lang='grc' dir='ltr'><strong>αἵ</strong></span> <span class='ocrx_word' id='word_1_289' title='bbox 751 2272 810 2307; x_wconf 92' lang='grc' dir='ltr'><strong>τε</strong></span> <span class='ocrx_word' id='word_1_290' title='bbox 870 2256 1132 2325; x_wconf 85' lang='grc' dir='ltr'>χελιδόνες</span> <span class='ocrx_word' id='word_1_291' title='bbox 1159 2259 1263 2310; x_wconf 78' lang='grc' dir='ltr'>εἰσὶ</span> <span class='ocrx_word' id='word_1_292' title='bbox 1290 2258 1420 2325; x_wconf 70' lang='grc'><strong>(45),</strong></span> <span class='ocrx_word' id='word_1_293' title='bbox 1448 2257 1567 2310; x_wconf 70' lang='grc' dir='ltr'>οὔτε</span> <span class='ocrx_word' id='word_1_294' title='bbox 1590 2259 1736 2327; x_wconf 81' lang='grc' dir='ltr'>βαδί-</span> 
     </span>
    </p>
   </div>
   <div class='ocr_carea' id='block_1_40' title="bbox 178 2340 1739 2418">
    <p class='ocr_par' dir='ltr' id='par_1_40' title="bbox 178 2340 1739 2418">
     <span class='ocr_line' id='line_1_40' title="bbox 178 2340 1739 2418; baseline 0.004 -24"><span class='ocrx_word' id='word_1_295' title='bbox 178 2340 303 2406; x_wconf 80' lang='grc' dir='ltr'>ζειν</span> <span class='ocrx_word' id='word_1_296' title='bbox 329 2341 450 2394; x_wconf 74' lang='grc' dir='ltr'>οὔτε</span> <span class='ocrx_word' id='word_1_297' title='bbox 481 2344 730 2412; x_wconf 85' lang='grc' dir='ltr'>ἀγρεύειν</span> <span class='ocrx_word' id='word_1_298' title='bbox 757 2347 1066 2418; x_wconf 81' lang='grc' dir='ltr'>δυνάμεναι,</span> <span class='ocrx_word' id='word_1_299' title='bbox 1105 2349 1195 2399; x_wconf 78' lang='grc' dir='ltr'><strong>καὶ</strong></span> <span class='ocrx_word' id='word_1_300' title='bbox 1223 2349 1277 2399; x_wconf 87' lang='grc' dir='ltr'><strong>αί</strong></span> <span class='ocrx_word' id='word_1_301' title='bbox 1320 2349 1627 2417; x_wconf 82' lang='grc' dir='ltr'>δρεπανίδες</span> <span class='ocrx_word' id='word_1_302' title='bbox 1653 2349 1739 2402; x_wconf 91' lang='grc' dir='ltr'>λε-</span> 
     </span>
    </p>
   </div>
   <div class='ocr_carea' id='block_1_41' title="bbox 175 2427 1737 2509">
    <p class='ocr_par' dir='ltr' id='par_1_41' title="bbox 175 2427 1737 2509">
     <span class='ocr_line' id='line_1_41' title="bbox 175 2427 1737 2509; baseline 0.006 -28"><span class='ocrx_word' id='word_1_303' title='bbox 175 2431 434 2499; x_wconf 81' lang='grc' dir='ltr'>γόμεναι,</span> <span class='ocrx_word' id='word_1_304' title='bbox 467 2427 544 2494; x_wconf 81' lang='grc' dir='ltr'>οἷς</span> <span class='ocrx_word' id='word_1_305' title='bbox 593 2435 624 2504; x_wconf 79' lang='grc' dir='ltr'><strong>ἡ</strong></span> <span class='ocrx_word' id='word_1_306' title='bbox 655 2436 824 2504; x_wconf 64' lang='grc' dir='ltr'>τροφὴ</span> <span class='ocrx_word' id='word_1_307' title='bbox 875 2436 982 2488; x_wconf 84' lang='grc' dir='ltr'><strong>ἀπὸ</strong></span> <span class='ocrx_word' id='word_1_308' title='bbox 1023 2435 1127 2487; x_wconf 88' lang='grc' dir='ltr'><strong>τῶν</strong></span> <span class='ocrx_word' id='word_1_309' title='bbox 1156 2439 1211 2487; x_wconf 83' lang='grc' dir='ltr'><strong>ὲν</strong></span> <span class='ocrx_word' id='word_1_310' title='bbox 1246 2435 1322 2505; x_wconf 82' lang='grc' dir='ltr'><strong>τῷ</strong></span> <span class='ocrx_word' id='word_1_311' title='bbox 1359 2437 1478 2507; x_wconf 84' lang='grc' dir='ltr'>ἀέρι</span> <span class='ocrx_word' id='word_1_312' title='bbox 1505 2440 1737 2509; x_wconf 77' lang='grc' dir='ltr'>ἐμφερο-</span> 
     </span>
    </p>
   </div>
   <div class='ocr_carea' id='block_1_42' title="bbox 181 2523 1739 2601">
    <p class='ocr_par' dir='ltr' id='par_1_42' title="bbox 181 2523 1739 2601">
     <span class='ocr_line' id='line_1_42' title="bbox 181 2523 1739 2601; baseline 0.007 -29"><span class='ocrx_word' id='word_1_313' title='bbox 181 2523 363 2586; x_wconf 86' lang='grc' dir='ltr'>μένων</span> <span class='ocrx_word' id='word_1_314' title='bbox 381 2524 734 2594; x_wconf 80' lang='grc' dir='ltr'>ὲπινενόηται.</span> <span class='ocrx_word' id='word_1_315' title='bbox 754 2525 991 2578; x_wconf 82' lang='grc' dir='ltr'>Χελιδόνι</span> <span class='ocrx_word' id='word_1_316' title='bbox 1012 2527 1064 2578; x_wconf 80' lang='grc' dir='ltr'>δὲ</span> <span class='ocrx_word' id='word_1_317' title='bbox 1095 2527 1153 2579; x_wconf 88' lang='grc' dir='ltr'><strong>τὸ</strong></span> <span class='ocrx_word' id='word_1_318' title='bbox 1173 2530 1267 2598; x_wconf 86' lang='grc' dir='ltr'>τῆς</span> <span class='ocrx_word' id='word_1_319' title='bbox 1297 2528 1546 2599; x_wconf 81' lang='grc' dir='ltr'>πτήσεως</span> <span class='ocrx_word' id='word_1_320' title='bbox 1576 2530 1739 2601; x_wconf 86' lang='grc' dir='ltr'>πρόσ-</span> 
     </span>
    </p>
   </div>
   <div class='ocr_carea' id='block_1_43' title="bbox 178 2615 1460 2689">
    <p class='ocr_par' dir='ltr' id='par_1_43' title="bbox 178 2615 1460 2689">
     <span class='ocr_line' id='line_1_43' title="bbox 178 2615 1460 2689; baseline 0.008 -26"><span class='ocrx_word' id='word_1_321' title='bbox 178 2628 334 2679; x_wconf 88' lang='grc' dir='ltr'>γειον</span> <span class='ocrx_word' id='word_1_322' title='bbox 365 2615 483 2666; x_wconf 74' lang='grc' dir='ltr'>ἀντὶ</span> <span class='ocrx_word' id='word_1_323' title='bbox 515 2615 613 2683; x_wconf 76' lang='grc' dir='ltr'>τῆς</span> <span class='ocrx_word' id='word_1_324' title='bbox 645 2615 748 2666; x_wconf 88' lang='grc' dir='ltr'><strong>τῶν</strong></span> <span class='ocrx_word' id='word_1_325' title='bbox 772 2615 944 2669; x_wconf 83' lang='grc' dir='ltr'>ποδῶν</span> <span class='ocrx_word' id='word_1_326' title='bbox 972 2618 1269 2689; x_wconf 77' lang='grc' dir='ltr'>ὑπηρεσίας</span> <span class='ocrx_word' id='word_1_327' title='bbox 1299 2620 1460 2675; x_wconf 82' lang='grc' dir='ltr'>ἐστίν.</span> 
     </span>
    </p>
   </div>
   <div class='ocr_carea' id='block_1_44' title="bbox 254 2705 1738 2783">
    <p class='ocr_par' dir='ltr' id='par_1_44' title="bbox 254 2705 1738 2783">
     <span class='ocr_line' id='line_1_44' title="bbox 254 2705 1738 2783; baseline 0.006 -25"><span class='ocrx_word' id='word_1_328' title='bbox 254 2705 312 2758; x_wconf 76' lang='grc'><strong>3.</strong></span> <span class='ocrx_word' id='word_1_329' title='bbox 350 2706 468 2758; x_wconf 71' lang='grc' dir='ltr'>Εἰσὶ</span> <span class='ocrx_word' id='word_1_330' title='bbox 500 2707 678 2776; x_wconf 84' lang='grc' dir='ltr'>μέντοι</span> <span class='ocrx_word' id='word_1_331' title='bbox 711 2707 878 2775; x_wconf 87' lang='grc' dir='ltr'>γενῶν</span> <span class='ocrx_word' id='word_1_332' title='bbox 922 2709 1170 2780; x_wconf 68' lang='grc' dir='ltr'>διαιροραὶ</span> <span class='ocrx_word' id='word_1_333' title='bbox 1199 2714 1383 2783; x_wconf 87' lang='grc' dir='ltr'>μυρίαι</span> <span class='ocrx_word' id='word_1_334' title='bbox 1415 2715 1506 2767; x_wconf 78' lang='grc' dir='ltr'><strong>καὶ</strong></span> <span class='ocrx_word' id='word_1_335' title='bbox 1539 2715 1594 2767; x_wconf 82' lang='grc' dir='ltr'>ὲν</span> <span class='ocrx_word' id='word_1_336' title='bbox 1627 2717 1738 2778; x_wconf 88' lang='grc' dir='ltr'>τοῖς</span> 
     </span>
    </p>
   </div>
   <div class='ocr_carea' id='block_1_45' title="bbox 177 2795 1734 2877">
    <p class='ocr_par' dir='ltr' id='par_1_45' title="bbox 177 2795 1734 2877">
     <span class='ocr_line' id='line_1_45' title="bbox 177 2795 1734 2877; baseline 0.008 -31"><span class='ocrx_word' id='word_1_337' title='bbox 177 2795 409 2864; x_wconf 72' lang='grc' dir='ltr'>ὄρνισιν,</span> <span class='ocrx_word' id='word_1_338' title='bbox 432 2796 496 2859; x_wconf 77' lang='grc' dir='ltr'>ἃς</span> <span class='ocrx_word' id='word_1_339' title='bbox 524 2797 617 2850; x_wconf 82' lang='grc' dir='ltr'><strong>ὲάν</strong></span> <span class='ocrx_word' id='word_1_340' title='bbox 648 2815 729 2861; x_wconf 87' lang='grc' dir='ltr'><strong>τις</strong></span> <span class='ocrx_word' id='word_1_341' title='bbox 763 2800 900 2852; x_wconf 85' lang='grc' dir='ltr'><strong>κατά</strong></span> <span class='ocrx_word' id='word_1_342' title='bbox 933 2802 1021 2853; x_wconf 82' lang='grc' dir='ltr'><strong>τὸν</strong></span> <span class='ocrx_word' id='word_1_343' title='bbox 1050 2803 1206 2856; x_wconf 81' lang='grc' dir='ltr'>αὑτὸν</span> <span class='ocrx_word' id='word_1_344' title='bbox 1234 2805 1431 2874; x_wconf 84' lang='grc' dir='ltr'>τρόπον</span> <span class='ocrx_word' id='word_1_345' title='bbox 1457 2806 1583 2877; x_wconf 75' lang='grc' dir='ltr'>ἐπίῃ</span> <span class='ocrx_word' id='word_1_346' title='bbox 1617 2807 1734 2860; x_wconf 85' lang='grc' dir='ltr'>καθ’</span> 
     </span>
    </p>
   </div>
   <div class='ocr_carea' id='block_1_46' title="bbox 176 2884 1736 2967">
    <p class='ocr_par' dir='ltr' id='par_1_46' title="bbox 176 2884 1736 2967">
     <span class='ocr_line' id='line_1_46' title="bbox 176 2884 1736 2967; baseline 0.01 -31"><span class='ocrx_word' id='word_1_347' title='bbox 176 2884 237 2936; x_wconf 80' lang='grc' dir='ltr'>ὃν</span> <span class='ocrx_word' id='word_1_348' title='bbox 273 2885 331 2936; x_wconf 85' lang='grc' dir='ltr'><strong>ὲν</strong></span> <span class='ocrx_word' id='word_1_349' title='bbox 362 2885 514 2965; x_wconf 88' lang='grc' dir='ltr'>μέρει</span> <span class='ocrx_word' id='word_1_350' title='bbox 560 2887 654 2941; x_wconf 76' lang='grc' dir='ltr'><strong>καὶ</strong></span> <span class='ocrx_word' id='word_1_351' title='bbox 694 2888 791 2958; x_wconf 79' lang='grc' dir='ltr'>τῆς</span> <span class='ocrx_word' id='word_1_352' title='bbox 823 2890 931 2943; x_wconf 89' lang='grc' dir='ltr'><strong>τῶν</strong></span> <span class='ocrx_word' id='word_1_353' title='bbox 970 2891 1166 2960; x_wconf 76' lang='grc' dir='ltr'>ἰχθύων</span> <span class='ocrx_word' id='word_1_354' title='bbox 1209 2893 1501 2958; x_wconf 80' lang='grc' dir='ltr'>ἐξετάσεως</span> <span class='ocrx_word' id='word_1_355' title='bbox 1528 2897 1736 2967; x_wconf 59' lang='grc' dir='ltr'>ἐφηψά-</span> 
     </span>
    </p>
   </div>
   <div class='ocr_carea' id='block_1_47' title="bbox 179 2973 1736 3059">
    <p class='ocr_par' dir='ltr' id='par_1_47' title="bbox 179 2973 1736 3059">
     <span class='ocr_line' id='line_1_47' title="bbox 179 2973 1736 3059; baseline 0.01 -35"><span class='ocrx_word' id='word_1_356' title='bbox 179 2973 346 3043; x_wconf 86' lang='grc' dir='ltr'>μεθα,</span> <span class='ocrx_word' id='word_1_357' title='bbox 371 2977 589 3048; x_wconf 85' lang='grc' dir='ltr'>εὑρήσει</span> <span class='ocrx_word' id='word_1_358' title='bbox 636 2979 691 3032; x_wconf 86' lang='grc' dir='ltr'>ἓν</span> <span class='ocrx_word' id='word_1_359' title='bbox 730 2982 826 3050; x_wconf 82' lang='grc' dir='ltr'><strong>μὲν</strong></span> <span class='ocrx_word' id='word_1_360' title='bbox 881 2981 1048 3052; x_wconf 70' lang='grc' dir='ltr'>ὄνομα</span> <span class='ocrx_word' id='word_1_361' title='bbox 1085 2985 1189 3036; x_wconf 88' lang='grc' dir='ltr'><strong>τῶν</strong></span> <span class='ocrx_word' id='word_1_362' title='bbox 1237 2988 1510 3050; x_wconf 83' lang='grc' dir='ltr'>πετεινῶν,</span> <span class='ocrx_word' id='word_1_363' title='bbox 1541 2989 1736 3059; x_wconf 87' lang='grc' dir='ltr'>μυρίας</span> 
     </span>
    </p>
   </div>
   <div class='ocr_carea' id='block_1_48' title="bbox 176 3067 1736 3144">
    <p class='ocr_par' dir='ltr' id='par_1_48' title="bbox 176 3067 1736 3144">
     <span class='ocr_line' id='line_1_48' title="bbox 176 3067 1736 3144; baseline 0.008 -24"><span class='ocrx_word' id='word_1_364' title='bbox 176 3067 232 3120; x_wconf 84' lang='grc' dir='ltr'>δὲ</span> <span class='ocrx_word' id='word_1_365' title='bbox 267 3069 324 3119; x_wconf 79' lang='grc' dir='ltr'><strong>ἐν</strong></span> <span class='ocrx_word' id='word_1_366' title='bbox 349 3069 552 3132; x_wconf 84' lang='grc' dir='ltr'>τούτοις</span> <span class='ocrx_word' id='word_1_367' title='bbox 571 3071 828 3142; x_wconf 76' lang='grc' dir='ltr'>διαφορὰς</span> <span class='ocrx_word' id='word_1_368' title='bbox 852 3073 906 3124; x_wconf 77' lang='grc' dir='ltr'>ἓν</span> <span class='ocrx_word' id='word_1_369' title='bbox 932 3091 988 3124; x_wconf 91' lang='grc' dir='ltr'><strong>τε</strong></span> <span class='ocrx_word' id='word_1_370' title='bbox 1017 3077 1127 3136; x_wconf 85' lang='grc' dir='ltr'>τοῖς</span> <span class='ocrx_word' id='word_1_371' title='bbox 1151 3076 1396 3144; x_wconf 81' lang='grc' dir='ltr'>μεγέθεσι</span> <span class='ocrx_word' id='word_1_372' title='bbox 1431 3079 1521 3130; x_wconf 75' lang='grc' dir='ltr'><strong>καὶ</strong></span> <span class='ocrx_word' id='word_1_373' title='bbox 1548 3081 1603 3130; x_wconf 79' lang='grc' dir='ltr'>ἐν</span> <span class='ocrx_word' id='word_1_374' title='bbox 1626 3084 1736 3143; x_wconf 84' lang='grc' dir='ltr'>τοῖς</span> 
     </span>
    </p>
   </div>
   <div class='ocr_carea' id='block_1_49' title="bbox 178 3160 1732 3238">
    <p class='ocr_par' dir='ltr' id='par_1_49' title="bbox 178 3160 1732 3238">
     <span class='ocr_line' id='line_1_49' title="bbox 178 3160 1732 3238; baseline 0.008 -28"><span class='ocrx_word' id='word_1_375' title='bbox 178 3160 429 3228; x_wconf 78' lang='grc' dir='ltr'>σχήμασι</span> <span class='ocrx_word' id='word_1_376' title='bbox 459 3162 550 3212; x_wconf 70' lang='grc' dir='ltr'><strong>καὶ</strong></span> <span class='ocrx_word' id='word_1_377' title='bbox 579 3163 635 3212; x_wconf 76' lang='grc' dir='ltr'><strong>ἐν</strong></span> <span class='ocrx_word' id='word_1_378' title='bbox 665 3167 781 3226; x_wconf 87' lang='grc' dir='ltr'>ταῖς</span> <span class='ocrx_word' id='word_1_379' title='bbox 820 3164 1006 3234; x_wconf 77' lang='grc' dir='ltr'>χρόαις</span> <span class='ocrx_word' id='word_1_380' title='bbox 1027 3183 1039 3194; x_wconf 90' lang='grc'><strong>·</strong></span> <span class='ocrx_word' id='word_1_381' title='bbox 1098 3168 1190 3219; x_wconf 73' lang='grc' dir='ltr'><strong>καὶ</strong></span> <span class='ocrx_word' id='word_1_382' title='bbox 1236 3168 1375 3220; x_wconf 86' lang='grc' dir='ltr'><strong>κατά</strong></span> <span class='ocrx_word' id='word_1_383' title='bbox 1406 3171 1528 3232; x_wconf 82' lang='grc' dir='ltr'>τοὺς</span> <span class='ocrx_word' id='word_1_384' title='bbox 1568 3170 1732 3238; x_wconf 86' lang='grc' dir='ltr'>βίους,</span> 
     </span>
    </p>
   </div>
   <div class='ocr_carea' id='block_1_50' title="bbox 1839 1977 3389 2042">
    <p class='ocr_par' dir='ltr' id='par_1_50' title="bbox 1839 1977 3389 2042">
     <span class='ocr_line' id='line_1_50' title="bbox 1839 1977 3389 2042; baseline -0.004 -6"><span class='ocrx_word' id='word_1_385' title='bbox 1839 1983 1952 2036; x_wconf 83' lang='lat' dir='ltr'><strong>sive</strong></span> <span class='ocrx_word' id='word_1_386' title='bbox 1977 1986 2038 2035; x_wconf 92' lang='lat' dir='ltr'><strong>ad</strong></span> <span class='ocrx_word' id='word_1_387' title='bbox 2065 1982 2466 2042; x_wconf 88' lang='lat' dir='ltr'><strong>ambulandum,</strong></span> <span class='ocrx_word' id='word_1_388' title='bbox 2495 1984 2606 2034; x_wconf 86' lang='lat' dir='ltr'><strong>sive</strong></span> <span class='ocrx_word' id='word_1_389' title='bbox 2641 1982 2706 2033; x_wconf 89' lang='lat' dir='ltr'><strong>ad</strong></span> <span class='ocrx_word' id='word_1_390' title='bbox 2741 1979 3035 2032; x_wconf 84' lang='lat' dir='ltr'><strong>venandum</strong></span> <span class='ocrx_word' id='word_1_391' title='bbox 3059 1977 3263 2032; x_wconf 70' lang='lat' dir='ltr'><strong>idonea:</strong></span> <span class='ocrx_word' id='word_1_392' title='bbox 3286 1991 3389 2031; x_wconf 90' lang='lat' dir='ltr'><strong>non</strong></span> 
     </span>
    </p>
   </div>
   <div class='ocr_carea' id='block_1_51' title="bbox 1839 2070 3387 2144">
    <p class='ocr_par' dir='ltr' id='par_1_51' title="bbox 1839 2070 3387 2144">
     <span class='ocr_line' id='line_1_51' title="bbox 1839 2070 3387 2144; baseline -0.005 -15"><span class='ocrx_word' id='word_1_393' title='bbox 1839 2077 1942 2130; x_wconf 88' lang='lat' dir='ltr'><strong>sint</strong></span> <span class='ocrx_word' id='word_1_394' title='bbox 1973 2074 2211 2144; x_wconf 84' lang='lat' dir='ltr'><strong>pedibus,</strong></span> <span class='ocrx_word' id='word_1_395' title='bbox 2235 2089 2332 2128; x_wconf 88' lang='lat' dir='ltr'><strong>ceu</strong></span> <span class='ocrx_word' id='word_1_396' title='bbox 2384 2074 2716 2134; x_wconf 86' lang='lat' dir='ltr'><strong>hirundines,</strong></span> <span class='ocrx_word' id='word_1_397' title='bbox 2744 2087 2860 2140; x_wconf 68' lang='lat' dir='ltr'><strong>quae</strong></span> <span class='ocrx_word' id='word_1_398' title='bbox 2898 2085 3066 2136; x_wconf 91' lang='lat' dir='ltr'><strong>neque</strong></span> <span class='ocrx_word' id='word_1_399' title='bbox 3095 2070 3387 2136; x_wconf 87' lang='lat' dir='ltr'><strong>ambulare,</strong></span> 
     </span>
    </p>
   </div>
   <div class='ocr_carea' id='block_1_52' title="bbox 1839 2161 3387 2234">
    <p class='ocr_par' dir='ltr' id='par_1_52' title="bbox 1839 2161 3387 2234">
     <span class='ocr_line' id='line_1_52' title="bbox 1839 2161 3387 2234; baseline -0.005 -15"><span class='ocrx_word' id='word_1_400' title='bbox 1839 2181 2008 2234; x_wconf 87' lang='lat' dir='ltr'><strong>neque</strong></span> <span class='ocrx_word' id='word_1_401' title='bbox 2061 2165 2247 2218; x_wconf 84' lang='lat' dir='ltr'><strong>venari</strong></span> <span class='ocrx_word' id='word_1_402' title='bbox 2299 2173 2539 2233; x_wconf 90' lang='lat' dir='ltr'><strong>possunt,</strong></span> <span class='ocrx_word' id='word_1_403' title='bbox 2588 2172 2640 2216; x_wconf 90' lang='lat' dir='ltr'><strong>et</strong></span> <span class='ocrx_word' id='word_1_404' title='bbox 2670 2177 2798 2215; x_wconf 83' lang='lat' dir='ltr'><strong>aves</strong></span> <span class='ocrx_word' id='word_1_405' title='bbox 2841 2161 3052 2214; x_wconf 88' lang='lat' dir='ltr'><strong>nomine</strong></span> <span class='ocrx_word' id='word_1_406' title='bbox 3089 2161 3387 2228; x_wconf 90' lang='lat' dir='ltr'><strong>drepanes,</strong></span> 
     </span>
    </p>
   </div>
   <div class='ocr_carea' id='block_1_53' title="bbox 1837 2251 3389 2325">
    <p class='ocr_par' dir='ltr' id='par_1_53' title="bbox 1837 2251 3389 2325">
     <span class='ocr_line' id='line_1_53' title="bbox 1837 2251 3389 2325; baseline -0.004 -17"><span class='ocrx_word' id='word_1_407' title='bbox 1837 2260 2030 2325; x_wconf 89' lang='lat' dir='ltr'><strong>quibus</strong></span> <span class='ocrx_word' id='word_1_408' title='bbox 2065 2257 2313 2310; x_wconf 90' lang='lat' dir='ltr'><strong>alimonia</strong></span> <span class='ocrx_word' id='word_1_409' title='bbox 2334 2271 2398 2309; x_wconf 81' lang='lat' dir='ltr'><strong>ex</strong></span> <span class='ocrx_word' id='word_1_410' title='bbox 2426 2256 2488 2308; x_wconf 93' lang='lat' dir='ltr'><strong>iis</strong></span> <span class='ocrx_word' id='word_1_411' title='bbox 2520 2270 2636 2323; x_wconf 60' lang='lat' dir='ltr'><strong>qua:</strong></span> <span class='ocrx_word' id='word_1_412' title='bbox 2661 2255 2898 2308; x_wconf 82' lang='lat' dir='ltr'><strong>feruntur</strong></span> <span class='ocrx_word' id='word_1_413' title='bbox 2923 2254 2974 2305; x_wconf 84' lang='lat' dir='ltr'><strong>in</strong></span> <span class='ocrx_word' id='word_1_414' title='bbox 3006 2267 3150 2317; x_wconf 88' lang='lat' dir='ltr'><strong>aere,</strong></span> <span class='ocrx_word' id='word_1_415' title='bbox 3178 2251 3389 2319; x_wconf 90' lang='lat' dir='ltr'><strong>provisa</strong></span> 
     </span>
    </p>
   </div>
   <div class='ocr_carea' id='block_1_54' title="bbox 1835 2344 3388 2414">
    <p class='ocr_par' dir='ltr' id='par_1_54' title="bbox 1835 2344 3388 2414">
     <span class='ocr_line' id='line_1_54' title="bbox 1835 2344 3388 2414; baseline -0.002 -13"><span class='ocrx_word' id='word_1_416' title='bbox 1835 2347 2214 2401; x_wconf 68' lang='lat' dir='ltr'><strong>est.t‘.a2terum</strong></span> <span class='ocrx_word' id='word_1_417' title='bbox 2253 2347 2460 2400; x_wconf 88' lang='lat' dir='ltr'><strong>volatus</strong></span> <span class='ocrx_word' id='word_1_418' title='bbox 2495 2357 2652 2401; x_wconf 73' lang='lat' dir='ltr'><strong>terra:</strong></span> <span class='ocrx_word' id='word_1_419' title='bbox 2679 2346 2882 2401; x_wconf 86' lang='lat' dir='ltr'><strong>vicinus</strong></span> <span class='ocrx_word' id='word_1_420' title='bbox 2911 2346 2962 2400; x_wconf 93' lang='lat' dir='ltr'><strong>in</strong></span> <span class='ocrx_word' id='word_1_421' title='bbox 2988 2344 3270 2399; x_wconf 85' lang='lat' dir='ltr'><strong>hirundine</strong></span> <span class='ocrx_word' id='word_1_422' title='bbox 3293 2356 3388 2414; x_wconf 89' lang='lat' dir='ltr'><strong>pe-</strong></span> 
     </span>
    </p>
   </div>
   <div class='ocr_carea' id='block_1_55' title="bbox 1834 2438 2433 2511">
    <p class='ocr_par' dir='ltr' id='par_1_55' title="bbox 1834 2438 2433 2511">
     <span class='ocr_line' id='line_1_55' title="bbox 1834 2438 2433 2511; baseline -0.003 -17"><span class='ocrx_word' id='word_1_423' title='bbox 1834 2441 1956 2495; x_wconf 87' lang='lat' dir='ltr'><strong>dunt</strong></span> <span class='ocrx_word' id='word_1_424' title='bbox 1985 2440 2162 2511; x_wconf 86' lang='lat' dir='ltr'><strong>explet</strong></span> <span class='ocrx_word' id='word_1_425' title='bbox 2188 2438 2433 2493; x_wconf 76' lang='lat' dir='ltr'><strong>oﬂicium.</strong></span> 
     </span>
    </p>
   </div>
   <div class='ocr_carea' id='block_1_56' title="bbox 1902 2713 3392 2785">
    <p class='ocr_par' dir='ltr' id='par_1_56' title="bbox 1902 2713 3392 2785">
     <span class='ocr_line' id='line_1_56' title="bbox 1902 2713 3392 2785; baseline -0.002 -12"><span class='ocrx_word' id='word_1_426' title='bbox 1902 2719 1954 2774; x_wconf 78' lang='lat'><strong>3.</strong></span> <span class='ocrx_word' id='word_1_427' title='bbox 1998 2718 2134 2773; x_wconf 87' lang='lat' dir='ltr'><strong>Sunt</strong></span> <span class='ocrx_word' id='word_1_428' title='bbox 2177 2725 2352 2772; x_wconf 84' lang='lat' dir='ltr'><strong>autem</strong></span> <span class='ocrx_word' id='word_1_429' title='bbox 2416 2717 2707 2770; x_wconf 71' lang='lat' dir='ltr'><strong>innumerze</strong></span> <span class='ocrx_word' id='word_1_430' title='bbox 2770 2731 3022 2785; x_wconf 78' lang='lat' dir='ltr'><strong>generum</strong></span> <span class='ocrx_word' id='word_1_431' title='bbox 3083 2713 3392 2770; x_wconf 68' lang='lat' dir='ltr'><strong>differentia!</strong></span> 
     </span>
    </p>
   </div>
   <div class='ocr_carea' id='block_1_57' title="bbox 1835 2804 3388 2876">
    <p class='ocr_par' dir='ltr' id='par_1_57' title="bbox 1835 2804 3388 2876">
     <span class='ocr_line' id='line_1_57' title="bbox 1835 2804 3388 2876; baseline -0.005 -11"><span class='ocrx_word' id='word_1_432' title='bbox 1835 2811 1994 2865; x_wconf 87' lang='lat' dir='ltr'><strong>etiam</strong></span> <span class='ocrx_word' id='word_1_433' title='bbox 2022 2810 2072 2863; x_wconf 91' lang='lat' dir='ltr'><strong>in</strong></span> <span class='ocrx_word' id='word_1_434' title='bbox 2099 2807 2429 2864; x_wconf 86' lang='lat' dir='ltr'><strong>volucribus:</strong></span> <span class='ocrx_word' id='word_1_435' title='bbox 2458 2823 2588 2876; x_wconf 89' lang='lat' dir='ltr'><strong>quas</strong></span> <span class='ocrx_word' id='word_1_436' title='bbox 2611 2807 2653 2861; x_wconf 92' lang='lat' dir='ltr'><strong>si</strong></span> <span class='ocrx_word' id='word_1_437' title='bbox 2681 2808 2799 2875; x_wconf 87' lang='lat' dir='ltr'><strong>quis</strong></span> <span class='ocrx_word' id='word_1_438' title='bbox 2824 2816 3096 2874; x_wconf 80' lang='lat' dir='ltr'><strong>percurrat</strong></span> <span class='ocrx_word' id='word_1_439' title='bbox 3125 2820 3186 2859; x_wconf 92' lang='lat' dir='ltr'><strong>eo</strong></span> <span class='ocrx_word' id='word_1_440' title='bbox 3209 2804 3388 2869; x_wconf 87' lang='lat' dir='ltr'><strong>modo,</strong></span> 
     </span>
    </p>
   </div>
   <div class='ocr_carea' id='block_1_58' title="bbox 1837 2895 3388 2971">
    <p class='ocr_par' dir='ltr' id='par_1_58' title="bbox 1837 2895 3388 2971">
     <span class='ocr_line' id='line_1_58' title="bbox 1837 2895 3388 2971; baseline -0.003 -18"><span class='ocrx_word' id='word_1_441' title='bbox 1837 2917 1941 2969; x_wconf 92' lang='lat' dir='ltr'><strong>quo</strong></span> <span class='ocrx_word' id='word_1_442' title='bbox 1967 2901 2157 2971; x_wconf 85' lang='lat' dir='ltr'><strong>partim</strong></span> <span class='ocrx_word' id='word_1_443' title='bbox 2191 2901 2412 2969; x_wconf 86' lang='lat' dir='ltr'><strong>piscium</strong></span> <span class='ocrx_word' id='word_1_444' title='bbox 2452 2914 2675 2952; x_wconf 82' lang='lat' dir='ltr'><strong>examen</strong></span> <span class='ocrx_word' id='word_1_445' title='bbox 2725 2899 3032 2966; x_wconf 82' lang='lat' dir='ltr'><strong>attigimus;</strong></span> <span class='ocrx_word' id='word_1_446' title='bbox 3062 2913 3222 2951; x_wconf 92' lang='lat' dir='ltr'><strong>unum</strong></span> <span class='ocrx_word' id='word_1_447' title='bbox 3266 2895 3388 2965; x_wconf 88' lang='lat' dir='ltr'><strong>qui-</strong></span> 
     </span>
    </p>
   </div>
   <div class='ocr_carea' id='block_1_59' title="bbox 1836 2988 3390 3058">
    <p class='ocr_par' dir='ltr' id='par_1_59' title="bbox 1836 2988 3390 3058">
     <span class='ocr_line' id='line_1_59' title="bbox 1836 2988 3390 3058; baseline -0.004 -11"><span class='ocrx_word' id='word_1_448' title='bbox 1836 2994 1955 3048; x_wconf 88' lang='lat' dir='ltr'><strong>dem</strong></span> <span class='ocrx_word' id='word_1_449' title='bbox 1993 2993 2266 3045; x_wconf 82' lang='lat' dir='ltr'><strong>volucrntu</strong></span> <span class='ocrx_word' id='word_1_450' title='bbox 2308 3006 2534 3054; x_wconf 85' lang='lat' dir='ltr'><strong>nomen,</strong></span> <span class='ocrx_word' id='word_1_451' title='bbox 2582 2991 2672 3043; x_wconf 88' lang='lat' dir='ltr'><strong>sed</strong></span> <span class='ocrx_word' id='word_1_452' title='bbox 2723 2991 2956 3043; x_wconf 87' lang='lat' dir='ltr'><strong>intinitas</strong></span> <span class='ocrx_word' id='word_1_453' title='bbox 3010 2988 3390 3058; x_wconf 74' lang='lat' dir='ltr'><strong>magnitudinis</strong></span> 
     </span>
    </p>
   </div>
   <div class='ocr_carea' id='block_1_60' title="bbox 1839 3080 3389 3152">
    <p class='ocr_par' dir='ltr' id='par_1_60' title="bbox 1839 3080 3389 3152">
     <span class='ocr_line' id='line_1_60' title="bbox 1839 3080 3389 3152; baseline -0.003 -14"><span class='ocrx_word' id='word_1_454' title='bbox 1839 3086 2234 3152; x_wconf 82' lang='lat' dir='ltr'><strong>ﬁgurarumque</strong></span> <span class='ocrx_word' id='word_1_455' title='bbox 2260 3093 2312 3137; x_wconf 89' lang='lat' dir='ltr'><strong>et</strong></span> <span class='ocrx_word' id='word_1_456' title='bbox 2337 3083 2575 3137; x_wconf 85' lang='lat' dir='ltr'><strong>colorum</strong></span> <span class='ocrx_word' id='word_1_457' title='bbox 2609 3080 2938 3136; x_wconf 70' lang='lat' dir='ltr'><strong>differentias</strong></span> <span class='ocrx_word' id='word_1_458' title='bbox 2985 3083 3036 3135; x_wconf 91' lang='lat' dir='ltr'><strong>in</strong></span> <span class='ocrx_word' id='word_1_459' title='bbox 3091 3083 3174 3134; x_wconf 87' lang='lat' dir='ltr'><strong>his</strong></span> <span class='ocrx_word' id='word_1_460' title='bbox 3209 3096 3389 3149; x_wconf 84' lang='lat' dir='ltr'><strong>reper-</strong></span> 
     </span>
    </p>
   </div>
   <div class='ocr_carea' id='block_1_61' title="bbox 1839 3175 3390 3242">
    <p class='ocr_par' dir='ltr' id='par_1_61' title="bbox 1839 3175 3390 3242">
     <span class='ocr_line' id='line_1_61' title="bbox 1839 3175 3390 3242; baseline 0.001 -13"><span class='ocrx_word' id='word_1_461' title='bbox 1839 3187 1986 3230; x_wconf 90' lang='lat' dir='ltr'><strong>turus</strong></span> <span class='ocrx_word' id='word_1_462' title='bbox 2009 3187 2108 3230; x_wconf 79' lang='lat' dir='ltr'><strong>est.</strong></span> <span class='ocrx_word' id='word_1_463' title='bbox 2137 3175 2214 3229; x_wconf 82' lang='lat' dir='ltr'><strong>Ad</strong></span> <span class='ocrx_word' id='word_1_464' title='bbox 2244 3177 2404 3230; x_wconf 83' lang='lat' dir='ltr'><strong>vitam</strong></span> <span class='ocrx_word' id='word_1_465' title='bbox 2433 3177 2616 3242; x_wconf 88' lang='lat' dir='ltr'><strong>etiam,</strong></span> <span class='ocrx_word' id='word_1_466' title='bbox 2645 3186 2698 3230; x_wconf 90' lang='lat' dir='ltr'><strong>et</strong></span> <span class='ocrx_word' id='word_1_467' title='bbox 2729 3177 2792 3228; x_wconf 91' lang='lat' dir='ltr'><strong>ad</strong></span> <span class='ocrx_word' id='word_1_468' title='bbox 2834 3175 3072 3230; x_wconf 84' lang='lat' dir='ltr'><strong>actiones</strong></span> <span class='ocrx_word' id='word_1_469' title='bbox 3104 3189 3390 3241; x_wconf 89' lang='lat' dir='ltr'><strong>moresque</strong></span> 
     </span>
    </p>
   </div>
   <div class='ocr_carea' id='block_1_62' title="bbox 177 3250 1733 3340">
    <p class='ocr_par' dir='ltr' id='par_1_62' title="bbox 177 3250 1733 3328">
     <span class='ocr_line' id='line_1_62' title="bbox 177 3250 1733 3328; baseline 0.008 -29"><span class='ocrx_word' id='word_1_470' title='bbox 177 3251 274 3300; x_wconf 78' lang='grc' dir='ltr'><strong>καὶ</strong></span> <span class='ocrx_word' id='word_1_471' title='bbox 305 3250 403 3310; x_wconf 74' lang='grc' dir='ltr'><strong>τὰς</strong></span> <span class='ocrx_word' id='word_1_472' title='bbox 433 3251 676 3319; x_wconf 80' lang='grc' dir='ltr'>πράξεις,</span> <span class='ocrx_word' id='word_1_473' title='bbox 703 3253 794 3304; x_wconf 71' lang='grc' dir='ltr'><strong>καὶ</strong></span> <span class='ocrx_word' id='word_1_474' title='bbox 816 3254 880 3306; x_wconf 87' lang='grc' dir='ltr'><strong>τά</strong></span> <span class='ocrx_word' id='word_1_475' title='bbox 909 3254 1034 3324; x_wconf 67' lang='grc' dir='ltr'>ἤθη,</span> <span class='ocrx_word' id='word_1_476' title='bbox 1069 3257 1341 3328; x_wconf 86' lang='grc' dir='ltr'>ἀμύθητον</span> <span class='ocrx_word' id='word_1_477' title='bbox 1365 3256 1526 3312; x_wconf 78' lang='grc' dir='ltr'>οὖσαν</span> <span class='ocrx_word' id='word_1_478' title='bbox 1556 3261 1733 3324; x_wconf 86' lang='grc' dir='ltr'>αὑτοῖς</span> 
     </span>
    </p>
   </div>
   <div class='ocr_carea' id='block_1_63' title="bbox 1835 3250 3389 3340">
    <p class='ocr_par' dir='ltr' id='par_1_63' title="bbox 1837 3268 3389 3340">
     <span class='ocr_line' id='line_1_63' title="bbox 1837 3268 3389 3340; baseline 0.001 -19"><span class='ocrx_word' id='word_1_479' title='bbox 1837 3271 1972 3338; x_wconf 88' lang='lat' dir='ltr'><strong>quod</strong></span> <span class='ocrx_word' id='word_1_480' title='bbox 2011 3279 2244 3340; x_wconf 90' lang='lat' dir='ltr'><strong>spectat,</strong></span> <span class='ocrx_word' id='word_1_481' title='bbox 2280 3271 2684 3324; x_wconf 85' lang='lat' dir='ltr'><strong>inenarrabilem</strong></span> <span class='ocrx_word' id='word_1_482' title='bbox 2728 3270 3012 3338; x_wconf 86' lang='lat' dir='ltr'><strong>quamdam</strong></span> <span class='ocrx_word' id='word_1_483' title='bbox 3060 3268 3197 3322; x_wconf 90' lang='lat' dir='ltr'><strong>inter</strong></span> <span class='ocrx_word' id='word_1_484' title='bbox 3244 3268 3389 3338; x_wconf 86' lang='lat' dir='ltr'><strong>ipsas</strong></span> 
     </span>
    </p>
   </div>
   <div class='ocr_carea' id='block_1_64' title="bbox 175 3339 1736 3421">
    <p class='ocr_par' dir='ltr' id='par_1_64' title="bbox 175 3339 1736 3421">
     <span class='ocr_line' id='line_1_64' title="bbox 175 3339 1736 3421; baseline 0.012 -32"><span class='ocrx_word' id='word_1_485' title='bbox 175 3339 278 3409; x_wconf 78' lang='grc' dir='ltr'><strong>τὴν</strong></span> <span class='ocrx_word' id='word_1_486' title='bbox 306 3340 441 3410; x_wconf 85' lang='grc' dir='ltr'>πρὸς</span> <span class='ocrx_word' id='word_1_487' title='bbox 483 3342 683 3413; x_wconf 78' lang='grc' dir='ltr'>ἄλληλα</span> <span class='ocrx_word' id='word_1_488' title='bbox 733 3347 1106 3420; x_wconf 83' lang='grc' dir='ltr'>παραλλαγήν.</span> <span class='ocrx_word' id='word_1_489' title='bbox 1137 3351 1273 3420; x_wconf 84' lang='grc' dir='ltr'>Ἤδη</span> <span class='ocrx_word' id='word_1_490' title='bbox 1317 3352 1415 3421; x_wconf 82' lang='grc' dir='ltr'><strong>μὲν</strong></span> <span class='ocrx_word' id='word_1_491' title='bbox 1466 3349 1555 3406; x_wconf 75' lang='grc' dir='ltr'><strong>οὖν</strong></span> <span class='ocrx_word' id='word_1_492' title='bbox 1595 3372 1736 3417; x_wconf 88' lang='grc' dir='ltr'>τινες</span> 
     </span>
    </p>
   </div>
   <div class='ocr_carea' id='block_1_65' title="bbox 177 3430 1733 3514">
    <p class='ocr_par' dir='ltr' id='par_1_65' title="bbox 177 3430 1733 3514">
     <span class='ocr_line' id='line_1_65' title="bbox 177 3430 1733 3514; baseline 0.009 -31"><span class='ocrx_word' id='word_1_493' title='bbox 177 3430 550 3506; x_wconf 73' lang='grc' dir='ltr'>ἐπειράθησαν</span> <span class='ocrx_word' id='word_1_494' title='bbox 611 3438 703 3490; x_wconf 71' lang='grc' dir='ltr'><strong>καὶ</strong></span> <span class='ocrx_word' id='word_1_495' title='bbox 768 3439 1198 3509; x_wconf 82' lang='grc' dir='ltr'>ὀνοματοποιίαις</span> <span class='ocrx_word' id='word_1_496' title='bbox 1256 3444 1574 3514; x_wconf 83' lang='grc' dir='ltr'>χρήσασθαι,</span> <span class='ocrx_word' id='word_1_497' title='bbox 1646 3446 1733 3508; x_wconf 74' lang='grc' dir='ltr'>ἵν’,</span> 
     </span>
    </p>
   </div>
   <div class='ocr_carea' id='block_1_66' title="bbox 176 3521 1736 3604">
    <p class='ocr_par' dir='ltr' id='par_1_66' title="bbox 176 3521 1736 3604">
     <span class='ocr_line' id='line_1_66' title="bbox 176 3521 1736 3604; baseline 0.01 -29"><span class='ocrx_word' id='word_1_498' title='bbox 176 3521 368 3595; x_wconf 83' lang='grc' dir='ltr'>ῶσπερ</span> <span class='ocrx_word' id='word_1_499' title='bbox 405 3525 490 3579; x_wconf 73' lang='grc' dir='ltr'>διὰ</span> <span class='ocrx_word' id='word_1_500' title='bbox 523 3531 806 3598; x_wconf 83' lang='grc' dir='ltr'>καυτήρων</span> <span class='ocrx_word' id='word_1_501' title='bbox 839 3531 995 3583; x_wconf 88' lang='grc' dir='ltr'>τινῶν</span> <span class='ocrx_word' id='word_1_502' title='bbox 1029 3535 1123 3601; x_wconf 84' lang='grc' dir='ltr'><strong>τῆς</strong></span> <span class='ocrx_word' id='word_1_503' title='bbox 1179 3536 1475 3604; x_wconf 76' lang='grc' dir='ltr'>ἀσυνήθους</span> <span class='ocrx_word' id='word_1_504' title='bbox 1524 3539 1617 3590; x_wconf 80' lang='grc' dir='ltr'><strong>καὶ</strong></span> <span class='ocrx_word' id='word_1_505' title='bbox 1653 3539 1736 3601; x_wconf 76' lang='grc' dir='ltr'><strong>ξέ-</strong></span> 
     </span>
    </p>
   </div>
   <div class='ocr_carea' id='block_1_67' title="bbox 177 3617 1734 3695">
    <p class='ocr_par' dir='ltr' id='par_1_67' title="bbox 177 3617 1734 3695">
     <span class='ocr_line' id='line_1_67' title="bbox 177 3617 1734 3695; baseline 0.01 -31"><span class='ocrx_word' id='word_1_506' title='bbox 177 3631 278 3682; x_wconf 81' lang='grc' dir='ltr'><strong>νης</strong></span> <span class='ocrx_word' id='word_1_507' title='bbox 309 3617 616 3685; x_wconf 80' lang='grc' dir='ltr'>ὀνομασίας,</span> <span class='ocrx_word' id='word_1_508' title='bbox 651 3621 709 3671; x_wconf 87' lang='grc' dir='ltr'><strong>τὸ</strong></span> <span class='ocrx_word' id='word_1_509' title='bbox 759 3621 949 3689; x_wconf 79' lang='grc' dir='ltr'>ἰδίωμα</span> <span class='ocrx_word' id='word_1_510' title='bbox 994 3624 1219 3676; x_wconf 78' lang='grc' dir='ltr'>ἑκάστου</span> <span class='ocrx_word' id='word_1_511' title='bbox 1259 3628 1443 3694; x_wconf 86' lang='grc' dir='ltr'>γένους</span> <span class='ocrx_word' id='word_1_512' title='bbox 1482 3628 1734 3695; x_wconf 82' lang='grc' dir='ltr'>ἐπιγινώ-</span> 
     </span>
    </p>
   </div>
   <div class='ocr_carea' id='block_1_68' title="bbox 179 3708 1733 3790">
    <p class='ocr_par' dir='ltr' id='par_1_68' title="bbox 179 3708 1733 3790">
     <span class='ocr_line' id='line_1_68' title="bbox 179 3708 1733 3790; baseline 0.011 -35"><span class='ocrx_word' id='word_1_513' title='bbox 179 3720 400 3773; x_wconf 78' lang='grc' dir='ltr'>σκηται.</span> <span class='ocrx_word' id='word_1_514' title='bbox 436 3708 542 3760; x_wconf 71' lang='grc' dir='ltr'><strong>Καὶ</strong></span> <span class='ocrx_word' id='word_1_515' title='bbox 585 3711 653 3762; x_wconf 85' lang='grc' dir='ltr'><strong>τά</strong></span> <span class='ocrx_word' id='word_1_516' title='bbox 691 3712 787 3780; x_wconf 83' lang='grc' dir='ltr'><strong>μὲν</strong></span> <span class='ocrx_word' id='word_1_517' title='bbox 821 3714 1104 3782; x_wconf 79' lang='grc' dir='ltr'>ὠνόμασαν</span> <span class='ocrx_word' id='word_1_518' title='bbox 1129 3716 1450 3789; x_wconf 78' lang='grc' dir='ltr'>σχιζόπτερα</span> <span class='ocrx_word' id='word_1_519' title='bbox 1477 3719 1606 3790; x_wconf 69' lang='lat' dir='ltr'><strong>(iii),</strong></span> <span class='ocrx_word' id='word_1_520' title='bbox 1659 3720 1733 3783; x_wconf 83' lang='grc' dir='ltr'>ὡς</span> 
     </span>
    </p>
   </div>
   <div class='ocr_carea' id='block_1_69' title="bbox 176 3798 1727 3880">
    <p class='ocr_par' dir='ltr' id='par_1_69' title="bbox 176 3798 1727 3880">
     <span class='ocr_line' id='line_1_69' title="bbox 176 3798 1727 3880; baseline 0.01 -32"><span class='ocrx_word' id='word_1_521' title='bbox 176 3798 307 3860; x_wconf 77' lang='grc' dir='ltr'>τοὺς</span> <span class='ocrx_word' id='word_1_522' title='bbox 334 3799 548 3863; x_wconf 79' lang='grc' dir='ltr'>ἀετούς·</span> <span class='ocrx_word' id='word_1_523' title='bbox 583 3802 651 3854; x_wconf 81' lang='grc' dir='ltr'>τὰ</span> <span class='ocrx_word' id='word_1_524' title='bbox 677 3803 731 3856; x_wconf 83' lang='grc' dir='ltr'><strong>δὲ</strong></span> <span class='ocrx_word' id='word_1_525' title='bbox 775 3804 1134 3878; x_wconf 84' lang='grc' dir='ltr'>δερμόπτερα,</span> <span class='ocrx_word' id='word_1_526' title='bbox 1159 3810 1232 3872; x_wconf 81' lang='grc' dir='ltr'>ὡς</span> <span class='ocrx_word' id='word_1_527' title='bbox 1257 3811 1352 3873; x_wconf 78' lang='grc' dir='ltr'><strong>τὰς</strong></span> <span class='ocrx_word' id='word_1_528' title='bbox 1381 3811 1690 3880; x_wconf 80' lang='grc' dir='ltr'>νυκτερίδας</span> <span class='ocrx_word' id='word_1_529' title='bbox 1715 3830 1727 3841; x_wconf 70' lang='grc'>³</span> 
     </span>
    </p>
   </div>
   <div class='ocr_carea' id='block_1_70' title="bbox 179 3980 1729 4047">
    <p class='ocr_par' dir='ltr' id='par_1_70' title="bbox 179 3980 1729 4047">
     <span class='ocr_line' id='line_1_70' title="bbox 179 3980 1729 4047; baseline 0.006 -21"><span class='ocrx_word' id='word_1_530' title='bbox 179 3992 312 4047; x_wconf 78' lang='lat' dir='ltr'><strong>usus</strong></span> <span class='ocrx_word' id='word_1_531' title='bbox 329 3987 429 4047; x_wconf 71' lang='lat' dir='ltr'><strong>est,</strong></span> <span class='ocrx_word' id='word_1_532' title='bbox 460 3980 733 4030; x_wconf 86' lang='lat' dir='ltr'><strong>secundum</strong></span> <span class='ocrx_word' id='word_1_533' title='bbox 753 3981 1154 4047; x_wconf 75' lang='lat' dir='ltr'><strong>firmamentum,</strong></span> <span class='ocrx_word' id='word_1_534' title='bbox 1182 3995 1234 4034; x_wconf 89' lang='lat' dir='ltr'><strong>et</strong></span> <span class='ocrx_word' id='word_1_535' title='bbox 1265 3986 1355 4035; x_wconf 78' lang='lat' dir='ltr'><strong>sub</strong></span> <span class='ocrx_word' id='word_1_536' title='bbox 1386 3985 1729 4045; x_wconf 82' lang='lat' dir='ltr'><strong>ﬁrmamento.</strong></span> 
     </span>
    </p>
   </div>
   <div class='ocr_carea' id='block_1_71' title="bbox 179 4044 1731 4121">
    <p class='ocr_par' dir='ltr' id='par_1_71' title="bbox 179 4044 1731 4121">
     <span class='ocr_line' id='line_1_71' title="bbox 179 4044 1731 4121; baseline 0.003 -23"><span class='ocrx_word' id='word_1_537' title='bbox 179 4044 324 4110; x_wconf 71' lang='lat' dir='ltr'><strong>Lege</strong></span> <span class='ocrx_word' id='word_1_538' title='bbox 363 4046 646 4100; x_wconf 82' lang='lat' dir='ltr'><strong>Nobilium.</strong></span> <span class='ocrx_word' id='word_1_539' title='bbox 676 4044 1036 4102; x_wconf 74' lang='lat' dir='ltr'><strong>Tertullianus</strong></span> <span class='ocrx_word' id='word_1_540' title='bbox 1067 4053 1189 4104; x_wconf 76' lang='lat' dir='ltr'><strong>.-ldt°.</strong></span> <span class='ocrx_word' id='word_1_541' title='bbox 1230 4053 1602 4121; x_wconf 84' lang='lat' dir='ltr'><strong>Ilermog.,per</strong></span> <span class='ocrx_word' id='word_1_542' title='bbox 1635 4055 1731 4121; x_wconf 80' lang='lat' dir='ltr'><strong>ﬁr-</strong></span> 
     </span>
    </p>
   </div>
   <div class='ocr_carea' id='block_1_72' title="bbox 179 4121 1726 4187">
    <p class='ocr_par' dir='ltr' id='par_1_72' title="bbox 179 4121 1726 4187">
     <span class='ocr_line' id='line_1_72' title="bbox 179 4121 1726 4187; baseline 0.006 -23"><span class='ocrx_word' id='word_1_543' title='bbox 179 4127 542 4187; x_wconf 12' lang='lat' dir='ltr'><strong>mamenti/m7;</strong></span> <span class='ocrx_word' id='word_1_544' title='bbox 564 4132 678 4182; x_wconf 68' lang='lat' dir='ltr'><strong>quae</strong></span> <span class='ocrx_word' id='word_1_545' title='bbox 704 4121 1068 4187; x_wconf 80' lang='lat' dir='ltr'><strong>interpretatio</strong></span> <span class='ocrx_word' id='word_1_546' title='bbox 1102 4126 1327 4175; x_wconf 85' lang='lat' dir='ltr'><strong>maxime</strong></span> <span class='ocrx_word' id='word_1_547' title='bbox 1347 4124 1590 4176; x_wconf 75' lang='lat' dir='ltr'><strong>convenit</strong></span> <span class='ocrx_word' id='word_1_548' title='bbox 1609 4139 1726 4175; x_wconf 80' lang='lat' dir='ltr'><strong>cuin</strong></span> 
     </span>
    </p>
   </div>
   <div class='ocr_carea' id='block_1_73' title="bbox 180 4182 1729 4260">
    <p class='ocr_par' dir='ltr' id='par_1_73' title="bbox 180 4182 1729 4260">
     <span class='ocr_line' id='line_1_73' title="bbox 180 4182 1729 4260; baseline 0.006 -25"><span class='ocrx_word' id='word_1_549' title='bbox 180 4197 364 4237; x_wconf 80' lang='lat' dir='ltr'><strong>mente</strong></span> <span class='ocrx_word' id='word_1_550' title='bbox 402 4182 597 4260; x_wconf 73' lang='lat' dir='ltr'><strong>Basilii.</strong></span> <span class='ocrx_word' id='word_1_551' title='bbox 628 4188 773 4260; x_wconf 82' lang='lat' dir='ltr'><strong>Cum</strong></span> <span class='ocrx_word' id='word_1_552' title='bbox 795 4182 932 4241; x_wconf 79' lang='lat' dir='ltr'><strong>enim</strong></span> <span class='ocrx_word' id='word_1_553' title='bbox 971 4191 1124 4243; x_wconf 79' lang='lat' dir='ltr'><strong>l’ater</strong></span> <span class='ocrx_word' id='word_1_554' title='bbox 1151 4194 1498 4259; x_wconf 76' lang='lat' dir='ltr'><strong>gravissimus</strong></span> <span class='ocrx_word' id='word_1_555' title='bbox 1524 4209 1616 4260; x_wconf 90' lang='lat' dir='ltr'><strong>per</strong></span> <span class='ocrx_word' id='word_1_556' title='bbox 1638 4208 1729 4244; x_wconf 83' lang='lat' dir='ltr'><strong>vo-</strong></span> 
     </span>
    </p>
   </div>
   <div class='ocr_carea' id='block_1_74' title="bbox 181 4255 1726 4329">
    <p class='ocr_par' dir='ltr' id='par_1_74' title="bbox 181 4255 1726 4329">
     <span class='ocr_line' id='line_1_74' title="bbox 181 4255 1726 4329; baseline 0.004 -21"><span class='ocrx_word' id='word_1_557' title='bbox 181 4270 298 4329; x_wconf 67' lang='lat' dir='ltr'><strong>f&#39;ctu</strong></span> <span class='ocrx_word' id='word_1_558' title='bbox 334 4255 613 4329; x_wconf 80' lang='grc' dir='ltr'>στερέωμα</span> <span class='ocrx_word' id='word_1_559' title='bbox 651 4258 776 4308; x_wconf 85' lang='lat' dir='ltr'><strong>nihil</strong></span> <span class='ocrx_word' id='word_1_560' title='bbox 824 4260 960 4310; x_wconf 80' lang='lat' dir='ltr'><strong>aliud</strong></span> <span class='ocrx_word' id='word_1_561' title='bbox 993 4255 1246 4329; x_wconf 59' lang='lat' dir='ltr'><strong>intelligat</strong></span> <span class='ocrx_word' id='word_1_562' title='bbox 1277 4265 1376 4317; x_wconf 84' lang='lat' dir='ltr'><strong>nisi</strong></span> <span class='ocrx_word' id='word_1_563' title='bbox 1425 4255 1623 4328; x_wconf 80' lang='lat' dir='ltr'><strong>aerem,</strong></span> <span class='ocrx_word' id='word_1_564' title='bbox 1653 4261 1726 4314; x_wconf 91' lang='lat' dir='ltr'><strong>ttti</strong></span> 
     </span>
    </p>
   </div>
   <div class='ocr_carea' id='block_1_75' title="bbox 181 4323 1723 4400">
    <p class='ocr_par' dir='ltr' id='par_1_75' title="bbox 181 4323 1723 4400">
     <span class='ocr_line' id='line_1_75' title="bbox 181 4323 1723 4400; baseline 0.005 -25"><span class='ocrx_word' id='word_1_565' title='bbox 181 4323 380 4400; x_wconf 72' lang='lat' dir='ltr'><strong>legitur</strong></span> <span class='ocrx_word' id='word_1_566' title='bbox 409 4323 505 4400; x_wconf 76' lang='lat' dir='ltr'><strong>sub</strong></span> <span class='ocrx_word' id='word_1_567' title='bbox 542 4323 693 4378; x_wconf 87' lang='lat' dir='ltr'><strong>tinem</strong></span> <span class='ocrx_word' id='word_1_568' title='bbox 733 4329 950 4400; x_wconf 58' lang='lat' dir='ltr'><strong>lllljllaCC</strong></span> <span class='ocrx_word' id='word_1_569' title='bbox 981 4323 1259 4392; x_wconf 75' lang='lat' dir='ltr'><strong>orationis,</strong></span> <span class='ocrx_word' id='word_1_570' title='bbox 1292 4335 1529 4400; x_wconf 88' lang='lat' dir='ltr'><strong>sequitur</strong></span> <span class='ocrx_word' id='word_1_571' title='bbox 1561 4323 1600 4383; x_wconf 79' lang='lat' dir='ltr'><strong>si</strong></span> <span class='ocrx_word' id='word_1_572' title='bbox 1633 4346 1723 4383; x_wconf 75' lang='lat' dir='ltr'><strong>vo-</strong></span> 
     </span>
    </p>
   </div>
   <div class='ocr_carea' id='block_1_76' title="bbox 181 4394 1726 4468">
    <p class='ocr_par' dir='ltr' id='par_1_76' title="bbox 181 4394 1726 4468">
     <span class='ocr_line' id='line_1_76' title="bbox 181 4394 1726 4468; baseline 0.004 -22"><span class='ocrx_word' id='word_1_573' title='bbox 181 4395 348 4446; x_wconf 89' lang='lat' dir='ltr'><strong>latilia</strong></span> <span class='ocrx_word' id='word_1_574' title='bbox 382 4394 552 4468; x_wconf 70' lang='lat' dir='ltr'><strong>\jolent</strong></span> <span class='ocrx_word' id='word_1_575' title='bbox 575 4411 666 4465; x_wconf 91' lang='lat' dir='ltr'><strong>per</strong></span> <span class='ocrx_word' id='word_1_576' title='bbox 688 4410 885 4458; x_wconf 87' lang='lat' dir='ltr'><strong>aerem,</strong></span> <span class='ocrx_word' id='word_1_577' title='bbox 918 4399 1024 4462; x_wconf 89' lang='lat' dir='ltr'><strong>ipsa</strong></span> <span class='ocrx_word' id='word_1_578' title='bbox 1053 4418 1144 4466; x_wconf 78' lang='lat' dir='ltr'><strong>per</strong></span> <span class='ocrx_word' id='word_1_579' title='bbox 1177 4394 1563 4456; x_wconf 80' lang='lat' dir='ltr'><strong>ﬁrmamentum</strong></span> <span class='ocrx_word' id='word_1_580' title='bbox 1593 4416 1726 4468; x_wconf 85' lang='lat' dir='ltr'><strong>quo-</strong></span> 
     </span>
    </p>
   </div>
   <div class='ocr_carea' id='block_1_77' title="bbox 180 4466 518 4532">
    <p class='ocr_par' dir='ltr' id='par_1_77' title="bbox 180 4466 518 4532">
     <span class='ocr_line' id='line_1_77' title="bbox 180 4466 518 4532; baseline 0.003 -18"><span class='ocrx_word' id='word_1_581' title='bbox 180 4479 286 4532; x_wconf 90' lang='lat' dir='ltr'><strong>que</strong></span> <span class='ocrx_word' id='word_1_582' title='bbox 321 4466 435 4515; x_wconf 87' lang='lat' dir='ltr'><strong>vola</strong></span> <span class='ocrx_word' id='word_1_583' title='bbox 447 4481 518 4516; x_wconf 87' lang='lat' dir='ltr'><strong>re.</strong></span> 
     </span>
    </p>
   </div>
   <div class='ocr_carea' id='block_1_78' title="bbox 247 4532 1724 4614">
    <p class='ocr_par' dir='ltr' id='par_1_78' title="bbox 247 4532 1724 4614">
     <span class='ocr_line' id='line_1_78' title="bbox 247 4532 1724 4614; baseline 0.009 -31"><span class='ocrx_word' id='word_1_584' title='bbox 247 4532 366 4614; x_wconf 64' lang='grc' dir='ltr'>ριιι)</span> <span class='ocrx_word' id='word_1_585' title='bbox 400 4534 611 4614; x_wconf 73' lang='lat' dir='ltr'><strong>Aliquot</strong></span> <span class='ocrx_word' id='word_1_586' title='bbox 643 4551 770 4590; x_wconf 90' lang='lat' dir='ltr'><strong>mss.</strong></span> <span class='ocrx_word' id='word_1_587' title='bbox 816 4533 922 4614; x_wconf 77' lang='grc' dir='ltr'><strong>τῶν</strong></span> <span class='ocrx_word' id='word_1_588' title='bbox 955 4539 1273 4608; x_wconf 83' lang='grc' dir='ltr'>πτερυγίων.</span> <span class='ocrx_word' id='word_1_589' title='bbox 1321 4541 1511 4594; x_wconf 86' lang='lat' dir='ltr'><strong>Statim</strong></span> <span class='ocrx_word' id='word_1_590' title='bbox 1573 4542 1724 4596; x_wconf 85' lang='lat' dir='ltr'><strong>Colb.</strong></span> 
     </span>
    </p>
   </div>
   <div class='ocr_carea' id='block_1_79' title="bbox 181 4607 961 4678">
    <p class='ocr_par' dir='ltr' id='par_1_79' title="bbox 181 4607 961 4678">
     <span class='ocr_line' id='line_1_79' title="bbox 181 4607 961 4678; baseline -0.001 -20"><span class='ocrx_word' id='word_1_591' title='bbox 181 4607 391 4678; x_wconf 51' lang='lat' dir='ltr'><strong>primus</strong></span> <span class='ocrx_word' id='word_1_592' title='bbox 413 4607 588 4678; x_wconf 37' lang='grc' dir='ltr'>τάς-τε</span> <span class='ocrx_word' id='word_1_593' title='bbox 614 4607 961 4678; x_wconf 80' lang='grc' dir='ltr'>περιτροπάς.</span> 
     </span>
    </p>
   </div>
   <div class='ocr_carea' id='block_1_80' title="bbox 253 4671 1726 4745">
    <p class='ocr_par' dir='ltr' id='par_1_80' title="bbox 253 4671 1726 4745">
     <span class='ocr_line' id='line_1_80' title="bbox 253 4671 1726 4745; baseline 0.005 -18"><span class='ocrx_word' id='word_1_594' title='bbox 253 4671 368 4745; x_wconf 77' lang='grc'><strong>(45)</strong></span> <span class='ocrx_word' id='word_1_595' title='bbox 410 4671 481 4745; x_wconf 82' lang='lat' dir='ltr'><strong>Ita</strong></span> <span class='ocrx_word' id='word_1_596' title='bbox 521 4671 912 4743; x_wconf 75' lang='lat' dir='ltr'><strong>Regiipriinus,</strong></span> <span class='ocrx_word' id='word_1_597' title='bbox 948 4677 1180 4745; x_wconf 83' lang='lat' dir='ltr'><strong>quintus,</strong></span> <span class='ocrx_word' id='word_1_598' title='bbox 1208 4692 1389 4733; x_wconf 72' lang='lat' dir='ltr'><strong>sextus</strong></span> <span class='ocrx_word' id='word_1_599' title='bbox 1424 4689 1474 4733; x_wconf 87' lang='lat' dir='ltr'><strong>et</strong></span> <span class='ocrx_word' id='word_1_600' title='bbox 1507 4694 1726 4735; x_wconf 84' lang='lat' dir='ltr'><strong>octavus</strong></span> 
     </span>
    </p>
   </div>
   <div class='ocr_carea' id='block_1_81' title="bbox 182 4743 1723 4817">
    <p class='ocr_par' dir='ltr' id='par_1_81' title="bbox 182 4743 1723 4817">
     <span class='ocr_line' id='line_1_81' title="bbox 182 4743 1723 4817; baseline 0.004 -19"><span class='ocrx_word' id='word_1_601' title='bbox 182 4760 304 4798; x_wconf 89' lang='lat' dir='ltr'><strong>cum</strong></span> <span class='ocrx_word' id='word_1_602' title='bbox 326 4743 540 4817; x_wconf 77' lang='lat' dir='ltr'><strong>duobus</strong></span> <span class='ocrx_word' id='word_1_603' title='bbox 577 4746 724 4801; x_wconf 90' lang='lat' dir='ltr'><strong>Colb.</strong></span> <span class='ocrx_word' id='word_1_604' title='bbox 761 4748 894 4800; x_wconf 83' lang='lat' dir='ltr'><strong>Edtti</strong></span> <span class='ocrx_word' id='word_1_605' title='bbox 941 4743 1064 4800; x_wconf 81' lang='lat' dir='ltr'><strong>vero</strong></span> <span class='ocrx_word' id='word_1_606' title='bbox 1098 4749 1357 4817; x_wconf 79' lang='grc' dir='ltr'>χελιδόνες</span> <span class='ocrx_word' id='word_1_607' title='bbox 1393 4754 1495 4803; x_wconf 78' lang='grc' dir='ltr'>εἰσὶ</span> <span class='ocrx_word' id='word_1_608' title='bbox 1530 4755 1619 4805; x_wconf 76' lang='grc' dir='ltr'><strong>καὶ</strong></span> <span class='ocrx_word' id='word_1_609' title='bbox 1647 4756 1723 4817; x_wconf 87' lang='grc' dir='ltr'>αἱ,</span> 
     </span>
    </p>
   </div>
   <div class='ocr_carea' id='block_1_82' title="bbox 183 4812 1726 4889">
    <p class='ocr_par' dir='ltr' id='par_1_82' title="bbox 183 4812 1726 4889">
     <span class='ocr_line' id='line_1_82' title="bbox 183 4812 1726 4889; baseline 0.006 -23"><span class='ocrx_word' id='word_1_610' title='bbox 183 4814 390 4889; x_wconf 80' lang='lat' dir='ltr'><strong>inutile.</strong></span> <span class='ocrx_word' id='word_1_611' title='bbox 434 4812 627 4867; x_wconf 88' lang='lat' dir='ltr'><strong>Ibidem</strong></span> <span class='ocrx_word' id='word_1_612' title='bbox 671 4818 763 4870; x_wconf 73' lang='grc' dir='ltr'>καὶ</span> <span class='ocrx_word' id='word_1_613' title='bbox 794 4820 848 4870; x_wconf 88' lang='grc' dir='ltr'><strong>αί</strong></span> <span class='ocrx_word' id='word_1_614' title='bbox 887 4812 1214 4889; x_wconf 85' lang='grc' dir='ltr'>δρεπανίδες,</span> <span class='ocrx_word' id='word_1_615' title='bbox 1256 4834 1300 4873; x_wconf 85' lang='lat' dir='ltr'><strong>et</strong></span> <span class='ocrx_word' id='word_1_616' title='bbox 1333 4823 1600 4889; x_wconf 78' lang='lat' dir='ltr'><strong>drepanes.</strong></span> <span class='ocrx_word' id='word_1_617' title='bbox 1638 4812 1726 4877; x_wconf 68' lang='grc' dir='ltr'>διὸ</span> 
     </span>
    </p>
   </div>
   <div class='ocr_carea' id='block_1_83' title="bbox 182 4885 1726 4956">
    <p class='ocr_par' dir='ltr' id='par_1_83' title="bbox 182 4885 1726 4956">
     <span class='ocr_line' id='line_1_83' title="bbox 182 4885 1726 4956; baseline 0.007 -21"><span class='ocrx_word' id='word_1_618' title='bbox 182 4885 360 4956; x_wconf 57' lang='lat' dir='ltr'><strong>visum</strong></span> <span class='ocrx_word' id='word_1_619' title='bbox 396 4892 476 4936; x_wconf 82' lang='lat' dir='ltr'><strong>est</strong></span> <span class='ocrx_word' id='word_1_620' title='bbox 511 4894 712 4956; x_wconf 66' lang='lat' dir='ltr'><strong>Vertere</strong></span> <span class='ocrx_word' id='word_1_621' title='bbox 742 4902 858 4940; x_wconf 90' lang='lat' dir='ltr'><strong>cum</strong></span> <span class='ocrx_word' id='word_1_622' title='bbox 913 4885 1101 4948; x_wconf 81' lang='lat' dir='ltr'><strong>Plinio.</strong></span> <span class='ocrx_word' id='word_1_623' title='bbox 1157 4891 1244 4956; x_wconf 86' lang='lat' dir='ltr'><strong>qui</strong></span> <span class='ocrx_word' id='word_1_624' title='bbox 1296 4894 1392 4944; x_wconf 88' lang='lat' dir='ltr'><strong>hac</strong></span> <span class='ocrx_word' id='word_1_625' title='bbox 1424 4885 1552 4956; x_wconf 72' lang='lat' dir='ltr'><strong>ipsa</strong></span> <span class='ocrx_word' id='word_1_626' title='bbox 1599 4909 1726 4946; x_wconf 87' lang='lat' dir='ltr'><strong>voce</strong></span> 
     </span>
    </p>
   </div>
   <div class='ocr_carea' id='block_1_84' title="bbox 183 4951 1726 5028">
    <p class='ocr_par' dir='ltr' id='par_1_84' title="bbox 183 4951 1726 5028">
     <span class='ocr_line' id='line_1_84' title="bbox 183 4951 1726 5028; baseline 0.006 -25"><span class='ocrx_word' id='word_1_627' title='bbox 183 4951 280 5028; x_wconf 83' lang='lat' dir='ltr'><strong>lib.</strong></span> <span class='ocrx_word' id='word_1_628' title='bbox 307 4966 535 5028; x_wconf 62' lang='lat' dir='ltr'><strong>tt_t._cap.</strong></span> <span class='ocrx_word' id='word_1_629' title='bbox 561 4953 647 5012; x_wconf 67' lang='grc'><strong>47,</strong></span> <span class='ocrx_word' id='word_1_630' title='bbox 675 4957 747 5028; x_wconf 84' lang='lat' dir='ltr'><strong>uti</strong></span> <span class='ocrx_word' id='word_1_631' title='bbox 778 4973 879 5010; x_wconf 90' lang='lat' dir='ltr'><strong>non</strong></span> <span class='ocrx_word' id='word_1_632' title='bbox 904 4960 1126 5011; x_wconf 79' lang='lat' dir='ltr'><strong>dubitat.</strong></span> <span class='ocrx_word' id='word_1_633' title='bbox 1156 4951 1280 5028; x_wconf 79' lang='lat' dir='ltr'><strong>Ejus</strong></span> <span class='ocrx_word' id='word_1_634' title='bbox 1309 4963 1420 5014; x_wconf 74' lang='lat' dir='ltr'><strong>inec</strong></span> <span class='ocrx_word' id='word_1_635' title='bbox 1453 4951 1572 5015; x_wconf 81' lang='lat' dir='ltr'><strong>sunt</strong></span> <span class='ocrx_word' id='word_1_636' title='bbox 1609 4979 1726 5014; x_wconf 85' lang='lat' dir='ltr'><strong>ver-</strong></span> 
     </span>
    </p>
   </div>
   <div class='ocr_carea' id='block_1_85' title="bbox 185 5023 1723 5094">
    <p class='ocr_par' dir='ltr' id='par_1_85' title="bbox 185 5023 1723 5094">
     <span class='ocr_line' id='line_1_85' title="bbox 185 5023 1723 5094; baseline 0.006 -21"><span class='ocrx_word' id='word_1_637' title='bbox 185 5024 244 5094; x_wconf 81' lang='lat' dir='ltr'><strong>ba</strong></span> <span class='ocrx_word' id='word_1_638' title='bbox 264 5035 279 5071; x_wconf 90' lang='lat'><strong>:</strong></span> <span class='ocrx_word' id='word_1_639' title='bbox 303 5023 598 5090; x_wconf 80' lang='lat' dir='ltr'><strong>Quinegant</strong></span> <span class='ocrx_word' id='word_1_640' title='bbox 618 5023 868 5077; x_wconf 76' lang='lat' dir='ltr'><strong>volucrem</strong></span> <span class='ocrx_word' id='word_1_641' title='bbox 900 5023 1421 5090; x_wconf 50' lang='lat' dir='ltr'><strong>ullamsine&#39;pedibus</strong></span> <span class='ocrx_word' id='word_1_642' title='bbox 1437 5048 1566 5094; x_wconf 84' lang='lat' dir='ltr'><strong>esse,</strong></span> <span class='ocrx_word' id='word_1_643' title='bbox 1599 5049 1723 5082; x_wconf 87' lang='lat' dir='ltr'><strong>con-</strong></span> 
     </span>
    </p>
   </div>
   <div class='ocr_carea' id='block_1_86' title="bbox 180 5092 1723 5164">
    <p class='ocr_par' dir='ltr' id='par_1_86' title="bbox 180 5092 1723 5164">
     <span class='ocr_line' id='line_1_86' title="bbox 180 5092 1723 5164; baseline 0.007 -22"><span class='ocrx_word' id='word_1_644' title='bbox 180 5092 395 5160; x_wconf 72' lang='lat' dir='ltr'><strong>ﬁrmant</strong></span> <span class='ocrx_word' id='word_1_645' title='bbox 429 5106 473 5145; x_wconf 86' lang='lat' dir='ltr'><strong>et</strong></span> <span class='ocrx_word' id='word_1_646' title='bbox 499 5096 690 5158; x_wconf 73' lang='lat' dir='ltr'><strong>&quot;pallas</strong></span> <span class='ocrx_word' id='word_1_647' title='bbox 716 5094 920 5159; x_wconf 82' lang='lat' dir='ltr'><strong>habere,</strong></span> <span class='ocrx_word' id='word_1_648' title='bbox 953 5109 997 5150; x_wconf 83' lang='lat' dir='ltr'><strong>et</strong></span> <span class='ocrx_word' id='word_1_649' title='bbox 1025 5113 1166 5162; x_wconf 64' lang='lat' dir='ltr'><strong>oten,</strong></span> <span class='ocrx_word' id='word_1_650' title='bbox 1197 5109 1242 5150; x_wconf 85' lang='lat' dir='ltr'><strong>et</strong></span> <span class='ocrx_word' id='word_1_651' title='bbox 1276 5092 1629 5164; x_wconf 74' lang='lat' dir='ltr'><strong>drepanin,in</strong></span> <span class='ocrx_word' id='word_1_652' title='bbox 1650 5104 1723 5153; x_wconf 82' lang='lat' dir='ltr'><strong>eis</strong></span> 
     </span>
    </p>
   </div>
   <div class='ocr_carea' id='block_1_87' title="bbox 181 5165 1726 5233">
    <p class='ocr_par' dir='ltr' id='par_1_87' title="bbox 181 5165 1726 5233">
     <span class='ocr_line' id='line_1_87' title="bbox 181 5165 1726 5233; baseline 0.005 -18"><span class='ocrx_word' id='word_1_653' title='bbox 181 5176 300 5232; x_wconf 72' lang='lat' dir='ltr'><strong>qua:</strong></span> <span class='ocrx_word' id='word_1_654' title='bbox 325 5165 586 5233; x_wconf 75' lang='lat' dir='ltr'><strong>rarissime</strong></span> <span class='ocrx_word' id='word_1_655' title='bbox 625 5175 891 5230; x_wconf 82' lang='lat' dir='ltr'><strong>apparent.</strong></span> <span class='ocrx_word' id='word_1_656' title='bbox 929 5166 1244 5233; x_wconf 81' lang='lat' dir='ltr'><strong>interpretes</strong></span> <span class='ocrx_word' id='word_1_657' title='bbox 1291 5181 1514 5232; x_wconf 89' lang='lat' dir='ltr'><strong>veteres,</strong></span> <span class='ocrx_word' id='word_1_658' title='bbox 1556 5169 1619 5222; x_wconf 82' lang='lat' dir='ltr'><strong>Et</strong></span> <span class='ocrx_word' id='word_1_659' title='bbox 1653 5187 1726 5223; x_wconf 75' lang='lat' dir='ltr'><strong>ea:</strong></span> 
     </span>
    </p>
   </div>
   <div class='ocr_carea' id='block_1_88' title="bbox 179 5230 1725 5304">
    <p class='ocr_par' dir='ltr' id='par_1_88' title="bbox 179 5230 1725 5304">
     <span class='ocr_line' id='line_1_88' title="bbox 179 5230 1725 5304; baseline 0.007 -20"><span class='ocrx_word' id='word_1_660' title='bbox 179 5230 522 5304; x_wconf 51' lang='lat' dir='ltr'><strong>antelati:qu</strong></span> <span class='ocrx_word' id='word_1_661' title='bbox 551 5248 928 5300; x_wconf 87' lang='lat' dir='ltr'><strong>nuncupantur,</strong></span> <span class='ocrx_word' id='word_1_662' title='bbox 950 5246 1038 5288; x_wconf 85' lang='lat' dir='ltr'><strong>aut</strong></span> <span class='ocrx_word' id='word_1_663' title='bbox 1065 5230 1291 5304; x_wconf 73' lang='lat' dir='ltr'><strong>riparite.</strong></span> <span class='ocrx_word' id='word_1_664' title='bbox 1334 5240 1438 5293; x_wconf 87' lang='lat' dir='ltr'><strong>llas</strong></span> <span class='ocrx_word' id='word_1_665' title='bbox 1476 5230 1599 5294; x_wconf 80' lang='lat' dir='ltr'><strong>aves</strong></span> <span class='ocrx_word' id='word_1_666' title='bbox 1637 5256 1725 5294; x_wconf 63' lang='grc' dir='ltr'><strong>γο-</strong></span> 
     </span>
    </p>
   </div>
   <div class='ocr_carea' id='block_1_89' title="bbox 182 5300 874 5370">
    <p class='ocr_par' dir='ltr' id='par_1_89' title="bbox 182 5300 874 5370">
     <span class='ocr_line' id='line_1_89' title="bbox 182 5300 874 5370; baseline 0 -16"><span class='ocrx_word' id='word_1_667' title='bbox 182 5313 264 5354; x_wconf 82' lang='lat' dir='ltr'><strong>cat</strong></span> <span class='ocrx_word' id='word_1_668' title='bbox 297 5300 603 5370; x_wconf 87' lang='lat' dir='ltr'><strong>Eustathius</strong></span> <span class='ocrx_word' id='word_1_669' title='bbox 627 5318 874 5370; x_wconf 87' lang='lat' dir='ltr'><strong>meropos.</strong></span> 
     </span>
    </p>
   </div>
   <div class='ocr_carea' id='block_1_90' title="bbox 214 5369 1722 5450">
    <p class='ocr_par' dir='ltr' id='par_1_90' title="bbox 214 5369 1722 5450">
     <span class='ocr_line' id='line_1_90' title="bbox 214 5369 1722 5450; baseline 0.005 -27"><span class='ocrx_word' id='word_1_670' title='bbox 214 5371 368 5450; x_wconf 41' lang='lat'><strong>.(46)</strong></span> <span class='ocrx_word' id='word_1_671' title='bbox 396 5369 606 5450; x_wconf 84' lang='lat' dir='ltr'><strong>Libuit,_</strong></span> <span class='ocrx_word' id='word_1_672' title='bbox 631 5369 771 5450; x_wconf 80' lang='lat' dir='ltr'><strong>quod</strong></span> <span class='ocrx_word' id='word_1_673' title='bbox 806 5389 907 5427; x_wconf 90' lang='lat' dir='ltr'><strong>non</strong></span> <span class='ocrx_word' id='word_1_674' title='bbox 946 5386 1284 5450; x_wconf 84' lang='lat' dir='ltr'><strong>suppeterent</strong></span> <span class='ocrx_word' id='word_1_675' title='bbox 1325 5378 1480 5432; x_wconf 80' lang='lat' dir='ltr'><strong>verba</strong></span> <span class='ocrx_word' id='word_1_676' title='bbox 1515 5381 1722 5442; x_wconf 86' lang='lat' dir='ltr'><strong>Latina,</strong></span> 
     </span>
    </p>
   </div>
   <div class='ocr_carea' id='block_1_91' title="bbox 184 5443 1724 5516">
    <p class='ocr_par' dir='ltr' id='par_1_91' title="bbox 184 5443 1724 5516">
     <span class='ocr_line' id='line_1_91' title="bbox 184 5443 1724 5516; baseline 0.005 -24"><span class='ocrx_word' id='word_1_677' title='bbox 184 5443 258 5492; x_wconf 86' lang='lat' dir='ltr'><strong>sie</strong></span> <span class='ocrx_word' id='word_1_678' title='bbox 297 5452 504 5516; x_wconf 75' lang='lat' dir='ltr'><strong>vertere</strong></span> <span class='ocrx_word' id='word_1_679' title='bbox 532 5443 898 5508; x_wconf 76' lang='lat' dir='ltr'><strong>schizopterus,</strong></span> <span class='ocrx_word' id='word_1_680' title='bbox 922 5455 1029 5516; x_wconf 2' lang='lat' dir='ltr'><strong>pete.</strong></span> <span class='ocrx_word' id='word_1_681' title='bbox 1060 5448 1198 5501; x_wconf 83' lang='lat' dir='ltr'><strong>Aves</strong></span> <span class='ocrx_word' id='word_1_682' title='bbox 1220 5459 1394 5501; x_wconf 85' lang='lat' dir='ltr'><strong>autent</strong></span> <span class='ocrx_word' id='word_1_683' title='bbox 1428 5451 1724 5516; x_wconf 80' lang='lat' dir='ltr'><strong>scbizopte-</strong></span> 
     </span>
    </p>
   </div>
   <div class='ocr_carea' id='block_1_92' title="bbox 189 5512 1722 5582">
    <p class='ocr_par' dir='ltr' id='par_1_92' title="bbox 189 5512 1722 5582">
     <span class='ocr_line' id='line_1_92' title="bbox 189 5512 1722 5582; baseline 0.005 -22"><span class='ocrx_word' id='word_1_684' title='bbox 189 5524 276 5582; x_wconf 69' lang='lat' dir='ltr'><strong>rae,</strong></span> <span class='ocrx_word' id='word_1_685' title='bbox 325 5526 404 5582; x_wconf 66' lang='lat' dir='ltr'><strong>ea:</strong></span> <span class='ocrx_word' id='word_1_686' title='bbox 450 5512 718 5582; x_wconf 78' lang='lat' dir='ltr'><strong>dicuntur,</strong></span> <span class='ocrx_word' id='word_1_687' title='bbox 771 5529 887 5580; x_wconf 67' lang='lat' dir='ltr'><strong>quae</strong></span> <span class='ocrx_word' id='word_1_688' title='bbox 921 5515 1115 5567; x_wconf 80' lang='lat' dir='ltr'><strong>habent</strong></span> <span class='ocrx_word' id='word_1_689' title='bbox 1162 5532 1386 5582; x_wconf 88' lang='lat' dir='ltr'><strong>pennam</strong></span> <span class='ocrx_word' id='word_1_690' title='bbox 1417 5512 1722 5582; x_wconf 80' lang='lat' dir='ltr'><strong>discretam,</strong></span> 
     </span>
    </p>
   </div>
   <div class='ocr_carea' id='block_1_93' title="bbox 189 5579 1724 5656">
    <p class='ocr_par' dir='ltr' id='par_1_93' title="bbox 189 5579 1724 5656">
     <span class='ocr_line' id='line_1_93' title="bbox 189 5579 1724 5656; baseline 0.006 -24"><span class='ocrx_word' id='word_1_691' title='bbox 189 5581 298 5633; x_wconf 83' lang='lat' dir='ltr'><strong>alas</strong></span> <span class='ocrx_word' id='word_1_692' title='bbox 343 5579 518 5656; x_wconf 72' lang='lat' dir='ltr'><strong>ﬁssas.</strong></span> <span class='ocrx_word' id='word_1_693' title='bbox 553 5579 925 5656; x_wconf 80' lang='lat' dir='ltr'><strong>Dermopteras</strong></span> <span class='ocrx_word' id='word_1_694' title='bbox 949 5599 1038 5636; x_wconf 85' lang='lat' dir='ltr'><strong>eas</strong></span> <span class='ocrx_word' id='word_1_695' title='bbox 1073 5579 1338 5649; x_wconf 70' lang='lat' dir='ltr'><strong>vocamus,</strong></span> <span class='ocrx_word' id='word_1_696' title='bbox 1363 5590 1556 5656; x_wconf 87' lang='lat' dir='ltr'><strong>quibus</strong></span> <span class='ocrx_word' id='word_1_697' title='bbox 1588 5579 1724 5641; x_wconf 75' lang='lat' dir='ltr'><strong>cutis</strong></span> 
     </span>
    </p>
   </div>
   <div class='ocr_carea' id='block_1_94' title="bbox 191 5651 1722 5726">
    <p class='ocr_par' dir='ltr' id='par_1_94' title="bbox 191 5651 1722 5726">
     <span class='ocr_line' id='line_1_94' title="bbox 191 5651 1722 5726; baseline 0.005 -24"><span class='ocrx_word' id='word_1_698' title='bbox 191 5666 281 5716; x_wconf 89' lang='lat' dir='ltr'><strong>pro</strong></span> <span class='ocrx_word' id='word_1_699' title='bbox 307 5651 493 5726; x_wconf 81' lang='lat' dir='ltr'><strong>pennis</strong></span> <span class='ocrx_word' id='word_1_700' title='bbox 527 5666 631 5726; x_wconf 76' lang='lat' dir='ltr'><strong>est.</strong></span> <span class='ocrx_word' id='word_1_701' title='bbox 675 5653 877 5726; x_wconf 72' lang='lat' dir='ltr'><strong>l’lilo_la:</strong></span> <span class='ocrx_word' id='word_1_702' title='bbox 905 5673 980 5708; x_wconf 71' lang='lat' dir='ltr'><strong>eae</strong></span> <span class='ocrx_word' id='word_1_703' title='bbox 1012 5651 1398 5726; x_wconf 60' lang='lat' dir='ltr'><strong>intelliguntur,</strong></span> <span class='ocrx_word' id='word_1_704' title='bbox 1429 5675 1545 5726; x_wconf 76' lang='lat' dir='ltr'><strong>qua:</strong></span> <span class='ocrx_word' id='word_1_705' title='bbox 1584 5660 1722 5711; x_wconf 76' lang='lat' dir='ltr'><strong>sicca</strong></span> 
     </span>
    </p>
   </div>
   <div class='ocr_carea' id='block_1_95' title="bbox 191 5721 1722 5796">
    <p class='ocr_par' dir='ltr' id='par_1_95' title="bbox 191 5721 1722 5796">
     <span class='ocr_line' id='line_1_95' title="bbox 191 5721 1722 5796; baseline 0.006 -27"><span class='ocrx_word' id='word_1_706' title='bbox 191 5721 494 5796; x_wconf 83' lang='lat' dir='ltr'><strong>membrana</strong></span> <span class='ocrx_word' id='word_1_707' title='bbox 545 5724 742 5777; x_wconf 77' lang='lat' dir='ltr'><strong>volant.</strong></span> <span class='ocrx_word' id='word_1_708' title='bbox 791 5721 1028 5791; x_wconf 88' lang='lat' dir='ltr'><strong>Denique</strong></span> <span class='ocrx_word' id='word_1_709' title='bbox 1084 5725 1413 5792; x_wconf 75' lang='lat' dir='ltr'><strong>col00pteras</strong></span> <span class='ocrx_word' id='word_1_710' title='bbox 1447 5721 1722 5796; x_wconf 65' lang='lat' dir='ltr'><strong>appellare</strong></span> 
     </span>
    </p>
   </div>
   <div class='ocr_carea' id='block_1_96' title="bbox 190 5790 1722 5866">
    <p class='ocr_par' dir='ltr' id='par_1_96' title="bbox 190 5790 1722 5866">
     <span class='ocr_line' id='line_1_96' title="bbox 190 5790 1722 5866; baseline 0.005 -24"><span class='ocrx_word' id='word_1_711' title='bbox 190 5790 357 5845; x_wconf 81' lang='lat' dir='ltr'><strong>solent</strong></span> <span class='ocrx_word' id='word_1_712' title='bbox 381 5805 474 5847; x_wconf 81' lang='lat' dir='ltr'><strong>eas</strong></span> <span class='ocrx_word' id='word_1_713' title='bbox 502 5808 733 5862; x_wconf 77' lang='lat' dir='ltr'><strong>quorum</strong></span> <span class='ocrx_word' id='word_1_714' title='bbox 758 5790 950 5863; x_wconf 60' lang='lat' dir='ltr'><strong>penna:</strong></span> <span class='ocrx_word' id='word_1_715' title='bbox 970 5797 1157 5866; x_wconf 76' lang='lat' dir='ltr'><strong>vagina</strong></span> <span class='ocrx_word' id='word_1_716' title='bbox 1193 5790 1550 5852; x_wconf 64' lang='lat' dir='ltr'><strong>continentur.</strong></span> <span class='ocrx_word' id='word_1_717' title='bbox 1577 5800 1722 5864; x_wconf 76' lang='lat' dir='ltr'><strong>Quod</strong></span> 
     </span>
    </p>
   </div>
   <div class='ocr_carea' id='block_1_97' title="bbox 1838 3361 3388 3431">
    <p class='ocr_par' dir='ltr' id='par_1_97' title="bbox 1838 3361 3388 3431">
     <span class='ocr_line' id='line_1_97' title="bbox 1838 3361 3388 3431; baseline 0 -15"><span class='ocrx_word' id='word_1_718' title='bbox 1838 3363 2196 3431; x_wconf 86' lang='lat' dir='ltr'><strong>deprehendet</strong></span> <span class='ocrx_word' id='word_1_719' title='bbox 2226 3363 2559 3416; x_wconf 76' lang='lat' dir='ltr'><strong>varietatem.</strong></span> <span class='ocrx_word' id='word_1_720' title='bbox 2588 3361 2704 3415; x_wconf 85' lang='lat' dir='ltr'><strong>Jam</strong></span> <span class='ocrx_word' id='word_1_721' title='bbox 2744 3378 2869 3416; x_wconf 75' lang='lat' dir='ltr'><strong>vero</strong></span> <span class='ocrx_word' id='word_1_722' title='bbox 2890 3362 3064 3415; x_wconf 89' lang='lat' dir='ltr'><strong>conati</strong></span> <span class='ocrx_word' id='word_1_723' title='bbox 3097 3371 3220 3414; x_wconf 91' lang='lat' dir='ltr'><strong>sunt</strong></span> <span class='ocrx_word' id='word_1_724' title='bbox 3256 3378 3388 3416; x_wconf 84' lang='lat' dir='ltr'><strong>non-</strong></span> 
     </span>
    </p>
   </div>
   <div class='ocr_carea' id='block_1_98' title="bbox 1839 3453 3388 3518">
    <p class='ocr_par' dir='ltr' id='par_1_98' title="bbox 1839 3453 3388 3518">
     <span class='ocr_line' id='line_1_98' title="bbox 1839 3453 3388 3518; baseline -0.002 -10"><span class='ocrx_word' id='word_1_725' title='bbox 1839 3455 1965 3508; x_wconf 90' lang='lat' dir='ltr'><strong>nulli</strong></span> <span class='ocrx_word' id='word_1_726' title='bbox 2010 3455 2252 3507; x_wconf 75' lang='lat' dir='ltr'><strong>confictis</strong></span> <span class='ocrx_word' id='word_1_727' title='bbox 2302 3454 2604 3507; x_wconf 90' lang='lat' dir='ltr'><strong>nominibus</strong></span> <span class='ocrx_word' id='word_1_728' title='bbox 2637 3455 2828 3516; x_wconf 84' lang='lat' dir='ltr'><strong>uti,nt,</strong></span> <span class='ocrx_word' id='word_1_729' title='bbox 2874 3453 3029 3506; x_wconf 87' lang='lat' dir='ltr'><strong>veluti</strong></span> <span class='ocrx_word' id='word_1_730' title='bbox 3059 3467 3151 3518; x_wconf 92' lang='lat' dir='ltr'><strong>per</strong></span> <span class='ocrx_word' id='word_1_731' title='bbox 3182 3453 3388 3505; x_wconf 89' lang='lat' dir='ltr'><strong>inustas</strong></span> 
     </span>
    </p>
   </div>
   <div class='ocr_carea' id='block_1_99' title="bbox 1836 3543 3387 3614">
    <p class='ocr_par' dir='ltr' id='par_1_99' title="bbox 1836 3543 3387 3614">
     <span class='ocr_line' id='line_1_99' title="bbox 1836 3543 3387 3614; baseline -0.001 -16"><span class='ocrx_word' id='word_1_732' title='bbox 1836 3546 2089 3612; x_wconf 88' lang='lat' dir='ltr'><strong>quasdam</strong></span> <span class='ocrx_word' id='word_1_733' title='bbox 2115 3545 2338 3597; x_wconf 67' lang='lat' dir='ltr'><strong>insolitae</strong></span> <span class='ocrx_word' id='word_1_734' title='bbox 2374 3554 2425 3598; x_wconf 91' lang='lat' dir='ltr'><strong>et</strong></span> <span class='ocrx_word' id='word_1_735' title='bbox 2462 3546 2754 3614; x_wconf 69' lang='lat' dir='ltr'><strong>peregrina:</strong></span> <span class='ocrx_word' id='word_1_736' title='bbox 2797 3543 3165 3612; x_wconf 87' lang='lat' dir='ltr'><strong>appellationis</strong></span> <span class='ocrx_word' id='word_1_737' title='bbox 3208 3552 3387 3607; x_wconf 87' lang='lat' dir='ltr'><strong>notas,</strong></span> 
     </span>
    </p>
   </div>
   <div class='ocr_carea' id='block_1_100' title="bbox 1840 3633 3389 3705">
    <p class='ocr_par' dir='ltr' id='par_1_100' title="bbox 1840 3633 3389 3705">
     <span class='ocr_line' id='line_1_100' title="bbox 1840 3633 3389 3705; baseline 0 -18"><span class='ocrx_word' id='word_1_738' title='bbox 1840 3635 2121 3702; x_wconf 83' lang='lat' dir='ltr'><strong>cujuslibet</strong></span> <span class='ocrx_word' id='word_1_739' title='bbox 2149 3637 2360 3705; x_wconf 79' lang='lat' dir='ltr'><strong>generis</strong></span> <span class='ocrx_word' id='word_1_740' title='bbox 2392 3636 2690 3705; x_wconf 89' lang='lat' dir='ltr'><strong>proprietas</strong></span> <span class='ocrx_word' id='word_1_741' title='bbox 2744 3645 3116 3703; x_wconf 81' lang='lat' dir='ltr'><strong>cognoscatur.</strong></span> <span class='ocrx_word' id='word_1_742' title='bbox 3147 3634 3210 3689; x_wconf 86' lang='lat' dir='ltr'><strong>Et</strong></span> <span class='ocrx_word' id='word_1_743' title='bbox 3255 3633 3389 3687; x_wconf 88' lang='lat' dir='ltr'><strong>alias</strong></span> 
     </span>
    </p>
   </div>
   <div class='ocr_carea' id='block_1_101' title="bbox 1837 3725 3386 3795">
    <p class='ocr_par' dir='ltr' id='par_1_101' title="bbox 1837 3725 3386 3795">
     <span class='ocr_line' id='line_1_101' title="bbox 1837 3725 3386 3795; baseline 0.003 -17"><span class='ocrx_word' id='word_1_744' title='bbox 1837 3729 2048 3795; x_wconf 92' lang='lat' dir='ltr'><strong>quidem</strong></span> <span class='ocrx_word' id='word_1_745' title='bbox 2081 3743 2204 3780; x_wconf 86' lang='lat' dir='ltr'><strong>aves</strong></span> <span class='ocrx_word' id='word_1_746' title='bbox 2245 3728 2582 3779; x_wconf 89' lang='lat' dir='ltr'><strong>nominarunt</strong></span> <span class='ocrx_word' id='word_1_747' title='bbox 2612 3728 2974 3793; x_wconf 85' lang='lat' dir='ltr'><strong>schizupteras</strong></span> <span class='ocrx_word' id='word_1_748' title='bbox 2995 3767 3010 3789; x_wconf 93' lang='lat'><strong>,</strong></span> <span class='ocrx_word' id='word_1_749' title='bbox 3040 3727 3113 3779; x_wconf 90' lang='lat' dir='ltr'><strong>uti</strong></span> <span class='ocrx_word' id='word_1_750' title='bbox 3141 3725 3344 3795; x_wconf 87' lang='lat' dir='ltr'><strong>aquilas</strong></span> <span class='ocrx_word' id='word_1_751' title='bbox 3370 3742 3386 3782; x_wconf 91' lang='lat'><strong>:</strong></span> 
     </span>
    </p>
   </div>
   <div class='ocr_carea' id='block_1_102' title="bbox 1837 3814 3387 3886">
    <p class='ocr_par' dir='ltr' id='par_1_102' title="bbox 1837 3814 3387 3886">
     <span class='ocr_line' id='line_1_102' title="bbox 1837 3814 3387 3886; baseline 0 -16"><span class='ocrx_word' id='word_1_752' title='bbox 1837 3817 1966 3870; x_wconf 88' lang='lat' dir='ltr'><strong>alias</strong></span> <span class='ocrx_word' id='word_1_753' title='bbox 2025 3832 2149 3870; x_wconf 90' lang='lat' dir='ltr'><strong>vero</strong></span> <span class='ocrx_word' id='word_1_754' title='bbox 2199 3816 2595 3884; x_wconf 80' lang='lat' dir='ltr'><strong>dernwpteras,</strong></span> <span class='ocrx_word' id='word_1_755' title='bbox 2656 3827 2712 3870; x_wconf 93' lang='lat' dir='ltr'><strong>ut</strong></span> <span class='ocrx_word' id='word_1_756' title='bbox 2762 3817 3166 3886; x_wconf 87' lang='lat' dir='ltr'><strong>vespertilioues</strong></span> <span class='ocrx_word' id='word_1_757' title='bbox 3203 3832 3216 3869; x_wconf 91' lang='lat'><strong>:</strong></span> <span class='ocrx_word' id='word_1_758' title='bbox 3254 3814 3387 3870; x_wconf 87' lang='lat' dir='ltr'><strong>alias</strong></span> 
     </span>
    </p>
   </div>
   <div class='ocr_carea' id='block_1_103' title="bbox 1844 3979 3384 4050">
    <p class='ocr_par' dir='ltr' id='par_1_103' title="bbox 1844 3979 3384 4050">
     <span class='ocr_line' id='line_1_103' title="bbox 1844 3979 3384 4050; baseline 0.001 -18"><span class='ocrx_word' id='word_1_759' title='bbox 1844 3981 1927 4032; x_wconf 86' lang='lat' dir='ltr'><strong>hic</strong></span> <span class='ocrx_word' id='word_1_760' title='bbox 1961 3981 2214 4046; x_wconf 84' lang='lat' dir='ltr'><strong>scriptum</strong></span> <span class='ocrx_word' id='word_1_761' title='bbox 2248 3982 2547 4034; x_wconf 90' lang='lat' dir='ltr'><strong>invenimus</strong></span> <span class='ocrx_word' id='word_1_762' title='bbox 2575 3985 2638 4033; x_wconf 88' lang='lat' dir='ltr'><strong>de</strong></span> <span class='ocrx_word' id='word_1_763' title='bbox 2677 3980 3013 4045; x_wconf 80' lang='lat' dir='ltr'><strong>coleopteris.</strong></span> <span class='ocrx_word' id='word_1_764' title='bbox 3051 3979 3102 4034; x_wconf 92' lang='lat' dir='ltr'><strong>id</strong></span> <span class='ocrx_word' id='word_1_765' title='bbox 3127 3996 3227 4035; x_wconf 89' lang='lat' dir='ltr'><strong>non</strong></span> <span class='ocrx_word' id='word_1_766' title='bbox 3261 3996 3384 4050; x_wconf 82' lang='lat' dir='ltr'><strong>pro-</strong></span> 
     </span>
    </p>
   </div>
   <div class='ocr_carea' id='block_1_104' title="bbox 1840 4050 3386 4120">
    <p class='ocr_par' dir='ltr' id='par_1_104' title="bbox 1840 4050 3386 4120">
     <span class='ocr_line' id='line_1_104' title="bbox 1840 4050 3386 4120; baseline 0.002 -18"><span class='ocrx_word' id='word_1_767' title='bbox 1840 4054 1994 4102; x_wconf 81' lang='lat' dir='ltr'><strong>batur</strong></span> <span class='ocrx_word' id='word_1_768' title='bbox 2021 4051 2179 4106; x_wconf 86' lang='lat' dir='ltr'><strong>Petro</strong></span> <span class='ocrx_word' id='word_1_769' title='bbox 2209 4050 2400 4105; x_wconf 85' lang='lat' dir='ltr'><strong>Petito.</strong></span> <span class='ocrx_word' id='word_1_770' title='bbox 2435 4051 2596 4120; x_wconf 76' lang='lat' dir='ltr'><strong>Igitur</strong></span> <span class='ocrx_word' id='word_1_771' title='bbox 2627 4051 2714 4101; x_wconf 82' lang='lat' dir='ltr'><strong>lib.</strong></span> <span class='ocrx_word' id='word_1_772' title='bbox 2744 4066 2792 4101; x_wconf 88' lang='lat' dir='ltr'><strong>tv</strong></span> <span class='ocrx_word' id='word_1_773' title='bbox 2826 4051 3282 4104; x_wconf 80' lang='lat' dir='ltr'><strong>Misceilunearum</strong></span> <span class='ocrx_word' id='word_1_774' title='bbox 3306 4058 3386 4104; x_wconf 81' lang='lat' dir='ltr'><strong>ob-</strong></span> 
     </span>
    </p>
   </div>
   <div class='ocr_carea' id='block_1_105' title="bbox 1832 4121 3386 4189">
    <p class='ocr_par' dir='ltr' id='par_1_105' title="bbox 1832 4121 3386 4189">
     <span class='ocr_line' id='line_1_105' title="bbox 1832 4121 3386 4189; baseline 0.004 -19"><span class='ocrx_word' id='word_1_775' title='bbox 1832 4123 2199 4180; x_wconf 70' lang='lat' dir='ltr'><strong>seruationum,</strong></span> <span class='ocrx_word' id='word_1_776' title='bbox 2246 4138 2361 4189; x_wconf 81' lang='lat' dir='ltr'><strong>cap.</strong></span> <span class='ocrx_word' id='word_1_777' title='bbox 2403 4121 2488 4180; x_wconf 79' lang='lat' dir='ltr'><strong>l6,</strong></span> <span class='ocrx_word' id='word_1_778' title='bbox 2549 4121 2793 4187; x_wconf 88' lang='lat' dir='ltr'><strong>loquitur-</strong></span> <span class='ocrx_word' id='word_1_779' title='bbox 2836 4122 2933 4174; x_wconf 87' lang='lat' dir='ltr'><strong>hoc</strong></span> <span class='ocrx_word' id='word_1_780' title='bbox 2977 4123 3177 4173; x_wconf 90' lang='lat' dir='ltr'><strong>modo:</strong></span> <span class='ocrx_word' id='word_1_781' title='bbox 3216 4121 3386 4188; x_wconf 83' lang='lat' dir='ltr'><strong>Hujus</strong></span> 
     </span>
    </p>
   </div>
   <div class='ocr_carea' id='block_1_106' title="bbox 1832 4190 3382 4258">
    <p class='ocr_par' dir='ltr' id='par_1_106' title="bbox 1832 4190 3382 4258">
     <span class='ocr_line' id='line_1_106' title="bbox 1832 4190 3382 4258; baseline 0.003 -18"><span class='ocrx_word' id='word_1_782' title='bbox 1832 4190 2007 4257; x_wconf 81' lang='lat' dir='ltr'><strong>itaque</strong></span> <span class='ocrx_word' id='word_1_783' title='bbox 2037 4190 2323 4242; x_wconf 84' lang='lat' dir='ltr'><strong>volatilium</strong></span> <span class='ocrx_word' id='word_1_784' title='bbox 2353 4193 2633 4242; x_wconf 85' lang='lat' dir='ltr'><strong>secundum</strong></span> <span class='ocrx_word' id='word_1_785' title='bbox 2666 4195 2871 4242; x_wconf 87' lang='lat' dir='ltr'><strong>alarum</strong></span> <span class='ocrx_word' id='word_1_786' title='bbox 2903 4191 3226 4258; x_wconf 74' lang='lat' dir='ltr'><strong>diﬁcrentias</strong></span> <span class='ocrx_word' id='word_1_787' title='bbox 3256 4194 3382 4245; x_wconf 82' lang='lat' dir='ltr'><strong>divi-</strong></span> 
     </span>
    </p>
   </div>
   <div class='ocr_carea' id='block_1_107' title="bbox 1833 4259 3384 4329">
    <p class='ocr_par' dir='ltr' id='par_1_107' title="bbox 1833 4259 3384 4329">
     <span class='ocr_line' id='line_1_107' title="bbox 1833 4259 3384 4329; baseline 0 -18"><span class='ocrx_word' id='word_1_788' title='bbox 1833 4259 2017 4323; x_wconf 75' lang='lat' dir='ltr'><strong>siottis,</strong></span> <span class='ocrx_word' id='word_1_789' title='bbox 2048 4272 2232 4312; x_wconf 80' lang='lat' dir='ltr'><strong>cwtera</strong></span> <span class='ocrx_word' id='word_1_790' title='bbox 2252 4263 2456 4329; x_wconf 90' lang='lat' dir='ltr'><strong>quidem</strong></span> <span class='ocrx_word' id='word_1_791' title='bbox 2476 4263 2616 4320; x_wconf 81' lang='lat' dir='ltr'><strong>bene,</strong></span> <span class='ocrx_word' id='word_1_792' title='bbox 2642 4273 2686 4312; x_wconf 89' lang='lat' dir='ltr'><strong>et</strong></span> <span class='ocrx_word' id='word_1_793' title='bbox 2713 4278 2773 4312; x_wconf 78' lang='lat' dir='ltr'><strong>ex</strong></span> <span class='ocrx_word' id='word_1_794' title='bbox 2794 4261 3084 4312; x_wconf 72' lang='lat' dir='ltr'><strong>Aristotelis</strong></span> <span class='ocrx_word' id='word_1_795' title='bbox 3110 4263 3384 4325; x_wconf 78' lang='lat' dir='ltr'><strong>sententia,</strong></span> 
     </span>
    </p>
   </div>
   <div class='ocr_carea' id='block_1_108' title="bbox 1835 4330 3387 4399">
    <p class='ocr_par' dir='ltr' id='par_1_108' title="bbox 1835 4330 3387 4399">
     <span class='ocr_line' id='line_1_108' title="bbox 1835 4330 3387 4399; baseline 0.003 -20"><span class='ocrx_word' id='word_1_796' title='bbox 1835 4331 1970 4380; x_wconf 89' lang='lat' dir='ltr'><strong>unde</strong></span> <span class='ocrx_word' id='word_1_797' title='bbox 2003 4332 2192 4394; x_wconf 87' lang='lat' dir='ltr'><strong>accepit</strong></span> <span class='ocrx_word' id='word_1_798' title='bbox 2231 4347 2247 4383; x_wconf 92' lang='grc'><strong>.·</strong></span> <span class='ocrx_word' id='word_1_799' title='bbox 2277 4333 2329 4383; x_wconf 85' lang='lat' dir='ltr'><strong>in</strong></span> <span class='ocrx_word' id='word_1_800' title='bbox 2353 4347 2468 4383; x_wconf 86' lang='lat' dir='ltr'><strong>voce</strong></span> <span class='ocrx_word' id='word_1_801' title='bbox 2498 4330 2858 4399; x_wconf 80' lang='grc' dir='ltr'>κουλεόπτερα</span> <span class='ocrx_word' id='word_1_802' title='bbox 2909 4345 3010 4380; x_wconf 88' lang='lat' dir='ltr'><strong>non</strong></span> <span class='ocrx_word' id='word_1_803' title='bbox 3063 4331 3387 4383; x_wconf 68' lang='lat' dir='ltr'><strong>mediocriter</strong></span> 
     </span>
    </p>
   </div>
   <div class='ocr_carea' id='block_1_109' title="bbox 1835 4399 3387 4467">
    <p class='ocr_par' dir='ltr' id='par_1_109' title="bbox 1835 4399 3387 4467">
     <span class='ocr_line' id='line_1_109' title="bbox 1835 4399 3387 4467; baseline 0.001 -17"><span class='ocrx_word' id='word_1_804' title='bbox 1835 4399 2182 4451; x_wconf 76' lang='lat' dir='ltr'><strong>Izailttct&#39;natus</strong></span> <span class='ocrx_word' id='word_1_805' title='bbox 2206 4402 2420 4460; x_wconf 78' lang='lat' dir='ltr'><strong>videtur,</strong></span> <span class='ocrx_word' id='word_1_806' title='bbox 2449 4416 2562 4450; x_wconf 87' lang='lat' dir='ltr'><strong>cum</strong></span> <span class='ocrx_word' id='word_1_807' title='bbox 2592 4412 2734 4463; x_wconf 83' lang='lat' dir='ltr'><strong>putat</strong></span> <span class='ocrx_word' id='word_1_808' title='bbox 2772 4399 3052 4467; x_wconf 75' lang='lat' dir='ltr'><strong>signiﬁcari</strong></span> <span class='ocrx_word' id='word_1_809' title='bbox 3086 4399 3180 4451; x_wconf 80' lang='lat' dir='ltr'><strong>hoc</strong></span> <span class='ocrx_word' id='word_1_810' title='bbox 3220 4404 3387 4452; x_wconf 81' lang='lat' dir='ltr'><strong>nomi-</strong></span> 
     </span>
    </p>
   </div>
   <div class='ocr_carea' id='block_1_110' title="bbox 1765 4471 3385 4545">
    <p class='ocr_par' dir='ltr' id='par_1_110' title="bbox 1765 4471 3385 4545">
     <span class='ocr_line' id='line_1_110' title="bbox 1765 4471 3385 4545; baseline 0.004 -28"><span class='ocrx_word' id='word_1_811' title='bbox 1765 4487 1810 4545; x_wconf 68' lang='grc' dir='ltr'><strong>ί)</strong></span> <span class='ocrx_word' id='word_1_812' title='bbox 1839 4485 1898 4545; x_wconf 81' lang='lat' dir='ltr'><strong>ne</strong></span> <span class='ocrx_word' id='word_1_813' title='bbox 1935 4472 2246 4521; x_wconf 69' lang='lat' dir='ltr'><strong>insectorum</strong></span> <span class='ocrx_word' id='word_1_814' title='bbox 2289 4471 2416 4545; x_wconf 74' lang='lat' dir='ltr'><strong>illud</strong></span> <span class='ocrx_word' id='word_1_815' title='bbox 2465 4484 2644 4545; x_wconf 77' lang='lat' dir='ltr'><strong>genus,</strong></span> <span class='ocrx_word' id='word_1_816' title='bbox 2699 4486 2813 4545; x_wconf 72' lang='lat' dir='ltr'><strong>qua:</strong></span> <span class='ocrx_word' id='word_1_817' title='bbox 2852 4471 3131 4522; x_wconf 77' lang='lat' dir='ltr'><strong>involucris</strong></span> <span class='ocrx_word' id='word_1_818' title='bbox 3171 4472 3385 4545; x_wconf 80' lang='lat' dir='ltr'><strong>quibus-</strong></span> 
     </span>
    </p>
   </div>
   <div class='ocr_carea' id='block_1_111' title="bbox 1835 4538 3383 4608">
    <p class='ocr_par' dir='ltr' id='par_1_111' title="bbox 1835 4538 3383 4608">
     <span class='ocr_line' id='line_1_111' title="bbox 1835 4538 3383 4608; baseline 0.003 -20"><span class='ocrx_word' id='word_1_819' title='bbox 1835 4542 1952 4588; x_wconf 85' lang='lat' dir='ltr'><strong>dam</strong></span> <span class='ocrx_word' id='word_1_820' title='bbox 1985 4553 2226 4605; x_wconf 72' lang='lat' dir='ltr'><strong>i&#39;oncepta</strong></span> <span class='ocrx_word' id='word_1_821' title='bbox 2255 4550 2299 4590; x_wconf 88' lang='lat' dir='ltr'><strong>et</strong></span> <span class='ocrx_word' id='word_1_822' title='bbox 2325 4538 2434 4604; x_wconf 78' lang='lat' dir='ltr'><strong>fota</strong></span> <span class='ocrx_word' id='word_1_823' title='bbox 2477 4542 2542 4590; x_wconf 85' lang='lat' dir='ltr'><strong>ad</strong></span> <span class='ocrx_word' id='word_1_824' title='bbox 2569 4542 2778 4608; x_wconf 78' lang='lat' dir='ltr'><strong>aliquod</strong></span> <span class='ocrx_word' id='word_1_825' title='bbox 2808 4550 3024 4602; x_wconf 80' lang='lat' dir='ltr'><strong>tempus,</strong></span> <span class='ocrx_word' id='word_1_826' title='bbox 3057 4543 3383 4608; x_wconf 75' lang='lat' dir='ltr'><strong>postmodum</strong></span> 
     </span>
    </p>
   </div>
   <div class='ocr_carea' id='block_1_112' title="bbox 1827 4607 3383 4674">
    <p class='ocr_par' dir='ltr' id='par_1_112' title="bbox 1827 4607 3383 4674">
     <span class='ocr_line' id='line_1_112' title="bbox 1827 4607 3383 4674; baseline 0.005 -18"><span class='ocrx_word' id='word_1_827' title='bbox 1827 4611 2091 4673; x_wconf 84' lang='lat' dir='ltr'><strong>putamine</strong></span> <span class='ocrx_word' id='word_1_828' title='bbox 2133 4610 2365 4674; x_wconf 81' lang='lat' dir='ltr'><strong>disrupta</strong></span> <span class='ocrx_word' id='word_1_829' title='bbox 2419 4607 2661 4663; x_wconf 62' lang='lat' dir='ltr'><strong>evolant.‘</strong></span> <span class='ocrx_word' id='word_1_830' title='bbox 2710 4622 2761 4661; x_wconf 88' lang='lat' dir='ltr'><strong>ut</strong></span> <span class='ocrx_word' id='word_1_831' title='bbox 2796 4614 2857 4661; x_wconf 89' lang='lat' dir='ltr'><strong>de</strong></span> <span class='ocrx_word' id='word_1_832' title='bbox 2886 4611 3078 4660; x_wconf 76' lang='lat' dir='ltr'><strong>etcadis</strong></span> <span class='ocrx_word' id='word_1_833' title='bbox 3113 4607 3383 4664; x_wconf 82' lang='lat' dir='ltr'><strong>Lucretius</strong></span> 
     </span>
    </p>
   </div>
   <div class='ocr_carea' id='block_1_113' title="bbox 1829 4678 2296 4731">
    <p class='ocr_par' dir='ltr' id='par_1_113' title="bbox 1829 4678 2296 4731">
     <span class='ocr_line' id='line_1_113' title="bbox 1829 4678 2296 4731; baseline 0.006 -3"><span class='ocrx_word' id='word_1_834' title='bbox 1829 4691 2071 4728; x_wconf 84' lang='lat' dir='ltr'><strong>memorat</strong></span> <span class='ocrx_word' id='word_1_835' title='bbox 2095 4678 2183 4730; x_wconf 80' lang='lat' dir='ltr'><strong>lib.</strong></span> <span class='ocrx_word' id='word_1_836' title='bbox 2224 4693 2254 4730; x_wconf 83' lang='lat' dir='ltr'><strong>V</strong></span> <span class='ocrx_word' id='word_1_837' title='bbox 2285 4697 2296 4731; x_wconf 87' lang='lat'><strong>:</strong></span> 
     </span>
    </p>
   </div>
   <div class='ocr_carea' id='block_1_114' title="bbox 1898 4746 3102 4802">
    <p class='ocr_par' dir='ltr' id='par_1_114' title="bbox 1898 4746 3102 4802">
     <span class='ocr_line' id='line_1_114' title="bbox 1898 4746 3102 4802; baseline 0.002 -4"><span class='ocrx_word' id='word_1_838' title='bbox 1898 4746 2183 4799; x_wconf 84' lang='lat' dir='ltr'><strong>Follicnlos</strong></span> <span class='ocrx_word' id='word_1_839' title='bbox 2209 4760 2265 4800; x_wconf 90' lang='lat' dir='ltr'><strong>ut</strong></span> <span class='ocrx_word' id='word_1_840' title='bbox 2293 4762 2430 4800; x_wconf 91' lang='lat' dir='ltr'><strong>nunc</strong></span> <span class='ocrx_word' id='word_1_841' title='bbox 2455 4758 2652 4801; x_wconf 90' lang='lat' dir='ltr'><strong>teretes</strong></span> <span class='ocrx_word' id='word_1_842' title='bbox 2689 4757 2872 4802; x_wconf 62' lang='lat' dir='ltr'><strong>amate</strong></span> <span class='ocrx_word' id='word_1_843' title='bbox 2904 4748 3102 4801; x_wconf 75' lang='lat' dir='ltr'><strong>cicadte</strong></span> 
     </span>
    </p>
   </div>
   <div class='ocr_carea' id='block_1_115' title="bbox 1900 4817 3340 4886">
    <p class='ocr_par' dir='ltr' id='par_1_115' title="bbox 1900 4817 3340 4886">
     <span class='ocr_line' id='line_1_115' title="bbox 1900 4817 3340 4886; baseline 0.005 -20"><span class='ocrx_word' id='word_1_844' title='bbox 1900 4817 2169 4882; x_wconf 85' lang='lat' dir='ltr'><strong>Linqunnt</strong></span> <span class='ocrx_word' id='word_1_845' title='bbox 2196 4828 2380 4886; x_wconf 87' lang='lat' dir='ltr'><strong>sponte</strong></span> <span class='ocrx_word' id='word_1_846' title='bbox 2414 4833 2530 4878; x_wconf 82' lang='lat' dir='ltr'><strong>sua.</strong></span> <span class='ocrx_word' id='word_1_847' title='bbox 2565 4820 2756 4871; x_wconf 83' lang='lat' dir='ltr'><strong>victum</strong></span> <span class='ocrx_word' id='word_1_848' title='bbox 2790 4821 3056 4883; x_wconf 78' lang='lat' dir='ltr'><strong>vitamque</strong></span> <span class='ocrx_word' id='word_1_849' title='bbox 3085 4828 3340 4884; x_wconf 86' lang='lat' dir='ltr'><strong>petentes.</strong></span> 
     </span>
    </p>
   </div>
   <div class='ocr_carea' id='block_1_116' title="bbox 1831 4883 3383 4959">
    <p class='ocr_par' dir='ltr' id='par_1_116' title="bbox 1831 4883 3383 4959">
     <span class='ocr_line' id='line_1_116' title="bbox 1831 4883 3383 4959; baseline 0.005 -25"><span class='ocrx_word' id='word_1_850' title='bbox 1831 4883 1992 4959; x_wconf 78' lang='lat' dir='ltr'><strong>Plane</strong></span> <span class='ocrx_word' id='word_1_851' title='bbox 2018 4888 2070 4959; x_wconf 82' lang='lat' dir='ltr'><strong>id</strong></span> <span class='ocrx_word' id='word_1_852' title='bbox 2102 4883 2246 4959; x_wconf 70' lang='lat' dir='ltr'><strong>verba</strong></span> <span class='ocrx_word' id='word_1_853' title='bbox 2292 4889 2400 4939; x_wconf 65' lang='lat' dir='ltr'><strong>[nec</strong></span> <span class='ocrx_word' id='word_1_854' title='bbox 2439 4886 2626 4959; x_wconf 68' lang='lat' dir='ltr'><strong>Basilii</strong></span> <span class='ocrx_word' id='word_1_855' title='bbox 2670 4899 2852 4940; x_wconf 85' lang='lat' dir='ltr'><strong>sonant</strong></span> <span class='ocrx_word' id='word_1_856' title='bbox 2880 4903 2898 4937; x_wconf 91' lang='lat'><em>:</em></span> <span class='ocrx_word' id='word_1_857' title='bbox 2946 4883 3145 4959; x_wconf 19' lang='grc' dir='ltr'>ὅσαᾼὲν</span> <span class='ocrx_word' id='word_1_858' title='bbox 3191 4888 3383 4959; x_wconf 87' lang='grc' dir='ltr'>θήκαις</span> 
     </span>
    </p>
   </div>
   <div class='ocr_carea' id='block_1_117' title="bbox 1827 4957 3378 5027">
    <p class='ocr_par' dir='ltr' id='par_1_117' title="bbox 1827 4957 3378 5027">
     <span class='ocr_line' id='line_1_117' title="bbox 1827 4957 3378 5027; baseline 0.003 -22"><span class='ocrx_word' id='word_1_859' title='bbox 1827 4957 1934 5027; x_wconf 71' lang='grc' dir='ltr'>τισὶ</span> <span class='ocrx_word' id='word_1_860' title='bbox 1961 4957 2052 5007; x_wconf 73' lang='grc' dir='ltr'>καὶ</span> <span class='ocrx_word' id='word_1_861' title='bbox 2074 4958 2383 5026; x_wconf 79' lang='grc' dir='ltr'>περιϐολαῖς</span> <span class='ocrx_word' id='word_1_862' title='bbox 2415 4958 2734 5024; x_wconf 78' lang='grc' dir='ltr'>γεννηθέντα</span> <span class='ocrx_word' id='word_1_863' title='bbox 2772 4957 3212 5027; x_wconf 73' lang='grc' dir='ltr'>περιρραγέντος,</span> <span class='ocrx_word' id='word_1_864' title='bbox 3245 4957 3378 5022; x_wconf 82' lang='lat' dir='ltr'><strong>etc.,</strong></span> 
     </span>
    </p>
   </div>
   <div class='ocr_carea' id='block_1_118' title="bbox 1825 5026 3375 5096">
    <p class='ocr_par' dir='ltr' id='par_1_118' title="bbox 1825 5026 3375 5096">
     <span class='ocr_line' id='line_1_118' title="bbox 1825 5026 3375 5096; baseline 0.005 -23"><span class='ocrx_word' id='word_1_865' title='bbox 1825 5026 2029 5091; x_wconf 78' lang='lat' dir='ltr'><strong>quibus,</strong></span> <span class='ocrx_word' id='word_1_866' title='bbox 2059 5043 2172 5093; x_wconf 72' lang='lat' dir='ltr'><strong>qua:</strong></span> <span class='ocrx_word' id='word_1_867' title='bbox 2197 5032 2403 5094; x_wconf 81' lang='lat' dir='ltr'><strong>proprie</strong></span> <span class='ocrx_word' id='word_1_868' title='bbox 2437 5028 2796 5096; x_wconf 82' lang='grc' dir='ltr'>κουλεόπτερα</span> <span class='ocrx_word' id='word_1_869' title='bbox 2839 5026 3102 5089; x_wconf 62' lang='lat' dir='ltr'><strong>ditantur,</strong></span> <span class='ocrx_word' id='word_1_870' title='bbox 3132 5031 3375 5094; x_wconf 74' lang='lat' dir='ltr'><strong>explicat.</strong></span> 
     </span>
    </p>
   </div>
   <div class='ocr_carea' id='block_1_119' title="bbox 1827 5096 3380 5165">
    <p class='ocr_par' dir='ltr' id='par_1_119' title="bbox 1827 5096 3380 5165">
     <span class='ocr_line' id='line_1_119' title="bbox 1827 5096 3380 5165; baseline 0.003 -19"><span class='ocrx_word' id='word_1_871' title='bbox 1827 5098 1888 5146; x_wconf 79' lang='lat' dir='ltr'><strong>At</strong></span> <span class='ocrx_word' id='word_1_872' title='bbox 1917 5096 2050 5162; x_wconf 79' lang='lat' dir='ltr'><strong>[also</strong></span> <span class='ocrx_word' id='word_1_873' title='bbox 2072 5109 2116 5148; x_wconf 88' lang='lat' dir='ltr'><strong>et</strong></span> <span class='ocrx_word' id='word_1_874' title='bbox 2141 5110 2326 5163; x_wconf 78' lang='lat' dir='ltr'><strong>prwter</strong></span> <span class='ocrx_word' id='word_1_875' title='bbox 2351 5109 2563 5149; x_wconf 80' lang='lat' dir='ltr'><strong>mentem</strong></span> <span class='ocrx_word' id='word_1_876' title='bbox 2593 5099 2904 5160; x_wconf 77' lang='lat' dir='ltr'><strong>Aristotelis,</strong></span> <span class='ocrx_word' id='word_1_877' title='bbox 2934 5099 3020 5165; x_wconf 89' lang='lat' dir='ltr'><strong>qui</strong></span> <span class='ocrx_word' id='word_1_878' title='bbox 3041 5101 3185 5163; x_wconf 76' lang='lat' dir='ltr'><strong>longe</strong></span> <span class='ocrx_word' id='word_1_879' title='bbox 3213 5099 3380 5151; x_wconf 85' lang='lat' dir='ltr'><strong>diver-</strong></span> 
     </span>
    </p>
   </div>
   <div class='ocr_carea' id='block_1_120' title="bbox 1824 5167 3380 5236">
    <p class='ocr_par' dir='ltr' id='par_1_120' title="bbox 1824 5167 3380 5236">
     <span class='ocr_line' id='line_1_120' title="bbox 1824 5167 3380 5236; baseline 0.003 -20"><span class='ocrx_word' id='word_1_880' title='bbox 1824 5184 1881 5216; x_wconf 82' lang='lat' dir='ltr'><strong>so</strong></span> <span class='ocrx_word' id='word_1_881' title='bbox 1914 5181 2064 5217; x_wconf 77' lang='lat' dir='ltr'><strong>sensu</strong></span> <span class='ocrx_word' id='word_1_882' title='bbox 2119 5169 2170 5217; x_wconf 88' lang='lat' dir='ltr'><strong>id</strong></span> <span class='ocrx_word' id='word_1_883' title='bbox 2211 5182 2390 5219; x_wconf 85' lang='lat' dir='ltr'><strong>nomen</strong></span> <span class='ocrx_word' id='word_1_884' title='bbox 2432 5178 2664 5234; x_wconf 77' lang='lat' dir='ltr'><strong>usurpat.</strong></span> <span class='ocrx_word' id='word_1_885' title='bbox 2717 5167 2835 5220; x_wconf 83' lang='lat' dir='ltr'><strong>Non</strong></span> <span class='ocrx_word' id='word_1_886' title='bbox 2873 5169 3007 5218; x_wconf 84' lang='lat' dir='ltr'><strong>enim</strong></span> <span class='ocrx_word' id='word_1_887' title='bbox 3038 5169 3100 5217; x_wconf 84' lang='lat' dir='ltr'><strong>ab</strong></span> <span class='ocrx_word' id='word_1_888' title='bbox 3145 5168 3209 5219; x_wconf 85' lang='lat' dir='ltr'><strong>iis</strong></span> <span class='ocrx_word' id='word_1_889' title='bbox 3236 5169 3380 5236; x_wconf 73' lang='lat' dir='ltr'><strong>folli-</strong></span> 
     </span>
    </p>
   </div>
   <div class='ocr_carea' id='block_1_121' title="bbox 1826 5236 3377 5306">
    <p class='ocr_par' dir='ltr' id='par_1_121' title="bbox 1826 5236 3377 5306">
     <span class='ocr_line' id='line_1_121' title="bbox 1826 5236 3377 5306; baseline 0.005 -22"><span class='ocrx_word' id='word_1_890' title='bbox 1826 5237 1957 5287; x_wconf 82' lang='lat' dir='ltr'><strong>culis</strong></span> <span class='ocrx_word' id='word_1_891' title='bbox 1997 5236 2359 5306; x_wconf 82' lang='grc' dir='ltr'>κουλεόπτερα</span> <span class='ocrx_word' id='word_1_892' title='bbox 2382 5238 2483 5288; x_wconf 81' lang='lat' dir='ltr'><strong>vult</strong></span> <span class='ocrx_word' id='word_1_893' title='bbox 2507 5240 2630 5299; x_wconf 87' lang='lat' dir='ltr'><strong>dici,</strong></span> <span class='ocrx_word' id='word_1_894' title='bbox 2659 5239 2746 5291; x_wconf 85' lang='lat' dir='ltr'><strong>sed</strong></span> <span class='ocrx_word' id='word_1_895' title='bbox 2773 5236 3124 5306; x_wconf 44' lang='lat' dir='ltr'><strong>obiurgo“,</strong></span> <span class='ocrx_word' id='word_1_896' title='bbox 3158 5241 3377 5306; x_wconf 72' lang='lat' dir='ltr'><strong>vaginis,</strong></span> 
     </span>
    </p>
   </div>
   <div class='ocr_carea' id='block_1_122' title="bbox 1824 5305 3380 5371">
    <p class='ocr_par' dir='ltr' id='par_1_122' title="bbox 1824 5305 3380 5371">
     <span class='ocr_line' id='line_1_122' title="bbox 1824 5305 3380 5371; baseline 0.004 -18"><span class='ocrx_word' id='word_1_897' title='bbox 1824 5308 2007 5371; x_wconf 81' lang='lat' dir='ltr'><strong>quibus</strong></span> <span class='ocrx_word' id='word_1_898' title='bbox 2064 5311 2160 5359; x_wconf 70' lang='lat' dir='ltr'><strong>uia:</strong></span> <span class='ocrx_word' id='word_1_899' title='bbox 2211 5305 2386 5359; x_wconf 86' lang='lat' dir='ltr'><strong>eorum</strong></span> <span class='ocrx_word' id='word_1_900' title='bbox 2439 5315 2760 5359; x_wconf 82' lang='lat' dir='ltr'><strong>muniuntur.</strong></span> <span class='ocrx_word' id='word_1_901' title='bbox 2815 5305 2955 5358; x_wconf 76' lang='lat' dir='ltr'><strong>Nam</strong></span> <span class='ocrx_word' id='word_1_902' title='bbox 2995 5305 3380 5360; x_wconf 16' lang='lat' dir='ltr'><strong>’Gru&#39;cis’xou-</strong></span> 
     </span>
    </p>
   </div>
   <div class='ocr_carea' id='block_1_123' title="bbox 1825 5373 3382 5444">
    <p class='ocr_par' dir='ltr' id='par_1_123' title="bbox 1825 5373 3382 5444">
     <span class='ocr_line' id='line_1_123' title="bbox 1825 5373 3382 5444; baseline 0.003 -20"><span class='ocrx_word' id='word_1_903' title='bbox 1825 5373 1943 5426; x_wconf 77' lang='grc' dir='ltr'>λεὸν</span> <span class='ocrx_word' id='word_1_904' title='bbox 1977 5377 2164 5441; x_wconf 75' lang='lat' dir='ltr'><strong>vagina</strong></span> <span class='ocrx_word' id='word_1_905' title='bbox 2193 5387 2286 5429; x_wconf 73' lang='lat' dir='ltr'><strong>est.</strong></span> <span class='ocrx_word' id='word_1_906' title='bbox 2319 5373 2465 5428; x_wconf 81' lang='lat' dir='ltr'><strong>Unde</strong></span> <span class='ocrx_word' id='word_1_907' title='bbox 2492 5377 2786 5429; x_wconf 84' lang='lat' dir='ltr'><strong>Theodorus</strong></span> <span class='ocrx_word' id='word_1_908' title='bbox 2815 5393 2902 5428; x_wconf 77' lang='lat' dir='ltr'><strong>eas</strong></span> <span class='ocrx_word' id='word_1_909' title='bbox 2929 5377 3157 5429; x_wconf 80' lang='lat' dir='ltr'><strong>volucres</strong></span> <span class='ocrx_word' id='word_1_910' title='bbox 3179 5381 3382 5444; x_wconf 69' lang='lat' dir='ltr'><strong>vagini-</strong></span> 
     </span>
    </p>
   </div>
   <div class='ocr_carea' id='block_1_124' title="bbox 1826 5445 3380 5510">
    <p class='ocr_par' dir='ltr' id='par_1_124' title="bbox 1826 5445 3380 5510">
     <span class='ocr_line' id='line_1_124' title="bbox 1826 5445 3380 5510; baseline 0.003 -15"><span class='ocrx_word' id='word_1_911' title='bbox 1826 5460 2024 5510; x_wconf 85' lang='lat' dir='ltr'><strong>pennes</strong></span> <span class='ocrx_word' id='word_1_912' title='bbox 2042 5445 2224 5499; x_wconf 84' lang='lat' dir='ltr'><strong>Latine</strong></span> <span class='ocrx_word' id='word_1_913' title='bbox 2248 5448 2412 5498; x_wconf 78' lang='lat' dir='ltr'><strong>vertit.</strong></span> <span class='ocrx_word' id='word_1_914' title='bbox 2442 5445 2522 5498; x_wconf 84' lang='lat' dir='ltr'><strong>Ita</strong></span> <span class='ocrx_word' id='word_1_915' title='bbox 2541 5450 2672 5498; x_wconf 83' lang='lat' dir='ltr'><strong>enim</strong></span> <span class='ocrx_word' id='word_1_916' title='bbox 2690 5447 2927 5499; x_wconf 78' lang='lat' dir='ltr'><strong>ercunt</strong></span> <span class='ocrx_word' id='word_1_917' title='bbox 2951 5462 3132 5500; x_wconf 82' lang='lat' dir='ltr'><strong>nomen</strong></span> <span class='ocrx_word' id='word_1_918' title='bbox 3164 5449 3380 5500; x_wconf 63' lang='grc' dir='ltr'>κουλεό-</span> 
     </span>
    </p>
   </div>
   <div class='ocr_carea' id='block_1_125' title="bbox 1828 5517 3378 5586">
    <p class='ocr_par' dir='ltr' id='par_1_125' title="bbox 1828 5517 3378 5586">
     <span class='ocr_line' id='line_1_125' title="bbox 1828 5517 3378 5586; baseline 0.005 -22"><span class='ocrx_word' id='word_1_919' title='bbox 1828 5531 2022 5585; x_wconf 87' lang='grc' dir='ltr'>πτερον</span> <span class='ocrx_word' id='word_1_920' title='bbox 2043 5533 2168 5568; x_wconf 79' lang='lat' dir='ltr'><strong>sane</strong></span> <span class='ocrx_word' id='word_1_921' title='bbox 2187 5533 2286 5569; x_wconf 85' lang='lat' dir='ltr'><strong>non</strong></span> <span class='ocrx_word' id='word_1_922' title='bbox 2316 5517 2588 5582; x_wconf 78' lang='lat' dir='ltr'><strong>infeliciter</strong></span> <span class='ocrx_word' id='word_1_923' title='bbox 2603 5519 2871 5581; x_wconf 71' lang='lat' dir='ltr'><strong>expressit.</strong></span> <span class='ocrx_word' id='word_1_924' title='bbox 2901 5519 3114 5569; x_wconf 75' lang='lat' dir='ltr'><strong>Alarum</strong></span> <span class='ocrx_word' id='word_1_925' title='bbox 3160 5522 3378 5586; x_wconf 83' lang='lat' dir='ltr'><strong>proinde</strong></span> 
     </span>
    </p>
   </div>
   <div class='ocr_carea' id='block_1_126' title="bbox 1825 5586 3373 5655">
    <p class='ocr_par' dir='ltr' id='par_1_126' title="bbox 1825 5586 3373 5655">
     <span class='ocr_line' id='line_1_126' title="bbox 1825 5586 3373 5655; baseline 0.004 -20"><span class='ocrx_word' id='word_1_926' title='bbox 1825 5590 1932 5636; x_wconf 66' lang='lat' dir='ltr'><strong>tunc</strong></span> <span class='ocrx_word' id='word_1_927' title='bbox 1963 5586 2254 5650; x_wconf 73' lang='lat' dir='ltr'><strong>differentia</strong></span> <span class='ocrx_word' id='word_1_928' title='bbox 2287 5601 2356 5638; x_wconf 79' lang='lat' dir='ltr'><strong>est</strong></span> <span class='ocrx_word' id='word_1_929' title='bbox 2391 5596 2435 5638; x_wconf 88' lang='lat' dir='ltr'><strong>et</strong></span> <span class='ocrx_word' id='word_1_930' title='bbox 2464 5590 2771 5652; x_wconf 80' lang='lat' dir='ltr'><strong>proprietas,</strong></span> <span class='ocrx_word' id='word_1_931' title='bbox 2817 5604 2916 5639; x_wconf 85' lang='lat' dir='ltr'><strong>non</strong></span> <span class='ocrx_word' id='word_1_932' title='bbox 2960 5587 3057 5639; x_wconf 87' lang='lat' dir='ltr'><strong>loci</strong></span> <span class='ocrx_word' id='word_1_933' title='bbox 3109 5590 3158 5639; x_wconf 84' lang='lat' dir='ltr'><strong>in</strong></span> <span class='ocrx_word' id='word_1_934' title='bbox 3185 5605 3285 5653; x_wconf 90' lang='lat' dir='ltr'><strong>quo</strong></span> <span class='ocrx_word' id='word_1_935' title='bbox 3318 5591 3373 5655; x_wconf 77' lang='lat' dir='ltr'><strong>fit</strong></span> 
     </span>
    </p>
   </div>
   <div class='ocr_carea' id='block_1_127' title="bbox 1824 5655 3378 5726">
    <p class='ocr_par' dir='ltr' id='par_1_127' title="bbox 1824 5655 3378 5726">
     <span class='ocr_line' id='line_1_127' title="bbox 1824 5655 3378 5726; baseline 0.003 -22"><span class='ocrx_word' id='word_1_936' title='bbox 1824 5666 2105 5722; x_wconf 80' lang='lat' dir='ltr'><strong>generatio.</strong></span> <span class='ocrx_word' id='word_1_937' title='bbox 2129 5655 2275 5718; x_wconf 76' lang='lat' dir='ltr'><strong>Quod</strong></span> <span class='ocrx_word' id='word_1_938' title='bbox 2305 5658 2412 5721; x_wconf 85' lang='lat' dir='ltr'><strong>ipsa</strong></span> <span class='ocrx_word' id='word_1_939' title='bbox 2431 5658 2614 5708; x_wconf 78' lang='lat' dir='ltr'><strong>divisio</strong></span> <span class='ocrx_word' id='word_1_940' title='bbox 2639 5660 2922 5709; x_wconf 65' lang='lat' dir='ltr'><strong>Aristotelis</strong></span> <span class='ocrx_word' id='word_1_941' title='bbox 2965 5659 3181 5720; x_wconf 84' lang='lat' dir='ltr'><strong>indicat,</strong></span> <span class='ocrx_word' id='word_1_942' title='bbox 3198 5675 3299 5726; x_wconf 87' lang='lat' dir='ltr'><strong>qua</strong></span> <span class='ocrx_word' id='word_1_943' title='bbox 3315 5675 3378 5710; x_wconf 75' lang='grc' dir='ltr'>ιτ</span> 
     </span>
    </p>
   </div>
   <div class='ocr_carea' id='block_1_128' title="bbox 1824 5726 3370 5850">
    <p class='ocr_par' dir='ltr' id='par_1_128' title="bbox 1824 5726 3370 5850">
     <span class='ocr_line' id='line_1_128' title="bbox 1824 5726 3370 5850; baseline 0.005 -75"><span class='ocrx_word' id='word_1_944' title='bbox 1824 5726 2373 5850; x_wconf 72' lang='grc' dir='ltr'>αιαι·ιιηι5‹1ᾱῇἐι·εηιιὶδ</span> <span class='ocrx_word' id='word_1_945' title='bbox 2400 5727 2657 5780; x_wconf 79' lang='lat' dir='ltr'><strong>volucrum</strong></span> <span class='ocrx_word' id='word_1_946' title='bbox 2677 5727 2995 5797; x_wconf 74' lang='lat' dir='ltr'><strong>differentias</strong></span> <span class='ocrx_word' id='word_1_947' title='bbox 3019 5742 3250 5795; x_wconf 75' lang='lat' dir='ltr'><strong>vertatur,</strong></span> <span class='ocrx_word' id='word_1_948' title='bbox 3284 5731 3370 5782; x_wconf 79' lang='lat' dir='ltr'><strong>lib.</strong></span> 
     </span>
     <span class='ocr_line' id='line_1_129' title="bbox 1824 5807 2220 5850; baseline 0.003 -2"><span class='ocrx_word' id='word_1_949' title='bbox 1824 5810 1859 5850; x_wconf 87' lang='grc' dir='ltr'>ι.</span> <span class='ocrx_word' id='word_1_950' title='bbox 1888 5812 2000 5850; x_wconf 80' lang='lat' dir='ltr'><strong>cap.</strong></span> <span class='ocrx_word' id='word_1_951' title='bbox 2076 5813 2088 5850; x_wconf 86' lang='lat'><strong>:</strong></span> <span class='ocrx_word' id='word_1_952' title='bbox 2121 5807 2220 5849; x_wconf 73' lang='lat' dir='ltr'><strong>cie.</strong></span> 
     </span>
    </p>
   </div>
   <div class='ocr_carea' id='block_1_129' title="bbox 1823 5807 2220 5865">
    <p class='ocr_par' dir='ltr' id='par_1_129' title="bbox 1823 5807 2220 5865">
     <span class='ocr_line' id='line_1_130' title="bbox 1823 5807 2220 5865; baseline 0.003 -17"><span class='ocrx_word' id='word_1_953' title='bbox 1823 5810 1859 5860; x_wconf 88' lang='grc' dir='ltr'><strong>ι,</strong></span> <span class='ocrx_word' id='word_1_954' title='bbox 1888 5812 2000 5865; x_wconf 87' lang='lat' dir='ltr'><strong>cap.</strong></span> <span class='ocrx_word' id='word_1_955' title='bbox 2029 5807 2088 5861; x_wconf 75' lang='lat'><strong>5;</strong></span> <span class='ocrx_word' id='word_1_956' title='bbox 2121 5807 2220 5849; x_wconf 74' lang='lat' dir='ltr'><strong>etc.</strong></span> 
     </span>
    </p>
   </div>
  </div>
