4092 6318
688 339 785 402 171

1981 346 2038 397 S.
2076 341 2319 398 BASlLll
2360 341 2577 397 MAGNl

3821 353 3909 406 ΠΞ

685 450 921 522 piilotas,
941 458 997 503 ut
1012 463 1197 508 vespas
1224 466 1236 502 :
1257 449 1388 504 alias
1406 464 1587 507 rursus
1602 452 2058 526 coleopteras,73
2077 469 2254 512 utsca-

2359 457 2419 509 τὰ
2447 458 2501 509 δὲ
2531 459 2789 524 πτιλωτὰ,
2821 460 2896 524 ὡς
2927 460 3050 523 τοὺς
3080 462 3320 532 σιρῆκας⁸
3362 481 3432 516 τα
3470 463 3526 515 δὲ
3558 464 3907 536 κολεόπτερα,

686 542 897 603 rabeos,
924 552 977 595 et
1005 557 1333 611 quaecunque
1363 545 1415 596 in
1438 544 1606 599 thecis
1629 546 1942 616 quibusdam
1971 558 2024 602 et
2051 550 2250 603 amicu-

685 632 751 690 lis
772 645 1057 700 generatas,
1086 644 1267 688 crusta
1298 635 1366 690 ab
1401 637 1531 705 ipsis
1570 638 1851 706 distracta,
1874 641 1940 694 ad
1969 642 2250 696 volandum

689 727 948 795 expedita:
990 729 1240 780 evadunt.
1301 729 1494 782 Verum
1529 729 1800 787 suiliciens
1842 733 1995 787 nobis
2029 743 2149 787 nota
2173 744 2254 790 est

685 820 751 878 ad
782 835 1034 888 generum
1071 820 1454 890 proprietatem
1514 826 1916 892 assignandam,
1951 828 2254 882 communis

683 926 832 976 usus,
861 920 914 965 et
939 912 1110 966 allata.-
1137 929 1165 965 a
1199 912 1475 983 Scriptura
1507 916 1571 970 de
1604 917 1815 970 mundis
1856 926 1909 972 et
1964 919 2255 975 immundis

683 1005 1076 1062 distinctiones.
1143 1007 1301 1060 Aliud
1371 1008 1552 1077 itaque
1611 1011 2021 1064 carnivorarum
2085 1027 2254 1080 genus

680 1107 766 1151 est
793 1137 808 1158 ,
844 1098 1052 1167 aliaque
1107 1101 1440 1164 constitutio,
1479 1103 1543 1154 ad
1601 1105 1815 1157 modum
1865 1119 1973 1172 quo
2005 1105 2130 1172 ipsae
2159 1121 2249 1158 ve-

681 1201 926 1256 scuntur,
978 1196 1376 1253 accommodata
1415 1210 1429 1258 ;
1467 1195 1717 1258 unguium
1746 1198 1906 1262 acies,
1936 1207 1986 1252 et
2022 1208 2249 1250 rostrum

681 1283 984 1348 incurvum,
1018 1293 1073 1338 et
1128 1299 1299 1353 penna
1353 1287 1539 1348 velox,
1584 1297 1729 1341 utet
1775 1287 1926 1341 facile
1968 1289 2253 1355 arripiatur

681 1377 883 1445 praeda,
914 1388 964 1432 et
990 1377 1243 1431 dilaniata
1284 1379 1596 1433 alimentum
1642 1380 1732 1434 ﬂat
1767 1379 2091 1449 praedatrici.
2134 1379 2249 1433 Alia

683 1485 869 1523 earum
899 1471 1210 1524 constitutio
1242 1480 1345 1534 est,
1391 1487 1510 1540 qua:
1557 1473 1764 1528 semina
1823 1471 2078 1538 colligunt
2108 1486 2120 1522 :
2147 1471 2247 1524 alia

683 1572 890 1621 earum,
942 1574 1061 1627 qua:
1104 1561 1248 1614 omni
1293 1578 1349 1616 re
1383 1565 1539 1617 obvia
1573 1564 1905 1617 nutriuntur.
1957 1562 2019 1615 Et
2076 1562 2126 1615 in
2168 1564 2252 1617 his

683 1651 923 1718 plurimae
955 1651 1287 1708 dilferentite.
1314 1657 1558 1724 Ipsarum
1588 1656 1729 1709 enim
1770 1654 2033 1723 quaedam,
2066 1669 2251 1723 grega-

685 1741 764 1798 les
806 1753 932 1796 sum
969 1761 982 1797 :
1026 1748 1266 1814 exceptis
1311 1748 1629 1815 rapacibus,
1678 1747 1817 1800 inter
1859 1761 1992 1815 quas
2025 1747 2252 1801 societas

688 1834 834 1888 nulla
881 1844 964 1889 est
1008 1845 1203 1904 praeter
1231 1838 1564 1907 conjugalem
1615 1838 2063 1904 conjunctionem.
2115 1839 2249 1891 Sunt

684 1941 815 1979 vero
841 1928 959 1981 alia
990 1929 1302 1990 innumerae,
1335 1945 1452 1999 quae
1489 1932 1822 1984 collectivam
1858 1931 2250 1998 amplectuntur

687 2020 872 2082 vitam,
902 2032 958 2072 ut
987 2021 1269 2083 columbae,
1295 2038 1473 2086 grues,
1494 2025 1686 2086 sturni,
1719 2022 1940 2091 graculi.
1967 2021 2171 2074 Rursus
2195 2021 2246 2073 in

687 2113 769 2166 his
800 2111 916 2164 aliae
950 2113 1144 2167 nullius
1185 2116 1487 2168 subduntur
1535 2116 1780 2182 imperio,
1805 2123 1858 2167 et
1909 2122 2033 2166 sunt
2087 2111 2246 2165 veluti

685 2205 766 2258 sui
823 2204 1007 2270 juris;
1055 2204 1172 2258 alia:
1225 2206 1344 2259 duci
1403 2206 1593 2276 subjici
1646 2223 1752 2259 non
1799 2213 2070 2270 recusant,
2104 2205 2250 2260 velut

683 2309 863 2364 grues.
897 2294 1013 2349 lam
1047 2310 1171 2349 vero
1201 2296 1362 2349 etiam
1405 2297 1507 2349 alia
1544 2297 1788 2364 quaedam
1822 2306 1902 2349 est
1946 2296 1998 2349 in
2035 2298 2116 2349 bis
2147 2295 2247 2349 dif-

684 2387 934 2449 ferentia,
958 2387 1110 2456 juxta
1141 2404 1298 2457 quam
1339 2389 1454 2442 alia:
1493 2404 1763 2456 nunquam
1795 2390 1975 2442 sedem
2020 2397 2245 2453 mutant,

683 2490 912 2549 Suntque
943 2483 1204 2551 indigena:
1229 2499 1242 2533 :
1273 2481 1391 2535 alite
1420 2481 1596 2534 solent
1623 2481 1933 2548 longissime
1952 2479 2245 2539 discedere,

684 2584 739 2628 et
769 2575 943 2628 hieme
977 2576 1439 2643 appropinquante
1472 2583 1528 2626 ut
1558 2573 1844 2640 plurimum
1881 2571 1933 2624 in
1975 2570 2132 2622 alium
2172 2568 2248 2620 lo-

683 2681 804 2724 cum
828 2682 946 2721 sese
969 2668 1222 2736 recipere.
1248 2666 1383 2734 Quin
1409 2678 1462 2720 et
1487 2666 1785 2732 complures
1812 2680 1956 2727 aves,
1981 2665 2103 2716 dum
2128 2664 2250 2715 edu-

685 2768 894 2818 cantur,
941 2767 1318 2812 mansuescunt
1349 2758 1790 2824 cicuran‘turque,
1812 2765 2006 2824 prater
2044 2753 2246 2807 debiles

687 2864 751 2905 ac
784 2851 1048 2914 intirmas,
1095 2865 1212 2917 quae
1250 2851 1318 2903 ob
1353 2851 1573 2902 nimiam
1616 2849 1950 2900 timiditatem
1977 2861 2039 2899 ac
2069 2845 2252 2898 formi-

688 2941 889 3005 dinem,
911 2942 1178 2994 assiduam
1206 2940 1502 2993 molestiam
1525 2940 1623 2993 sibi
1652 2955 1808 2991 manu
1827 2939 2119 2992 exbibitam
2144 2953 2246 2991 non

686 3034 981 3101 patiuntur.
1020 3030 1124 3085 Sed
1178 3041 1229 3085 et
1268 3032 1500 3086 humana
1555 3031 1946 3084 consuetudine
2002 3029 2248 3082 volucres

2350 550 2425 612 ὼς
2456 551 2581 613 τοὺς
2611 552 2930 623 κανθάρους,
2968 554 3059 606 καὶ
3093 555 3211 618 ὅσα,
3237 557 3294 607 ὲν
3322 555 3517 625 θήκαις
3551 559 3668 609 τισὶ
3704 559 3799 610 καὶ
3825 577 3910 610 πε-

2351 641 2588 710 ριϐολαῖς
2609 643 2950 714 γεννηθέντα,
2986 647 3407 718 περιρραγέντος
3453 649 3646 712 αὐτοῖς
3675 651 3774 703 τοῦ
3806 653 3912 704 ἐλύ-

2347 750 2498 803 τρου,
2527 733 2660 804 πρὸς
2687 735 2786 805 τὴν
2818 737 3010 805 πτῆσιν
3049 739 3412 812 ἠλευθερώθη.
3463 741 3608 792 Ἀλλ’
3661 743 3795 811 ἡμῖν
3826 747 3914 814 ἁρ-

2350 824 2518 878 κοῦσα
2577 827 2872 896 σημείωσις
2912 829 3044 900 πρὸς
3090 832 3187 901 τὴν
3235 831 3340 884 τῶν
3393 832 3566 899 γενῶν
3602 832 3911 903 ἰδιότηταὴ

2351 921 2500 989 κοινὴ
2532 920 2744 991 χρῆσις,
2773 920 2865 972 καὶ
2897 922 2943 972 oi
2967 922 3110 992 παρὰ
3141 923 3240 992 τῆς
3262 924 3481 994 Γραφῆς
3509 925 3644 994 περί
3672 942 3734 977 τε
3759 926 3916 977 καθα.

2354 1008 2458 1078 ρῶν
2490 1011 2583 1062 καὶ
2621 1009 2944 1080 ἀκαθάρτων
2986 1011 3269 1082 διορισμοί.
3303 1013 3462 1066 Ἄλλο
3511 1015 3613 1084 μὲν
3646 1011 3745 1067 οὖν
3775 1018 3914 1083 γένος

2350 1099 2409 1150 τὸ
2440 1099 2544 1150 τῶν
2576 1100 2953 1169 σαρκοφάγων,
2986 1101 3078 1152 καὶ
3111 1102 3239 1173 ἄλλη
3279 1106 3587 1176 κατασκευὴ
3635 1106 3913 1176 πρέπουσα

2350 1190 2426 1260 τῷ
2458 1193 2638 1262 τρόπῳ
2666 1194 2762 1263 τῆς
2817 1194 3024 1262 διαίτης
3072 1195 3266 1259 αὐτῶν,
3319 1197 3524 1266 ὀνύχων
3572 1199 3784 1267 ἀκμαὶ,
3836 1201 3916 1250 καὶ

2351 1282 2524 1351 χεῖλος
2553 1283 2800 1350 ἀγκύλον,
2837 1284 2928 1337 καὶ
2956 1285 3152 1355 πτερὸν
3176 1287 3289 1352 ὀξὺ,
3321 1287 3456 1340 ὥστε
3485 1290 3582 1340 καὶ
3613 1291 3916 1360 συλληφθῆ-

2349 1391 2436 1425 ναι
2466 1374 2661 1444 ῥᾳδίως
2683 1376 2742 1427 τὸ
2767 1376 3009 1463 θήραμα,
3039 1379 3133 1430 καὶ
3165 1377 3530 1450 διασπαραγὲν
3564 1383 3684 1452 (47)
3719 1385 3913 1454 τροφὴν

2349 1466 2424 1536 τῷ
2445 1465 2615 1518 ἑλόντι
2666 1467 2934 1534 γενέσθαι.
2965 1468 3136 1538 Ἀλλη
3165 1469 3270 1522 τῶν
3323 1473 3719 1542 σπερμολόγων
3759 1493 3914 1528 κατα-

2351 1560 2553 1627 σκευή·
2591 1559 2723 1630 ἄλλη
2757 1560 2863 1613 τῶν
2891 1568 2954 1614 ἐκ
2985 1563 3181 1624 παντὸς
3213 1566 3558 1634 τρεφομένων
3601 1569 3700 1620 τοῦ
3737 1588 3913 1621 συντ-δι

2350 1651 2550 1719 χόντος.
2611 1653 2717 1705 Καὶ
2745 1654 2802 1704 ὲν
2835 1653 3041 1716 τούτοις
3077 1653 3321 1709 πλεῖσται
3371 1657 3648 1728 διαφοραί.
3685 1663 3770 1712 Τά
3828 1663 3914 1732 μὲν

2350 1742 2456 1811 γὰρ
2492 1743 2668 1797 αὐτῶν
2706 1746 2850 1796 ἐστιν
2885 1744 2992 1814 (48)
3038 1746 3283 1814 ἀγελικὰ,
3323 1746 3459 1818 πλὴν
3491 1749 3600 1800 τῶν
3648 1753 3910 1821 ἁρπακτι-

2353 1831 2488 1882 κῶν·
2523 1833 2724 1885 τούτων
2749 1833 2805 1891 δὲ
2838 1835 2988 1888 οὐδὲν
3019 1838 3326 1888 κοινωνικὸν
3348 1839 3501 1900 ἐκτὸς
3520 1839 3614 1891 τοῦ
3653 1843 3796 1893 κατὰ
3826 1844 3911 1906 τὰς

2351 1922 2605 1991 συζυγίας
2629 1925 2983 1996 συνδυασμοῦ.
3017 1929 3201 1997 Μυρία
3231 1929 3285 1980 δὲ
3326 1928 3456 1982 ἄλλα
3490 1931 3580 1982 τὸν
3615 1933 3912 2003 άθροισμα-

2347 2021 2496 2071 τικὸν
2529 2019 2726 2088 ᾕρηται
2772 2022 2902 2089 βίον,
2928 2024 3002 2086 ὡς
3035 2023 3348 2095 περιστεραὶ
3379 2025 3510 2095 (49),
3544 2026 3642 2078 καὶ
3678 2027 3909 2098 γέρανοι,

2349 2110 2439 2162 καὶ
2496 2111 2687 2182 ψῆρες,
2746 2111 2838 2165 καὶ
2883 2115 3095 2169 κολοιοί.
3152 2117 3318 2168 Πάλιν
3349 2119 3404 2168 ἐν
3436 2119 3648 2182 τούτοις
3700 2119 3769 2172 τά
3825 2121 3913 2188 μὲν

2346 2198 2554 2274 ἄναρχά
2585 2205 2698 2259 ἐστι
2747 2205 2839 2256 καὶ
2894 2201 3001 2256 οἷον
3033 2207 3304 2276 αὐτόνομα
3325 2226 3337 2238 ·
3374 2209 3440 2260 τὰ
3479 2209 3536 2261 δὲ
3570 2213 3666 2280 ὑφ’
3695 2212 3911 2281 ἡγεμόνι

2347 2297 2599 2367 τετάχθαι
2632 2299 3055 2368 καταδεχόμενα,
3086 2299 3159 2363 ὡς
3192 2303 3246 2352 αἱ
3287 2301 3523 2372 γέρανοι.
3557 2305 3700 2374 Ἤδη
3738 2306 3794 2356 δέ
3840 2322 3911 2366 τις

2348 2390 2436 2441 καὶ
2471 2390 2630 2460 ἑτέρα
2671 2393 2726 2442 ὲν
2755 2390 2963 2454 τούτοις
3009 2393 3122 2443 ἐστὶ
3150 2391 3397 2461 διαφορὰ,
3446 2394 3566 2445 καθ’
3596 2395 3667 2464 ἢν
3709 2397 3777 2448 τὰ
3828 2399 3912 2465 μὲν

2348 2483 2715 2550 ὲπιδημητικά
2741 2483 2800 2533 τέ
2833 2485 2947 2535 ἐστι
2994 2484 3087 2536 καὶ
3131 2484 3387 2556 ἐγχώρια,
3428 2485 3494 2537 τὰ
3548 2486 3603 2539 δὲ
3663 2488 3913 2557 ἀπαίρειν

2349 2573 2556 2638 πέφυκε
2590 2574 2944 2643 πορρωτάτω,
2979 2577 3068 2627 καὶ
3110 2577 3371 2645 χειμῶνος
3405 2577 3721 2644 ἐγγίζοντος
3771 2582 3910 2630 ἐκτο·

2349 2663 2526 2726 πίζειν
2565 2662 2639 2725 ὼς
2671 2662 2740 2714 τὰ
2774 2662 2962 2716 πολλά.
3007 2665 3275 2734 Χειροήθη
3328 2666 3382 2718 δὲ
3431 2669 3523 2719 καὶ
3568 2669 3806 2720 τιθασσὰ
3852 2670 3912 2719 τὰ

2349 2755 2535 2816 πολλὰ,
2560 2756 2664 2807 τῶν
2691 2756 2893 2827 ὀρνέων
2932 2757 3302 2825 ὲκτρειρόμενα
3334 2757 3556 2823 γίνεται,
3586 2760 3733 2826 πλὴν
3766 2776 3826 2824 γε
3857 2759 3912 2828 δὴ

2349 2849 2454 2901 τῶν
2478 2848 2740 2911 ἀσθενῶν,
2763 2847 2796 2900 ἃ
2832 2847 2898 2899 δι’
2927 2847 3367 2918 ὑπερϐάλλουσαν
3398 2847 3596 2899 δειλίαν
3635 2847 3732 2900 καὶ
3763 2851 3913 2901 ἀναν-

2351 2939 2504 3010 δρίαν
2548 2940 2646 3008 τὴν
2695 2938 2887 3007 συνεχῆ
2913 2939 3011 3006 τῆς
3048 2936 3229 3008 χειρὸς
3252 2935 3528 3006 ἐνόχλησιν
3560 2936 3661 3005 οὐχ
3700 2937 3916 3004 ὑφίστα-

2352 3049 2439 3091 ται
2476 3032 2607 3100 (50).
2657 3029 2816 3082 Ἀλλὰ
2844 3030 2934 3081 καὶ
2989 3028 3506 3100 συνανθρωπιστικοί
3535 3044 3680 3089 τινες
3706 3027 3810 3078 τῶν
3834 3030 3905 3098 ὁρ-

689 3125 927 3192 quaedam
949 3125 1200 3191 gaudent,
1229 3131 1283 3176 et
1329 3123 1539 3175 easdem
1587 3133 1746 3189 atque
1777 3136 1872 3173 nos
1913 3119 2010 3187 ipsi
2046 3120 2252 3172 habita-

2359 3122 2512 3174 νίθων
2541 3123 2664 3182 εἰσὶ,
2695 3121 2793 3183 τὰς
2828 3119 2996 3182 αὑτὰς
3023 3122 3153 3189 ἡμῖν
3194 3122 3432 3190 οἰκήσεις
3461 3119 3913 3189 καταδεχόμενοι·

690 3216 867 3272 tiones
893 3215 1190 3280 recipiunt:
1221 3213 1339 3265 alia:
1365 3212 1601 3264 incolunt
1631 3221 1940 3271 montes,ac
1970 3211 2252 3262 solitudine

690 3306 1048 3361 delectantur.
1099 3305 1189 3357 Illa
1247 3305 1665 3371 uniuscujusque
1711 3298 2011 3371 preprietas
2037 3315 2154 3368 qua:
2188 3300 2253 3353 ad

688 3412 875 3451 vocem
906 3399 1161 3466 pertinet,
1199 3397 1488 3450 maximum
1531 3396 1693 3449 etiam
1735 3393 2022 3448 discrimen
2073 3389 2250 3445 ellicit.

690 3491 825 3547 Aliae
850 3489 993 3544 enim
1027 3489 1274 3541 volucres
1308 3489 1559 3556 loquaces
1597 3494 1719 3540 sunt
1748 3496 1802 3539 et
1833 3484 2058 3554 garrulae
2090 3500 2104 3547 ;
2137 3482 2255 3537 alia:

694 3582 992 3641 taciturnae.
1029 3578 1120 3635 Hae
1149 3579 1362 3648 quidem
1387 3586 1684 3638 canorae,et
1716 3577 1937 3628 multum
1975 3576 2248 3640 clamosae;

693 3673 796 3727 illa;
813 3674 1034 3727 omnino
1049 3671 1427 3728 modulationis
1445 3685 1507 3724 ac
1521 3679 1707 3725 cantus
1724 3677 1987 3736 expertes.
2006 3668 2252 3732 Quaedam

694 3774 819 3824 sunt
850 3763 1186 3825 imitatrices,
1206 3762 1596 3815 aemulationem
1628 3758 1772 3812 illam
1799 3757 1880 3810 vel
1906 3772 1934 3809 a
1968 3767 2154 3810 natura
2177 3758 2257 3808 vel

695 3855 763 3913 ab
780 3856 1036 3908 exercitio
1057 3855 1381 3923 accipientes
1409 3871 1421 3905 :
1444 3853 1684 3921 quaedam
1705 3851 1944 3904 eamdem
1964 3863 2174 3917 semper
2197 3863 2260 3901 ac

698 3945 1085 3998 immutabilem
1109 3959 1290 3997 vocem
1325 3946 1599 3998 emittunt.
1633 3941 1907 4010 Superbus
1941 3951 2020 3995 est
2048 3941 2256 4010 gallus:

693 4046 917 4093 ornatus
969 4046 1024 4091 et
1057 4037 1334 4106 elegantiae
1371 4046 1575 4089 amator
1611 4046 1695 4091 est
1743 4051 1875 4105 pavo
1916 4055 1926 4089 :
1965 4035 2261 4090 libidinosa:

696 4131 975 4195 columbae,
1024 4132 1245 4201 perinde
1296 4139 1455 4197 atque
1510 4128 1716 4196 gallina:
1775 4129 2114 4190 domesticae,
2145 4141 2262 4196 qua:

696 4223 843 4276 nullo
868 4237 970 4276 non
1009 4231 1246 4290 tempore
1276 4219 1482 4274 libidini
1522 4217 1816 4287 indulgent.
1866 4217 2055 4271 Dolosa
2089 4229 2141 4271 et
2168 4234 2259 4273 ze-

695 4312 875 4380 lmypa
919 4311 1103 4377 perdix
1150 4319 1252 4375 est,
1289 4307 1634 4364 venatoribus
1667 4309 1732 4360 ad
1777 4309 2009 4375 praedam
2043 4309 2260 4380 capien-

695 4409 817 4462 dam
851 4408 1114 4464 malitiose
1135 4423 1286 4461 suam
1319 4422 1538 4475 operam
1570 4415 1854 4474 praestans.

2359 3213 2502 3267 ἄλλοι
2536 3212 2590 3262 δὲ
2623 3212 2787 3280 ὄρειοι
2825 3211 2916 3262 καὶ
2959 3211 3264 3281 φιλέρημοι.
3292 3212 3538 3280 Μεγίστη
3589 3211 3646 3264 δὲ
3694 3209 3916 3280 διαφορὰ

2359 3304 2452 3356 καὶ
2486 3304 2518 3372 ἡ
2555 3304 2683 3372 περὶ
2715 3301 2815 3370 τὴν
2850 3301 3027 3371 φωνὴν
3069 3303 3263 3374 ἰδιότης
3302 3303 3550 3355 ἑκάστου.
3584 3305 3648 3355 Oi
3686 3305 3785 3372 μὲν
3820 3304 3918 3373 γὰρ

2360 3395 2577 3449 κωτίλοι
2607 3395 2699 3446 καὶ
2731 3392 2876 3444 λάλοι
2899 3393 3004 3445 τῶν
3036 3394 3261 3464 ὀρνίθων
3310 3397 3444 3447 εἰσίν
3464 3413 3476 3424 ο
3518 3398 3566 3447 οἱ
3601 3397 3661 3448 δὲ
3694 3396 3913 3464 σιγηλοί.

2361 3490 2468 3542 Καὶ
2514 3488 2578 3542 τὰ
2643 3489 2740 3559 μὲν
2781 3487 2952 3558 ᾠδικά
2979 3485 3077 3538 καὶ
3121 3487 3436 3554 πολύφωνα·
3479 3487 3546 3540 τὰ
3603 3488 3660 3540 δὲ
3715 3491 3918 3557 ἄμουσα

2362 3583 2636 3646 παντελῶς
2688 3583 2778 3635 καὶ
2807 3583 2950 3652 ᾠδῆς
2982 3581 3201 3651 ἄμοιρα.
3241 3582 3350 3632 Καὶ
3394 3580 3463 3632 τὰ
3494 3581 3590 3650 μὲν
3625 3582 3856 3652 μιμηλὰ,
3889 3580 3917 3650 ἢ

2363 3679 2424 3728 ἐκ
2476 3677 2686 3745 φύσεως
2739 3675 2926 3744 ἔχοντα
2970 3673 3031 3725 τὸ
3081 3671 3382 3742 μιμεῖσθαι,
3431 3671 3462 3738 ἢ
3521 3671 3578 3736 ἐξ
3642 3674 3919 3740 ἀσκήσεως

2363 3767 2736 3836 προσλαϐόντα
2764 3766 2893 3834 (51)·
2930 3763 2996 3815 τά
3024 3763 3079 3825 δὲ
3126 3761 3451 3832 μονότροπον
3481 3760 3574 3813 καὶ
3614 3760 3918 3828 ἀμετάϐλη-

2362 3872 2453 3906 τον
2482 3857 2578 3926 τὴν
2605 3856 2785 3925 φωνὴν
2815 3855 3055 3922 ἀφιέντα.
3087 3852 3294 3921 Γαῦρον
3322 3854 3348 3903 ὁ
3381 3848 3696 3919 ἀλεκτρυών
3718 3866 3730 3877 ·
3784 3849 3920 3916 quid.

2365 3946 2526 3998 καλον
2556 3951 2582 3999 ὁ
2622 3946 2798 4010 ταώςο
2846 3948 3051 4012 λάγνιοι
3090 3947 3146 3998 αἱ
3181 3944 3496 4014 περιστεραὶ
3533 3943 3626 3995 καὶ
3661 3943 3719 3995 αἱ
3747 3958 3921 3994 κατοιο

2366 4038 2524 4089 κίδιοι
2581 4038 2775 4107 ὄρνεις,
2811 4038 2901 4088 ἐπὶ
2935 4034 3132 4095 παντὸς
3161 4033 3352 4101 καιροῦ
3389 4033 3447 4083 τὸ
3487 4032 3921 4084 συνουσιαπικόν

2366 4131 2605 4200 ἔχουσαι.
2663 4127 2884 4196 Δολερόν
2935 4129 2962 4177 ὁ
3032 4125 3141 4193 (52)
3199 4122 3387 4192 πέρδιξ
3445 4124 3538 4176 καὶ
3603 4125 3920 4191 ζηλότυπον,

2366 4221 2686 4293 κακούργως
2751 4218 3112 4288 συμπράττων
3174 4217 3286 4277 τοῖς
3333 4214 3592 4285 θηραταῖς
3643 4214 3781 4285 πρὸς
3834 4217 3922 4283 τὴν

2367 4318 2560 4386 ἄγραν.

769 4497 823 4551 4.
863 4497 1145 4551 lnnumera
1197 4505 1342 4562 sunt,
1405 4508 1463 4549 ut
1522 4499 1782 4560 diximus,
1814 4504 1869 4549 et
1910 4497 2176 4548 actionum
2208 4505 2254 4550 et

2434 4499 2486 4552 4.
2516 4497 2742 4568 Μυρίαι,
2783 4496 2858 4556 ὡς
2892 4493 3120 4564 ἔφαμεν,
3153 4494 3372 4546 καὶτῶν
3408 4492 3657 4564 πράξεων
3698 4489 3792 4543 καὶ
3826 4491 3923 4542 τῶν

694 4589 818 4641 vitae
862 4588 1192 4646 discrimina.
1235 4584 1402 4641 Porro
1428 4588 1668 4654 quaedam
1705 4603 1769 4641 ex
1806 4588 1888 4641 his
1936 4587 2106 4641 brutis
2143 4591 2264 4642 ani-

697 4679 968 4741 mantibus
997 4690 1122 4734 sunt
1148 4694 1361 4748 quoque
1391 4678 1617 4746 politiczc
1647 4696 1658 4729 :
1686 4679 1945 4746 siquidem
1975 4678 2146 4733 civilis
2178 4681 2267 4733 ad-

698 4772 1111 4832 ministrationis
1146 4771 1418 4841 proprium
1463 4781 1565 4832 εει,
1600 4780 1656 4822 ιιι
1686 4771 1750 4822 ad
1800 4786 1962 4823 unum
2015 4786 2266 4826 commu-

699 4879 818 4919 nem
852 4865 1008 4916 ﬁnem
1038 4864 1367 4932 singulorum
1397 4863 1632 4916 actiones
1670 4871 2012 4926 concurrant,
2047 4864 2268 4931 utquis—

697 4971 803 5024 que
847 4958 898 5009 in
936 4958 1126 5024 apibus
1159 4957 1356 5010 intueri
1407 4963 1601 5024 potest.
1649 4952 1742 5006 llis
1790 4952 1934 5005 enim
1968 4956 2266 5009 communis

775 5094 884 5162 (l7)
904 5093 1036 5162 Reg.
1066 5093 1270 5163 primus
1294 5109 1413 5148 cum
1446 5092 1597 5146 Colb.
1635 5092 1816 5144 itidem
1850 5089 2021 5158 primo
2045 5089 2274 5144 διασπα-

705 5164 1062 5326 ραζξὲἶδυιὺ.
1092 5235 1297 5305 primus
1321 5233 1497 5287 αὐτῶν
1518 5235 1673 5285 εἰσιν.
1700 5231 1817 5286 lllox
1849 5233 1984 5285 idem
2007 5245 2108 5282 ms.
2136 5232 2275 5285 κατὰ

707 5322 987 5372 συςυγιαν.

779 5376 887 5445 (49)
912 5375 1056 5430 Editi
1075 5375 1150 5438 ὡς
1178 5375 1233 5428 αἱ
1260 5375 1596 5445 περιστεραί.
1622 5373 1889 5445 Articulus
1910 5373 2058 5425 deest
2077 5369 2126 5422 in
2146 5387 2271 5426 mss.

704 5443 947 5502 Subinde
985 5446 1132 5498 multi
1166 5462 1292 5497 mss.
1335 5443 1525 5515 ψῆρες.
1565 5444 1699 5515 Editi
1730 5443 1924 5515 ψᾶρες.

786 5516 895 5588 (50)
932 5515 1057 5582 Reg.
1091 5525 1274 5569 sextus
1295 5509 1634 5583 ὑφίστανται.
1667 5509 2273 5567 lbideinUOtl.C0mbef.

706 5586 902 5644 συνανθ
913 5588 1157 5656 ρωπικοί.

806 5658 892 5718 5|)
914 5653 1148 5709 Codices
1178 5657 1283 5708 duo
1315 5653 1842 5725 προσλαμϐάνονται.

806 5662 892 5718 51)
922 5662 1148 5709 (Lodices
1178 5662 1283 5708 duo
1315 5662 1842 5725 προσλαμϋάνονται.

782 5662 895 5796 i5?!)
950 5726 1126 5796 Ριεςίι
1155 5728 1379 5791 primus,
1419 5730 1606 5796 tertius
1641 5735 1701 5796 et;
1732 5725 1950 5796 quintus
1981 5723 2194 5796 δολερδς
2226 5726 2270 5775 ό.

719 5792 856 5855 Editi
882 5808 1003 5849 cum
1028 5795 1204 5853 multis
1236 5796 1351 5854 aliis
1375 5811 1502 5848 mss.
1536 5793 1748 5869 δολερὸν
1772 5795 1816 5844 ὁ.
1858 5792 2034 5848 Potest
2062 5795 2272 5863 quidem

2374 4593 2498 4662 βίων
2529 4589 2798 4658 διαφοραί.
2841 4588 2991 4639 Ἔστι
3015 4587 3072 4639 δέ
3099 4603 3218 4638 τινα
3253 4587 3346 4638 καὶ
3384 4583 3637 4638 πολιτικὰ
3669 4583 3776 4637 τῶν
3818 4584 3924 4634 ἁλό-

2371 4701 2501 4751 γων,
2532 4681 2689 4752 εἴπερ
2719 4680 2992 4742 πολιτείας
3021 4680 3169 4739 ἴδιον,
3200 4678 3259 4730 τὸ
3289 4678 3423 4747 πρὸς
3456 4677 3511 4727 ἓν
3545 4675 3720 4743 πέρας
3758 4674 3922 4727 κοινὸν

2375 4775 2646 4826 συννεύειν
2693 4773 2790 4842 τὴν
2842 4773 3119 4844 ἐνέργειαν
3164 4771 3269 4822 τῶν
3302 4769 3420 4823 καθ’
3448 4768 3697 4831 ἕκαστον,
3736 4768 3812 4828 ὡς
3843 4766 3924 4817 ἐπὶ

2373 4866 2478 4916 τῶν
2514 4865 2778 4934 μελισσῶν
2803 4865 2865 4916 ἄν
2895 4881 2978 4926 τις
3014 4863 3129 4914 ίδοι.
3153 4862 3259 4914 Καὶ
3281 4861 3387 4931 γὰρ
3410 4861 3628 4912 ἐκείνων
3655 4859 3806 4927 κοινὴ
3840 4859 3924 4928 μὲν

2374 4959 2406 5027 ἠ
2440 4958 2671 5028 οἴκησις,
2707 4957 2857 5026 κοινὴ
2879 4956 2934 5008 δὲ
2953 4958 2985 5024 ἡ
3015 4955 3231 5023 πτῆσις,
3251 4952 3475 5026 ἐργασία
3511 4951 3567 5004 δὲ
3598 4951 3811 5003 πάντων
3826 4947 3923 5016 (55)

2378 5095 2532 5148 1‹,ε(·ιὶ‹ι
2565 5103 2790 5160 utraque
2825 5092 3034 5144 admitti
3063 5091 3187 5144 :scd
3218 5105 3338 5143 cum
3365 5087 3799 5160 constanter‘hoc
3826 5084 3926 5149 ipso

2378 5168 2429 5218 in
2496 5167 2610 5218 loco
2672 5155 2964 5229 reperiatur
3027 5162 3077 5213 in
3137 5162 3384 5213 onmibus
3437 5175 3580 5229 mss._
3621 5155 3924 5229 ζηλότυπον,

2377 5237 2596 5288 dubium
2631 5226 2741 5285 non
2777 5235 2948 5285 habeo
2983 5232 3109 5296 quin
3157 5232 3436 5298 legendum
3466 5229 3536 5279 sit
3564 5226 3797 5298 δολερὸν.

2449 5306 2558 5375 (55)
2594 5305 2730 5375 Eiliti
2752 5319 2883 5375 cum
2910 5301 3090 5353 multis
3117 5297 3252 5375 mss.
3293 5300 3530 5375 πάντων.
3565 5297 3716 5350 Colb.
3752 5309 3928 5372 secun-

2378 5364 2476 5427 dus
2514 5364 2718 5426 ττασῶν.
2749 5372 2915 5425 Nemo
2946 5386 3047 5424 non
3083 5370 3622 5422 vidi-teorrectionem
3654 5381 3767 5438 esse
3793 5364 3927 5438 igna-

2380 5446 2421 5497 ri
2479 5444 2705 5505 librarii,
2740 5444 2826 5510 qui
2868 5443 3006 5506 quod
3061 5457 3157 5492 vox
3211 5438 3437 5508 μέλισσα
3460 5437 3701 5510 feminini
3730 5437 3924 5501 gem-ris

2383 5517 2471 5578 sit,
2505 5516 2573 5567 ita
2605 5504 2994 5567 emendandum
3027 5526 3144 5564 esse
3183 5504 3406 5575 putavit.
3440 5508 3546 5578 Stal
3576 5504 3699 5578 nihil
3727 5518 3926 5578 tieresse

2387 5575 2503 5638 fuit.
2533 5582 2664 5636 Nam
2700 5594 2758 5635 ut
2794 5583 2924 5633 alias
2953 5582 3203 5651 saepe,ita
3232 5579 3314 5651 hic
3337 5577 3584 5651 generale
3611 5575 3817 5651 aliquod
3845 5587 3926 5651 no:

2387 5673 2505 5706 ιιιε-ιι
2538 5654 2875 5717 subauditur,
2917 5647 3037 5719 puta
3061 5649 3212 5713 ζῶον.
3247 5647 3438 5706 Statim
3476 5648 3614 5702 idem
3652 5647 3814 5700 codex
3847 5647 3925 5691 καὶ

2382 5725 2664 5796 ταξιάρχῃ.
