4100 6312
175 378 296 424 ίῖἧ

1289 367 1566 421 IIUMIIJA
1610 366 1718 419 Vlll
1759 367 1821 420 IN
1866 367 2361 423 llEXM‘IMlillON.

3333 366 3434 418 Πι

177 486 325 555 μία·
355 490 445 538 καὶ
468 484 528 536 τὸ
569 483 841 552 μέγιστον,
878 482 958 534 ὅτι
993 481 1094 532 ὑπὸ
1131 481 1339 548 βασιλεῖ
1369 483 1462 531 καὶ
1491 481 1767 552 ταξιάρχῳ

1874 499 1947 537 I‘sl
1981 484 2261 544 habitatio,
2288 483 2588 536 communis
2626 479 2851 540 volatus,
2898 497 3108 551 unaque
3163 491 3215 533 et
3248 485 3432 534 eadem

170 578 300 630 τινὶ
319 580 425 631 τῶν
465 578 639 646 ἔργων
665 574 943 634 ἅπτονται,
975 574 1031 625 οὺ
1062 574 1319 644 πρότερον
1343 573 1761 642 καταδεχόμεναι

172 671 286 723 ἐπὶ
311 672 436 731 τοὺς
465 666 733 736 λειμῶνας
765 668 956 730 ἐλθεῖν,
985 665 1113 735 πρὶν
1150 664 1213 716 ἂν
1247 666 1394 717 ἴδωσι
1422 665 1763 733 κατάρξαντα

177 763 284 815 τὸν
310 761 530 831 βασιλέα
558 761 654 830 τῆς
680 763 952 830 πτήσεως.
980 759 1083 809 Καὶ
1115 758 1257 810 ἔστιν
1282 759 1469 816 αὑταῖς
1499 755 1558 806 οὐ
1591 772 1764 825 χειρο-

179 855 416 923 τονητὸς
440 855 466 904 ὁ
501 852 748 922 βασιλεὺς
773 850 1050 919 (πολλάκις
1081 850 1186 920 γὰρ
1216 849 1440 920 ἀκρισία
1460 848 1630 916 δήμου
1655 848 1764 916 (ii-fl

179 946 283 996 τὸν
320 944 587 1014 χείριστον
622 948 699 1007 εἰς
734 942 906 1012 ἀρχὴν
951 945 1364 1013 προεστήσατο),
1397 941 1516 992 οὐδὲ
1559 941 1765 1010 κληρωο

179 1036 290 1105 τὴν
319 1039 456 1105 ἔχων
483 1039 580 1107 τὴν
611 1034 857 1102 ἐξουσίαν
889 1035 1091 1101 (ἄλογοι
1117 1039 1222 1105 γάρ
1250 1038 1304 1088 αἱ
1351 1033 1626 1102 συντυχίαι
1659 1034 1764 1085 τῶν

177 1129 415 1200 κλήρων
440 1133 529 1182 επὶ
567 1131 655 1181 τὸν
692 1129 903 1180 πάντων
936 1127 1158 1196 ἔσχατον
1208 1128 1464 1188 πολλάκις
1486 1127 1544 1176 τὸ
1571 1128 1766 1197 κράτος

180 1222 502 1290 φέρουσαι),
521 1220 640 1272 οὐδὲ
677 1221 740 1270 ὲκ
776 1220 1043 1290 πατρικῆς
1067 1221 1311 1289 διαδοχῆς
1340 1221 1449 1280 τοῖς
1478 1217 1766 1286 βασιλείοις

180 1313 626 1382 ἐγκαθεζόμενος
662 1314 777 1379 (καὶ
834 1313 940 1383 γὰρ
975 1316 1066 1366 καὶ
1117 1310 1260 1364 οὗτοι
1307 1311 1616 1364 ἀπαίδευτοι
1675 1311 1766 1362 καὶ

184 1405 432 1474 ἀμαθεῖς
463 1405 641 1476 πάσης
677 1405 873 1475 ἀρετῆς
899 1405 984 1457 διά
1017 1405 1224 1475 τρυφὴν
1256 1404 1348 1453 καὶ
1383 1404 1668 1455 κολακείαν
1694 1401 1768 1462 ὡς

179 1494 263 1544 τὰ
299 1495 466 1548 πολλὰ
500 1497 780 1564 γίνονται),
842 1497 953 1548 ἀλλ’
999 1499 1060 1546 ἐκ
1093 1494 1304 1560 φύσεως
1343 1495 1478 1562 ἔχων
1525 1494 1584 1545 τό
1631 1491 1768 1543 κατὰ

181 1588 417 1639 πάντων
447 1592 728 1659 πρωτεῖον,
758 1590 848 1640 καὶ
879 1586 1096 1655 μεγέθει
1119 1586 1384 1656 διαφέρων
1408 1589 1499 1638 καὶ
1534 1587 1768 1654 σχήματι

184 1680 292 1731 καὶ
332 1684 396 1749 τῇ
431 1680 522 1732 τοῦ
557 1680 716 1749 ήθους
763 1679 1046 1748 πραότητι.
1096 1678 1248 1728 Ἐστι
1283 1678 1380 1745 μὲν
1415 1677 1522 1746 γὰρ
1549 1677 1769 1744 κέντρον

181 1771 272 1839 τῷ
309 1772 533 1839 βασιλεῖ,
567 1771 677 1821 ἀλλ’
713 1772 773 1820 οὐ
812 1770 1007 1839 χρῆται
1037 1768 1209 1837 τούτῳ
1235 1769 1368 1839 πρὸς
1396 1769 1625 1838 ἄμυναν.
1663 1767 1768 1819 Νό-

1871 580 2105 630 omnium
2137 576 2278 630 actio
2308 591 2319 625 :
2364 587 2412 627 et
2465 576 2605 643 quod
2663 574 2986 641 praecipuum
3021 584 3131 636 est,
3167 575 3264 628 sub
3293 588 3434 636 rege,

1871 676 1925 719 et
1955 667 2052 718 sub
2075 667 2304 734 quodam
2338 666 2590 732 praefecto
2628 678 2846 730 operam
2877 666 3294 732 aggrediuntur;
3333 679 3434 714 Imtl

1872 757 2017 826 prius
2051 760 2113 811 ad
2147 769 2293 828 prata
2337 758 2599 827 proﬁcisci
2638 755 2744 828 74
2775 773 2936 819 ausae,
2966 772 3124 826 quam
3155 773 3327 824 regem
3362 759 3443 811 vi-

1873 851 2048 904 derint
2091 851 2288 906 volatui
2339 861 2686 921 praseuntem.
2723 851 2834 904 Rex
2900 860 3075 904 autem
3131 856 3267 916 apud
3301 853 3438 918 ipsas

1875 940 2142 1008 suffragiis
2199 957 2300 995 non
2346 953 2583 1006 creatur,
2641 945 2826 1011 vulgus
2864 956 3094 1010 namque
3129 941 3314 1006 judicii
3356 943 3436 993 in-

1872 1033 1990 1100 opia
2021 1032 2308 1102 pessimum
2340 1048 2704 1102 saepenumero
2733 1036 2796 1084 ad
2828 1035 3182 1104 principatum
3223 1037 3435 1089 evexit:

1875 1140 2046 1193 neque
2085 1135 2230 1179 sorte
2261 1133 2574 1192 potestatem
2604 1128 2926 1195 assequitur,
2978 1129 3243 1182 temerarii
3296 1130 3436 1181 enim

1875 1219 2096 1270 sortium
2145 1231 2302 1271 casus
2349 1216 2630 1284 imperium
2663 1233 2802 1286 saepe
2839 1219 2889 1270 in
2926 1220 3160 1272 omnium
3209 1221 3436 1274 deterri-

1876 1325 2018 1362 mum
2052 1311 2335 1364 conferunt
2368 1325 2379 1358 :
2415 1325 2510 1362 nec
2534 1323 2596 1362 ex
2637 1320 2851 1376 paterna
2897 1314 3236 1368 successione
3273 1316 3323 1368 in
3358 1330 3437 1368 re-

1875 1403 1974 1472 gali
2008 1403 2200 1456 throno
2229 1400 2537 1463 collocatur,
2579 1419 2698 1454 nam
2733 1413 2786 1454 et
2816 1405 2846 1454 ii
2881 1407 3038 1459 rudes
3083 1417 3438 1474 expertesque

1876 1499 2088 1550 virtutis
2119 1498 2312 1560 omnis,
2349 1497 2416 1549 ob
2451 1496 2668 1549 delicias
2697 1505 2750 1548 et
2779 1501 3170 1553 asseutationes
3200 1498 3434 1568 plerum-

1877 1606 1979 1657 que
2010 1591 2172 1652 ﬁunt;
2201 1590 2291 1642 sed
2324 1604 2352 1640 ιι
2389 1599 2579 1641 natura
2619 1589 2668 1640 in
2701 1605 2888 1642 omnes
2918 1589 3124 1642 obtinet
3165 1592 3437 1659 principa-

1879 1691 1986 1733 tum
2020 1698 2033 1732 :
2059 1683 2252 1748 quippe
2289 1689 2343 1733 et
2373 1681 2737 1748 magnitudine
2769 1691 2821 1733 et
2845 1681 3014 1734 forma
3037 1692 3090 1735 et
3119 1698 3328 1737 morum
3360 1685 3437 1738 le-

1879 1773 2045 1826 nitate
2073 1773 2361 1825 antecellit.
2390 1772 2528 1826 Inest
2563 1774 2775 1842 quidem
2807 1774 2915 1843 regi
2957 1777 3172 1829 aculeus
3208 1794 3221 1829 :
3257 1778 3348 1829 sed
3375 1794 3439 1832 eo

190 1878 290 1928 μοι
326 1860 464 1922 τινές
500 1863 632 1910 εἰσιν
685 1855 829 1912 οὗτοι
877 1861 972 1930 τῆς
1030 1860 1239 1928 φύσεως
1274 1860 1529 1931 ἄγραφοι,
1572 1859 1767 1930 ἀργοὺς

1877 1879 1976 1918 non
2008 1863 2173 1916 utitur
2207 1865 2272 1915 ad
2319 1861 2596 1916 ultionem.
2657 1862 2747 1915 lla:
2778 1871 2902 1914 sunt
2957 1863 3198 1930 quardam
3235 1871 3440 1916 naturae

187 1946 339 2001 εἶναι
378 1951 510 2021 πρὸς
538 1954 807 2022 τιμωρίαν
841 1954 964 2015 τοὺς
997 1953 1103 2005 τῶν
1150 1954 1418 2023 μεγίστων
1448 1952 1768 2006 δυναστειῶν

188 2042 594 2107 ἐπιϐαίνοντας.
631 2045 790 2097 Ἀλλὰ
823 2047 914 2098 καὶ
949 2050 1065 2108 ταῖς
1113 2047 1410 2115 μελίσσαις,
1448 2047 1564 2097 ὅσαι
1599 2045 1663 2096 ἂν
1695 2045 1769 2114 μὴ

186 2137 607 2205 ἁκολουθήσωσι
639 2138 714 2206 τῷ
758 2139 1119 2205 ὑποδείγματι
1164 2138 1256 2187 τοῦ
1315 2137 1594 2204 βασιλέως,
1635 2138 1768 2204 ταχὺ

191 2231 496 2299 μεταμέλει
548 2231 646 2298 τῆς
697 2231 973 2293 ἀϐουλίας,
1003 2231 1172 2299 ὅτιτῇ
1208 2229 1386 2300 πληγῇ
1419 2230 1508 2282 τοῦ
1546 2229 1768 2299 κέντρου

188 2323 712 2393 ὲπαποθνήσκουσιν
741 2324 873 2393 (55).
925 2323 1294 2375 Ἀκουέτωσαν
1323 2322 1654 2392 Χριστιανοὶ,
1688 2318 1769 2382 οἷς

190 2417 530 2487 πρόσταγμα
579 2420 692 2468 ἐστι
749 2417 938 2486 μηδενὶ
977 2418 1142 2468 κακὸν
1177 2418 1294 2467 ἀντὶ
1327 2415 1495 2468 κακοῦ
1523 2417 1768 2469 ἀποδιδό-

190 2528 310 2572 ναι,
342 2511 474 2563 ἀλλὰ
497 2512 650 2580 νικᾷν
691 2513 746 2562 εν
773 2508 846 2578 τῷ
875 2509 1062 2579 ἀγαθῷ
1093 2510 1152 2561 τὸ
1181 2509 1368 2562 κακόν.
1398 2508 1646 2578 Μίμησαι
1671 2512 1768 2578 τῆς

196 2603 464 2672 μελίσσης
504 2603 560 2655 τὸ
615 2603 933 2674 ἰδιότροπον,
998 2604 1099 2664 ὅτι,
1145 2602 1320 2654 οὐδενὶ
1376 2601 1765 2670 λυμαινομένη,

189 2697 321 2747 οὐδὲ
342 2699 550 2765 καρπὸν
584 2697 857 2767 ἀλλότριον
887 2698 1293 2766 διαφθείρουσα,
1321 2695 1387 2748 τὰ
1432 2694 1598 2766 κηρία
1628 2711 1768 2763 συμ-

193 2787 487 2853 πήγνυται.
527 2787 627 2837 Τδν
671 2790 766 2856 μὲν
795 2789 902 2856 γὰρ
933 2787 1098 2855 κηρὸν
1129 2787 1233 2838 ἀπὸ
1259 2787 1364 2837 τῶν
1396 2786 1570 2838 ἀνθῶν
1605 2803 1767 2854 φανε-

193 2877 312 2946 ρῶς
341 2879 650 2948 συναγείρει
686 2879 814 2947 (56),
851 2879 908 2930 τὸ
929 2879 984 2929 δὲ
1025 2879 1162 2946 μέλι,
1192 2878 1289 2945 τὴν
1325 2877 1638 2946 δροσοειδῶς
1681 2881 1766 2930 ἐν·

193 2971 555 3040 εσπαρμένην
600 2971 776 3026 νοτίδα
823 2973 934 3032 τοῖς
966 2969 1202 3026 ἄνθεσιν.
1250 2969 1665 3037 ἐπισπασαμένη
1693 2969 1769 3038 τῷ

195 3061 450 3128 στόματι,
484 3064 685 3132 ταύτην
717 3066 833 3124 ταῖς
859 3062 1130 3130 κοιλότησι
1153 3061 1258 3112 τῶν
1296 3060 1500 3130 κηρίων
1543 3060 1765 3130 ἐνίησιν.

196 3148 366 3202 Ὅθεν
403 3155 492 3205 καὶ
521 3154 682 3223 ὑγρὸν
727 3155 876 3223 παρὰ
928 3155 1025 3222 τὴν
1061 3153 1282 3224 πρώτην
1316 3153 1458 3204 ἐστίν
1484 3169 1496 3181 ⁸
1528 3147 1644 3203 εἷτα
1694 3151 1770 3221 τῷ

194 3247 376 3318 χρόνῳ
426 3244 754 3314 συμπεφθὲν,
798 3245 933 3314 πρὸς
985 3245 1080 3313 τὴν
1113 3246 1316 3296 οἰκείαν
1368 3244 1621 3296 σύστασιν
1677 3245 1769 3296 καὶ

197 3339 394 3408 ἡδονὴν
458 3335 834 3405 ἐπανέρχεται.
899 3334 1092 3388 Καλῶν
1135 3336 1227 3386 καὶ
1271 3337 1584 3404 πρεπόντων
1631 3333 1767 3402 αὕτη

195 3431 309 3481 τῶν
355 3431 591 3482 ἐπαίνων
644 3428 794 3499 παρά
847 3427 948 3495 τῆς
997 3426 1298 3497 Παροιμίας
1339 3426 1448 3492 (57)
1481 3427 1765 3495 τετύχηκε,

200 3519 343 3588 σοφὴ
373 3521 464 3570 καὶ
491 3521 707 3588 ἐργάτις
749 3517 1134 3587 ὀνομασθεῖσα’
1173 3515 1312 3568 οὕτω
1349 3514 1446 3584 μὲν
1473 3514 1769 3582 φιλοπόνως

199 3612 303 3681 τὴν
331 3611 540 3681 τροφὴν
572 3611 959 3679 συναγείρουσα
989 3605 1082 3679 (ἧς
1129 3607 1269 3673 τοὺς
1323 3609 1568 3671 πόνους,
1615 3606 1767 3676 φησὶ,

193 3702 483 3767 ,Βασιλεῖς
510 3701 603 3752 καὶ
635 3701 849 3752 ἰδιῶται
883 3702 1029 3767 πρὸς
1057 3701 1262 3768 ὑγείαν
1285 3696 1766 3768 προσφέρονται),

196 3796 345 3848 οὕτω
389 3795 444 3848 δὲ
479 3794 654 3862 σοφῶς
699 3793 1079 3861 φιλοτεχνοῦσα
1113 3795 1209 3857 τὰς
1243 3795 1525 3866 ἀποθήκας
1548 3792 1640 3846 τοῦ
1676 3793 1771 3862 μέ-

197 3888 347 3950 λιτος
382 3888 483 3953 (εἰς
528 3886 719 3937 λεπτὸν
761 3886 868 3954 γὰρ
908 3885 1080 3954 ὑμένα
1120 3886 1210 3938 τὸν
1238 3887 1402 3956 κηρὸν
1440 3885 1764 3950 διατείνασα,

201 3982 415 4044 πυκνὰς
444 3981 535 4033 καὶ
565 3982 802 4048 συνεχεῖς
834 3979 1092 4048 ἀλλήλαις
1123 3979 1489 4046 συνοικοδομεῖ
1524 3980 1620 4040 τὰς
1659 3996 1770 4030 κοι-

197 4075 470 4144 λότητας),
524 4075 598 4135 ὡς
629 4073 688 4124 τὸ
725 4072 923 4124 πυκνὸν
957 4072 1055 4141 τῆς
1097 4073 1204 4123 τῶν
1250 4071 1590 4141 μικροτάτων
1635 4072 1769 4140 πρὸς

199 4166 407 4234 ἄλληλα
433 4165 629 4226 δέσεως
668 4164 896 4235 ἔρεισμα
935 4164 1177 4230 γίνεσθαι
1209 4163 1284 4232 τῷ
1315 4163 1492 4216 παντί.
1539 4163 1768 4232 Ἑκάστη

199 4258 310 4326 γὰρ
343 4258 568 4326 φρεατία
596 4256 700 4323 (58)
736 4256 833 4324 τῆς
859 4254 1049 4325 ἑτέρας
1082 4254 1282 4324 ἔχεται,
1311 4253 1488 4322 λεπτῷ
1519 4254 1652 4324 πρὸς
1679 4254 1770 4305 αυ-

199 4348 298 4417 τὴν
327 4345 668 4416 διειργομένη
688 4363 744 4397 τε
778 4346 910 4415 ὁμοῦ
938 4347 1032 4398 καὶ
1059 4346 1430 4415 συναπτομένη
1457 4344 1773 4413 τῷδιαφρά-

199 4457 392 4508 γματι.
427 4439 653 4489 Ἔπειτα
681 4436 928 4507 διὼροφοι
962 4439 1053 4491 καὶ
1094 4437 1385 4509 τριώροφοι
1419 4441 1473 4489 αἱ
1509 4438 1770 4506 σύριγγες

1874 1956 2016 2027 leges
2065 1955 2285 2009 minime
2319 1955 2551 2024 scriptae,
2585 1966 2644 2008 ut
2689 1955 2826 2008 tardi
2880 1954 2990 2008 sint
3023 1956 3084 2008 ad
3127 1956 3438 2018 vindictam,

1871 2049 1958 2115 qui
2033 2049 2100 2102 ad
2174 2048 2464 2102 maximam
2512 2049 2804 2115 potentiam
2850 2057 2976 2102 sunt
3014 2047 3206 2101 evecti.
3251 2047 3355 2102 Sed
3389 2056 3442 2101 et

1871 2153 2204 2206 quacunque
2257 2153 2383 2206 apes
2440 2137 2579 2207 regis
2627 2152 2730 2190 non
2781 2153 3080 2205 sequuntur
3111 2138 3437 2205 exemplum,

1872 2241 1965 2280 eas
2005 2228 2185 2280 statim
2213 2230 2531 2281 temeritatis
2553 2243 2663 2282 sure
2693 2229 2916 2297 paenitet
2945 2245 2959 2291 ;
2987 2236 3266 2297 propterea
3299 2232 3439 2297 quod

1871 2318 2041 2372 aculei
2074 2319 2177 2372 ictu
2234 2320 2521 2372 intereunt.
2572 2321 2806 2374 Audiant
2849 2320 3161 2384 Christiani,
3192 2321 3279 2387 qui
3311 2321 3438 2373 nulli

1871 2413 2067 2467 malum
2103 2429 2198 2483 pro
2246 2414 2385 2468 malo
2431 2415 2670 2477 reddere,
2708 2418 2798 2469 sed
2829 2416 2880 2468 in
2915 2414 3054 2468 bono
3095 2414 3292 2467 malum
3325 2414 3440 2467 vin—

1870 2520 1992 2560 cere
2018 2507 2271 2573 jubentur
2293 2509 2332 2559 ⁵.
2356 2506 2567 2559 Imitare
2607 2508 2876 2576 propriam
2908 2506 3021 2575 apis
3053 2506 3442 2576 indolem,qu:e

1871 2599 1998 2652 nulli
2035 2596 2290 2660 ofﬁciens,
2323 2613 2493 2666 neque
2522 2597 2753 2653 fructum
2785 2599 3016 2653 alienum
3066 2613 3436 2666 corrumpens,

1871 2687 2021 2742 favos
2051 2687 2316 2740 construit
2346 2703 2408 2742 ac
2430 2687 2738 2758 compingit.
2778 2686 2910 2741 Nam
2951 2696 3008 2740 ut
3043 2703 3224 2741 ceram
3250 2703 3313 2740 ex
3343 2688 3440 2740 flo-

1872 2780 2019 2834 ribus
2069 2789 2254 2847 aperte
2303 2779 2504 2846 colligit
2556 2781 2679 2832 :‘ita
2728 2780 2868 2843 mel,
2915 2781 3191 2833 humorem
3239 2781 3442 2835 scilicet

1873 2875 2010 2926 roris
2041 2873 2210 2925 instar
2248 2871 2466 2925 floribus
2504 2873 2834 2939 inspersum,
2867 2889 2960 2926 ore
3005 2876 3242 2935 attrahit,
3281 2887 3442 2942 atque

1871 2969 1921 3020 in
1949 2966 2187 3020 favorum
2220 2981 2348 3018 cava
2396 2965 2655 3019 inunittit.
2680 2965 2830 3019 Unde
2865 2966 3023 3017 etiam
3073 2965 3246 3033 primo
3285 2967 3442 3033 liqui-

1870 3056 1992 3107 dum
2019 3066 2100 3108 est
2135 3074 2149 3108 :
2185 3057 2374 3109 deinde
2427 3058 2682 3123 temporis
2713 3072 2963 3124 processu
3003 3067 3345 3121 concoctum,
3374 3058 3440 3110 ad

1873 3148 2142 3213 propriam
2169 3148 2564 3200 concretionem
2587 3148 3011 3214 suavitatemque
3033 3150 3294 3216 pervenit.
3316 3150 3443 3218 Apis

1877 3239 2159 3304 praeclaras
2201 3247 2253 3290 et
2295 3240 2672 3293 convenientes
2711 3239 2893 3292 Iaudes
2921 3255 2948 3292 a
2994 3238 3284 3293 Proverbio
3311 3255 3441 3295 con-

1876 3339 2060 3386 secuta
2092 3341 2192 3396 est,
2225 3348 2344 3399 qua:
2371 3332 2573 3386 scilicet
2611 3332 2904 3400 appelletur
2945 3331 3158 3400 sapiens
3200 3342 3255 3385 et
3301 3332 3446 3386 labo-

1877 3424 2039 3477 riosa.
2072 3423 2181 3477 lloc
2214 3425 2388 3491 modo,
2420 3433 2475 3476 ut
2505 3425 2784 3494 diligenter
2809 3425 2924 3492 apis
2969 3424 3217 3494 pabulum
3253 3439 3446 3493 coage-

1877 3517 1945 3569 rit
1972 3516 2144 3584 (cujus
2175 3517 2375 3568 labores
2398 3556 2411 3578 ,
2455 3517 2648 3584 inquit,
2691 3534 2832 3584 reges
2861 3526 2907 3570 et
2933 3519 3122 3584 privati
3150 3520 3216 3569 ad
3240 3519 3442 3570 sanita-

1877 3615 1974 3656 tem
2011 3606 2366 3670 assumunt“),
2404 3606 2473 3658 ita
2523 3606 2792 3673 sapienter
2841 3617 2896 3660 et
2948 3608 3236 3663 artiﬁciose
3273 3609 3445 3662 mellis

1876 3696 2097 3751 cellulas
2121 3697 2370 3750 exstruit.
2405 3695 2627 3752 Extenta
2667 3698 2809 3752 enim
2848 3699 2899 3751 in
2931 3710 3145 3753 tenuem
3177 3700 3444 3753 membra—

1879 3804 2000 3842 nam
2048 3803 2192 3853 cera,
2231 3791 2417 3843 crebra
2469 3799 2522 3843 et
2581 3790 2721 3843 inter
2769 3807 2826 3844 se
2871 3792 3120 3844 continua
3174 3806 3440 3844 cavacou-

1877 3880 2055 3944 struit,
2082 3892 2140 3934 ut
2171 3880 2467 3950 frequentia
2505 3882 2590 3935 illa
2621 3894 2782 3951 atque
2807 3885 3073 3946 densitas,
3107 3901 3206 3952 qua
3267 3885 3444 3937 minu-

1878 3975 2080 4028 tissima
2132 3990 2357 4044 quaeque
2401 3991 2578 4030 secum
2631 3977 2856 4030 invicem
2905 3976 3258 4047 colligantur,
3295 3978 3442 4045 Operi

1880 4069 1972 4120 toti
2005 4067 2230 4121 fulcrum
2267 4072 2334 4120 sit
2378 4079 2429 4122 et
2464 4070 2878 4124 ﬁrmamentum.
2909 4069 3039 4123 Nam
3076 4072 3263 4124 cellula
3298 4087 3444 4138 qua:-

1878 4156 2007 4209 libet
2035 4159 2187 4210 alteri
2239 4160 2499 4221 adlimret,
2544 4162 2686 4212 tenui
2716 4170 2866 4227 septo
2907 4162 2971 4214 ab
3000 4176 3059 4213 ea
3101 4162 3360 4228 seiuncta,
3390 4172 3444 4215 et

1879 4251 2048 4302 eidem
2081 4250 2241 4303 simul
2286 4251 2590 4320 conjuncta.
2631 4253 2826 4306 Deinde
2865 4253 3051 4306 fistulae
3103 4255 3182 4308 ha:
3209 4254 3324 4306 alia?
3348 4272 3438 4307 su-

1880 4357 1975 4408 per
2006 4341 2138 4394 alias
2183 4342 2479 4406 aediﬁcatze,
2513 4343 2645 4394 duas
2697 4353 2872 4397 tresve
2921 4346 3116 4398 habent
3157 4346 3439 4411 contigna—

1880 4433 2066 4484 tiones.
2105 4432 2268 4486 Cavet
2300 4436 2438 4487 enim
2481 4435 2787 4487 continuam
2835 4451 2990 4486 unam
3021 4435 3228 4488 efﬁcere
3257 4451 3442 4489 caver-

198 4526 362 4585 αὗται
400 4529 653 4599 ἀλλήλαις
683 4531 1142 4600 ἐπῳκοδόμηνται.
1182 4530 1512 4598 Ἐφυλάξατο
1529 4529 1636 4600 γὰρ
1660 4531 1767 4598 (59)

1878 4523 2078 4584 nulam,
2115 4539 2180 4577 ne
2215 4525 2402 4577 humor
2433 4525 2576 4578 foras
2606 4535 2824 4593 propter
2857 4526 3169 4593 gravitatem
3216 4524 3436 4580 diffluat.

203 4622 332 4692 μίαν
371 4619 590 4689 ποιῆσαι
620 4619 918 4689 διαμπερὲς
970 4621 1067 4689 τὴν
1121 4619 1427 4689 κοιλότητα,
1465 4620 1550 4670 ἵνα
1592 4619 1664 4688 μὴ
1693 4619 1770 4688 τῷ

201 4713 362 4783 βάρει
386 4715 446 4764 τὸ
480 4712 644 4781 ὑγρὸν
687 4711 823 4780 πρὸς
859 4712 918 4763 τὸ
939 4713 1093 4775 ἐκτὸς
1118 4712 1432 4783 διεκπίπτῃ.
1470 4711 1769 4780 Κατάμαθε

199 4805 319 4866 πῶς
350 4803 416 4856 τὰ
447 4804 544 4872 τῆς
572 4803 908 4873 γεωμετρίας
935 4804 1209 4873 εὑρέματα
1250 4803 1499 4872 πάρεργά
1530 4804 1644 4854 ἐστι
1675 4804 1770 4873 τῆς

203 4893 520 4963 σοφωτάτης
551 4892 826 4964 μελίσσης.
864 4894 1154 4962 Ἐξάγωνοι
1190 4896 1297 4965 γὰρ
1333 4897 1502 4948 πᾶσαι
1536 4894 1626 4946 καὶ
1663 4895 1768 4946 ἰσό-

199 4986 425 5054 πλευροι
457 4985 564 5036 τῶν
607 4985 812 5056 κηρίων
853 4987 909 5037 αἱ
960 4986 1235 5057 σύριγγες,
1271 4987 1368 5039 οὐκ
1419 4987 1504 5038 ἐπ’
1551 4986 1764 5050 εὐθείας

281 5163 473 5216 ‘Rom.
509 5178 605 5227 xu,
659 5163 740 5227 l7,
773 5163 861 5218 2|.
936 5165 956 5195 ⁵
990 5163 1145 5217 Prov.
1189 5180 1261 5225 vi,
1288 5163 1339 5228 6,
1377 5181 1480 5220 sec.
1527 5163 1692 5217 LXX.

269 5327 384 5398 (54)
422 5325 568 5394 Regii
605 5328 815 5398 tertius,
870 5329 1092 5395 quintus
1141 5339 1196 5384 et
1230 5340 1416 5381 sextus
1444 5343 1562 5380 cum
1594 5327 1758 5398 Coisl.

198 5396 377 5470 primo
428 5407 621 5470 etcum
647 5396 807 5470 Colb:
844 5400 1078 5453 secundo
1117 5399 1355 5470 ἀκρασία
1397 5399 1587 5470 δήμου,
1625 5397 1763 5470 vulgi

197 5467 510 5534 petulantia.
530 5467 680 5538 Editi
695 5468 935 5538 etCoisl.
962 5467 1228 5525 secundus
1255 5486 1375 5525 cum
1396 5468 1574 5538 Regiis
1593 5468 1764 5538 primo

200 5550 254 5591 et
281 5551 469 5590 octavo
497 5537 718 5608 ἀκρισία
747 5537 937 5608 δήμου.
967 5539 1198 5592 Rectius.

419 5608 528 5679 Otto
553 5625 682 5662 mss.
713 5609 1219 5679 ὲναποθνήσκουσιν.

273 5677 394 5749 (56)
440 5678 660 5749 Codices
727 5677 1250 5749 (ιιιίιιυοηφανερῶς
1318 5683 1552 5748 συνάγει.
1627 5681 1763 5734 ΕιΙὶιί

202 5763 326 5802 cum
369 5748 516 5805 Colb.
563 5753 798 5804 secundo
850 5759 900 5804 et
953 5767 1069 5804 cum
1119 5748 1245 5818 lieg.
1306 5755 1462 5806 tertio
1520 5753 1758 5816 ways!-

203 5835 306 5888 ρει.

1875 4617 2028 4671 Disce
2088 4619 2358 4685 quomodo
2402 4620 2711 4685 geometria:
2765 4620 2975 4673 inventa
3033 4621 3274 4674 accessio
3332 4621 3441 4673 sint

1870 4725 2045 4777 Opera:
2074 4725 2132 4763 ac
2165 4709 2525 4776 laboris“ejus,
2553 4725 2709 4778 quem
2744 4712 2859 4780 apis
2883 4712 3282 4780 sapientissime
3315 4726 3438 4766 sus-

1873 4801 2020 4867 cipit.
2062 4801 2259 4855 Omnes
2301 4803 2443 4856 enim
2485 4802 2726 4857 favorum
2761 4804 3063 4858 caveruuhe
3100 4814 3222 4856 sunt
3247 4818 3444 4857 sexan-

1874 4893 2031 4963 gnte,
2066 4903 2121 4946 et
2152 4896 2374 4962 mqualia
2403 4883 2572 4949 latera
2613 4897 2808 4950 habent
2848 4915 2859 4949 :
2914 4912 3016 4949 non
3060 4897 3177 4949 aliae
3209 4895 3325 4949 aliis
3359 4895 3442 4949 d3-

1875 4997 2020 5041 recto
2045 4988 2381 5053 incumbunt,
2400 5003 2465 5040 ne
2497 4988 2643 5040 fundi
2670 4988 2962 5044 intervallis
2997 4990 3183 5043 vacuis
3209 4990 3440 5058 adjuncti

1938 5325 2047 5393 (57)
2078 5325 2239 5392 Παρὰ
2254 5330 2360 5389 τῆς
2375 5326 2711 5394 Nape/piae.
2741 5326 2916 5381 Locus
2936 5335 3013 5379 est
3037 5323 3196 5379 Prov.
3225 5340 3339 5392 cap.
3369 5336 3442 5386 γι,

1866 5413 1916 5450 v.
1946 5396 2000 5455 6,
2032 5398 2168 5462 apud
2197 5394 2353 5448 LXX.
2386 5397 2487 5449 Sed
2511 5398 2621 5450 haec
2649 5400 2842 5451 absunt
2876 5399 2941 5451 ab
2972 5396 3441 5450 llebraicisuxein-

1867 5467 2124 5536 plaribus.
2158 5465 2296 5534 Lege
2332 5467 2598 5519 Durmunt.

1942 5536 2050 5604 (58)
2087 5535 2158 5587 fta
2197 5537 2407 5589 codices
2437 5553 2528 5590 sex
2585 5553 2615 5591 e
2649 5540 2847 5591 nostris
2898 5546 3092 5604 prmter
3119 5536 3360 5590 Comlief.
3391 5548 3440 5588 et

1870 5607 2017 5678 Bodl.
2053 5607 2188 5678 Editi
2223 5607 2422 5678 ἑκάστη
2457 5607 2562 5676 γάρ
2600 5608 2840 5677 φρεατίς.
2877 5610 3065 5662 btatim
3096 5608 3225 5678 lleg.
3261 5621 3441 5660 senos

1877 5677 2006 5748 πρὸς
2032 5677 2198 5748 αὐτὴν
2232 5677 2528 5747 διῃρημένη
2563 5695 2618 5729 τε
2653 5679 2806 5747 ὁμοῦ.

2094 5747 2244 5800 Colit.
2297 5753 2563 5799 secundus
2605 5748 2931 5815 ἐφυλάξαντ’,
2980 5749 3100 5818 γάρ.
3156 5749 3440 5816 Aliquanto

1871 5828 1985 5886 post
2022 5817 2147 5886 Reg.
2177 5829 2355 5871 afEXlllS
2389 5819 2663 5887 διαπίπτῃ.
