4100 6312
701 357 799 408 1ῖὸ
2000 363 2056 416 S.
2101 356 2346 414 BASILII
2389 357 2601 414 MAGNI

3839 361 3932 414 176

691 467 948 525 fatiscant
988 487 1002 524 :
1035 473 1126 527 sed
1165 480 1578 545 sexangularum
1618 477 1930 533 inferiorum
1957 475 2246 532 cavernnla

2370 471 2629 543 ἀλλήλαις
2676 470 3145 541 κατεπικείμεναι,
3184 471 3269 523 ἵνα
3307 470 3380 541 μὴ
3421 473 3702 542 κάμνωσιν
3747 474 3795 522 οἱ
3834 493 3930 528 τω.

693 575 809 613 rnm
841 563 1016 632 anguli
1061 567 1204 620 basis
1239 578 1362 621 sunt
1393 584 1456 624 ac
1481 570 1851 625 fulcimentum
1902 574 2259 640 superiorum,

691 662 751 705 ut
799 662 910 709 tuto
956 671 1114 725 supra
1172 674 1230 714 se
1273 675 1437 714 onera
1484 663 1750 727 attollant,
1791 671 1843 714 et
1877 664 2167 728 separatim
2210 661 2261 714 in

692 759 1013 818 unoquoque
1039 766 1275 808 concavo
1311 755 1502 810 humor
1533 758 1894 812 contineatur.

767 1019 819 1072 5.
854 1021 1131 1087 Quomodo
1161 1035 1386 1082 cunctas
1416 1029 1768 1097 proprietates
1791 1033 1854 1087 ad
1878 1034 2151 1087 volucrum
2179 1036 2258 1089 vi-

691 1119 798 1164 tam
855 1116 1184 1178 pertinentes
1232 1131 1482 1174 accurate
1541 1122 1634 1177 tibi
1693 1141 1972 1180 recensere
2024 1127 2261 1192 possim?

694 1200 762 1257 Ut
805 1219 964 1273 grues
999 1207 1234 1264 vicissim
1269 1214 1604 1269 constituunt
1631 1219 1914 1280 excubias;
1948 1227 2000 1270 et
2043 1220 2257 1287 quidem

689 1292 805 1345 alia:
837 1295 1111 1352 dormiunt
1143 1321 1154 1355 :
1194 1302 1310 1355 alia:
1339 1319 1465 1358 vero
1497 1309 1914 1372 circumeuntes,
1945 1325 2156 1362 omnem
2191 1309 2259 1377 ip-

689 1386 764 1435 sis
793 1390 1136 1444 securitatem
1175 1407 1267 1459 per
1294 1409 1541 1450 somnum
1576 1398 1862 1463 exhibent;
1901 1399 2093 1453 deinde
2127 1407 2259 1452 tem-

690 1491 817 1543 pore
852 1481 1147 1548 vigiliarum
1182 1498 1417 1552 peracto,
1455 1489 1566 1540 lucc
1590 1489 1802 1553 quidem
1837 1490 2089 1560 clangore
2115 1491 2258 1544 edito

688 1568 753 1617 ad
804 1583 1046 1625 somnum
1082 1577 1413 1630 convertitur
1446 1595 1457 1630 :
1498 1578 1583 1631 illa
1621 1594 1746 1633 vero
1793 1581 1896 1652 75
1945 1583 2255 1648 succedens,

686 1660 1032 1718 securitatem
1077 1682 1234 1733 quam
1284 1670 1509 1737 accepit,
1553 1686 1645 1723 sua
1685 1675 1800 1727 vice
1838 1673 2029 1727 reddit.
2059 1673 2258 1729 Obser-

686 1751 840 1806 vabis
885 1763 938 1806 et
988 1755 1128 1808 hunc
1183 1759 1424 1812 ordinem
1475 1759 1526 1812 in
1571 1761 1684 1830 ipso
1715 1764 1911 1816 volatu.
1951 1764 2066 1817 Alia
2113 1765 2254 1820 enim

687 1841 956 1896 interdum
995 1845 1204 1901 itineris
1226 1851 1330 1901 dux
1365 1857 1479 1914 est;
1513 1856 1603 1904 sed
1637 1854 1721 1906 ubi
1759 1868 1852 1920 per
1882 1855 2092 1922 aliquod
2125 1864 2254 1909 tein-

686 1947 783 1998 pus
830 1945 1087 1990 statutum
1131 1939 1329 1994 volanti
1372 1943 1602 2010 pra-fuit,
1664 1955 1806 1998 retro
1868 1961 1925 2001 se
1969 1947 2254 2015 recipiens,

688 2025 783 2077 viae
825 2029 1075 2081 ducatum
1136 2030 1434 2100 insequenti
1484 2035 1662 2088 tradit.
1703 2036 1964 2090 Caeterum
2014 2039 2255 2093 ciconia-

686 2131 806 2170 rum
859 2120 1049 2189 agendi
1105 2126 1313 2185 modus,
1348 2140 1450 2178 non
1486 2127 1670 2192 procul
1704 2145 1731 2180 a
1769 2131 2014 2185 rationali
2061 2134 2255 2189 intelli-

683 2211 862 2278 gentia
899 2211 1068 2265 abest.
1103 2211 1170 2265 Ut
1200 2214 1340 2266 enim
1369 2231 1557 2270 inimes
1589 2234 1692 2272 uno
1719 2230 1773 2273 et
1799 2221 1985 2276 eodem
2019 2229 2255 2295 tempore

681 2301 748 2352 ad
779 2299 874 2352 bas
904 2302 1149 2368 regiones
1174 2306 1435 2358 accedunt
1465 2325 1478 2361 :
1517 2307 1583 2359 ita
1612 2309 1712 2363 sub
1746 2328 1853 2365 uno
1883 2316 2038 2383 signo
2067 2332 2255 2373 omnes

681 2390 984 2446 discedunt.
1022 2393 1238 2462 Stipant
1286 2407 1463 2450 autem
1507 2399 1654 2468 ipsas
1682 2406 1926 2460 cornices
1961 2418 2250 2473 nostrates,

678 2496 878 2551 easque
928 2501 1042 2538 mea
1082 2489 1294 2555 quidem
1325 2494 1590 2547 sententia
1619 2496 1910 2556 deducunt.
1944 2508 1998 2552 et
2058 2503 2253 2555 nonni~

679 2573 751 2630 hil
809 2581 1069 2632 adversus
1119 2580 1342 2636 hostiles
1380 2600 1504 2639 aves
1535 2597 1792 2654 praestant
1832 2588 2077 2646 subsidii.
2120 2593 2250 2650 lllnd

677 2667 854 2736 prin-.0
895 2668 1011 2738 ejus
1055 2672 1127 2724 rei
1174 2687 1543 2742 argumentum
1588 2688 1687 2744 est,
1730 2683 1870 2751 quod
1910 2699 1974 2738 eo
2015 2696 2254 2756 tempore

679 2761 821 2815 nulla
871 2779 1087 2832 prorsus
1117 2768 1302 2820 cornix
1347 2780 1601 2840 appareat
1640 2793 1652 2828 :
1689 2775 1881 2832 deinde
1916 2794 2035 2833 cum
2067 2786 2252 2836 vulne-

679 2853 826 2907 ribus
884 2859 1190 2923 redeuntes,
1237 2871 1416 2927 aperta
1464 2866 1640 2921 lutehr
1691 2879 1742 2922 et
1791 2873 2022 2937 praesidii
2069 2874 2245 2925 collati

676 2942 870 2997 indicia
912 2948 1168 3002 referunt.
1203 2951 1331 3016 Quis
1363 2957 1500 3021 apud
1530 2958 1672 3023 ipsas
1708 2960 2035 3028 prmscripsit
2066 2963 2248 3032 hospi-

677 3037 900 3092 talitatis
926 3038 1089 3106 jura?
1120 3044 1239 3111 quis
1280 3045 1407 3113 ipsis
1448 3049 1767 3105 desertionis
1807 3053 2055 3110 militaris
2089 3072 2247 3111 accu-

2365 562 2393 615 0
2406 564 2566 633 μένες
2600 567 2711 628 τοῖς
2741 565 3010 628 διακένοις
3042 563 3475 634 ἐφηρμοσμένοι·
3515 563 3630 618 ἀλλ’
3659 567 3717 615 αι
3748 569 3932 631 γωνίαι

2362 654 2469 706 τῶν
2501 654 2744 708 κάτωθεν
2800 654 3110 722 ἐξαγώνιον,
3173 653 3368 723 βάθρον
3417 658 3510 708 καὶ
3554 654 3790 726 ἔρεισμα
3834 659 3931 711 τῶν

2362 746 2768 818 ὑπερκειμένων
2799 749 2955 809 είσὶν,
2985 747 3059 810 ὡς
3101 745 3354 814 ἀσφαλῶς
3400 745 3538 818 ὑπὲρ
3582 747 3798 801 ἑαυτῶν
3845 766 3931 817 με-

2360 842 2641 912 τεωρίζειν
2667 841 2734 894 τά
2763 841 2925 912 βάρη,
2963 843 3055 894 καὶ
3087 839 3397 902 ἰδιαζόντως
3433 841 3638 914 ἑκάστῃ
3667 840 3930 909 κοιλότητι

2359 934 2420 986 τὸ
2451 936 2617 1005 ὑγρὸν
2647 934 3057 1004 ἐγκατέχεσοαι.

2431 1030 2492 1082 5.
2529 1030 2651 1092 Πῶς
2683 1030 2748 1082 ἄν
2783 1045 2863 1081 σοι
2894 1029 3068 1081 πάντα
3096 1029 3162 1081 δι’
3195 1025 3475 1098 ἀκριϐείας
3492 1027 3784 1100 ἐπέλθοιμι
3800 1025 3868 1081 τὰ
3883 1028 3932 1080 ἐν

2360 1123 2471 1184 τοῖς
2497 1120 2633 1190 βίοις
2663 1121 2769 1175 τῶν
2809 1121 3036 1191 ὀρνίθων
3066 1121 3362 1191 ἱδιώματα;
3394 1119 3511 1182 πῶς
3551 1122 3651 1188 μὲν
3685 1126 3742 1175 αἱ
3773 1122 3932 1192 γέρα·

2359 1232 2440 1267 νοι
2475 1212 2573 1276 τὰς
2603 1216 2661 1266 ἐν
2699 1215 2764 1282 τῇ
2798 1214 2952 1264 νυκτὶ
2984 1211 3336 1282 προφυλακάς
3367 1210 3474 1277 (60)
3504 1211 3567 1263 ἐκ
3597 1211 3933 1283 περιτροπῆς

2361 1304 2744 1374 ὑποδέχονται·
2780 1304 2873 1356 καὶ
2908 1306 2962 1356 αἱ
2998 1305 3093 1372 μὲν
3136 1303 3506 1363 καθεύδουσιν,
3544 1304 3600 1353 αἱ
3632 1304 3710 1366 δὲ,
3755 1305 3934 1372 κύκλῳ

2359 1397 2686 1465 περιιοῦσαι,
2733 1397 2911 1448 πάσαν
2960 1395 3146 1457 αὑταῖς
3181 1396 3236 1446 ἐν
3285 1397 3360 1465 τῷ
3403 1395 3553 1464 ὕπνῳ
3605 1397 3935 1466 παρέχονται

2358 1489 2457 1560 τὴν
2488 1491 2782 1558 ἀσφάλειαν
2807 1503 2820 1516 ⁸
2865 1483 3004 1549 εἷτα,
3035 1487 3128 1540 τοῦ
3169 1490 3361 1559 καιροῦ
3393 1490 3489 1559 τῆς
3521 1487 3776 1557 φυλακῆς
3801 1490 3933 1558 πλη-

2360 1583 2646 1653 ρουμένου,
2680 1583 2712 1650 ἡ
2744 1581 2840 1649 μὲν
2873 1580 3112 1651 βοήσασα
3133 1580 3269 1653 πρὸς
3299 1582 3460 1635 ὑπνον
3493 1581 3769 1649 ἐτράπετο
3805 1582 3933 1651 (61),

2359 1676 2498 1746 ἡδὲ,
2547 1673 2642 1743 τὴν
2685 1672 2932 1742 διαδοχὴν
2980 1673 3374 1743 ὑποδεξαμένη,
3410 1671 3474 1747 ἧς
3516 1672 3710 1742 ἔτυχεν
3764 1673 3938 1741 ἀσφα-

2366 1765 2512 1827 λείας
2564 1764 2860 1816 ἀντέδωκεν
2914 1767 2970 1817 ἐν
3022 1765 3098 1834 τῷ
3151 1766 3328 1836 μέρει.
3383 1766 3594 1836 Ταύτην
3629 1764 3727 1818 καὶ
3772 1766 3830 1817 ἐν

2368 1857 2559 1924 πτήσει
2587 1853 2681 1924 τὴν
2707 1854 2960 1919 εὐταξίαν
2986 1854 3230 1921 κατόψει.
3271 1856 3489 1909 ’Ἄλλο-τε
3517 1857 3628 1925 γὰρ
3669 1855 3806 1927 άλλη
3842 1855 3937 1924 τὴν

2356 1949 2576 2017 ὁδηγίαν
2617 1949 2928 2018 ἐκδέχεται,
2965 1950 3057 2001 καὶ
3092 1950 3288 2001 τακτόν
3329 1967 3449 2010 τινα
3491 1951 3685 2021 χρόνον
3727 1968 3937 2018 προκα-

2357 2042 2710 2114 θηγησαμένη
2737 2046 2837 2112 τῆς
2867 2043 3133 2111 πτήσεως,
3165 2042 3244 2103 είς
3277 2041 3336 2093 τὺ
3366 2043 3592 2095 κατόπιν
3619 2042 3938 2112 περιελθοῦ-

2358 2152 2446 2197 σα,
2478 2138 2542 2205 τῇ
2575 2136 2692 2205 μεθ’
2735 2135 2931 2204 ἑαυτὴν
2962 2134 3058 2204 τὴν
3097 2132 3391 2202 ἡγεμονίαν
3419 2133 3518 2204 τῆς
3549 2132 3672 2186 δδοῦ
3709 2133 3937 2204 παραδί-

2353 2227 2504 2281 δωσι.
2537 2229 2608 2280 Τὸ
2634 2228 2689 2280 δὲ
2717 2228 2822 2280 τῶν
2852 2225 3136 2296 πελαργῶν
3156 2226 3277 2278 οὑδὲ
3307 2227 3494 2297 πόρρω
3517 2225 3637 2278 ἐστὶ
3666 2227 3936 2290 συνέσεως

2353 2319 2576 2388 λογικῆς
2603 2336 2616 2348 ’
2642 2317 2784 2370 οὑτω
2820 2318 2917 2388 μὲν
2946 2317 3086 2370 κατὰ
3108 2319 3197 2371 τὸν
3221 2318 3314 2371 ἕνα
3344 2318 3530 2390 καιρὸν
3571 2319 3784 2383 πάντας
3820 2321 3935 2371 ἐπε-

2353 2412 2541 2482 δημείν
2573 2413 2685 2473 τοῖς
2721 2411 2846 2481 τῇδε
2875 2409 3092 2481 χωρίοις
3113 2427 3125 2440 ·
3153 2410 3293 2462 οὕτω
3323 2410 3377 2463 δὲ
3401 2411 3486 2478 ὑφ’
3513 2411 3593 2462 ἐνὶ
3623 2410 3930 2478 συνθήματι

2355 2503 2560 2568 πάντας
2607 2503 2880 2575 ἀπαίρειν.
2925 2503 3288 2575 Δορυφοροῦσι
3342 2502 3398 2553 δὲ
3443 2503 3640 2562 αὐτοὺς
3683 2503 3738 2552 αί
3801 2501 3930 2569 παρ’

2352 2600 2484 2668 ἡμῖν
2513 2597 2768 2668 κορῶναι,
2800 2597 2894 2649 καὶ
2926 2596 3406 2665 παραπέμπουσιν,
3447 2593 3570 2662 ἐμοὶ
3603 2592 3808 2654 δοκεῖν,
3841 2594 3928 2646 καί

2355 2691 2669 2760 συμμαχίαν
2721 2688 2839 2740 τινὰ
2886 2687 3254 2756 παρεχόμεναι
3306 2685 3440 2755 πρὸς
3487 2683 3711 2756 ὄρνιθας
3770 2686 3926 2739 πολε-

2355 2782 2526 2850 μίους.
2558 2781 2786 2848 Σημεῖόν
2819 2777 2876 2829 δὲ
2905 2777 3118 2848 πρῶτον
3151 2777 3248 2847 μὲν
3279 2777 3338 2829 τὸ
3369 2777 3442 2848 μὴ
3486 2777 3773 2846 φαίνεσθαι
3825 2778 3925 2830 ὑπὸ

2349 2871 2437 2923 τὸν
2482 2871 2670 2942 καιρὸν
2715 2872 2920 2922 ἐκεῖνον
2962 2869 3206 2941 κορώνην
3239 2870 3602 2933 παντάπασιν,
3644 2869 3820 2922 ἔπειθ’
3847 2870 3923 2920 δτι

2352 2962 2486 3034 μετὰ
2518 2963 2842 3034 τραυμάτων
2867 2963 3289 3034 ἐπανερχόμεναι
3313 2962 3515 3034 ἐναργῆ
3537 2961 3630 3014 τοῦ
3656 2977 3919 3013 συνασπι-

2351 3055 2487 3128 σμοῦ
2519 3057 2613 3110 καὶ
2641 3057 2741 3127 τῆς
2779 3057 3076 3126 ἐπιμαχίας
3121 3056 3189 3109 τὰ
3235 3059 3431 3124 σημεῖα
3473 3052 3782 3123 κομίζουσι.
3828 3052 3921 3115 Τίς

677 3131 935 3185 sationem
989 3135 1222 3191 minatus
1260 3148 1362 3203 est,
1395 3141 1527 3195 adeo
1568 3152 1625 3197 ut
1665 3145 1808 3198 nulla
1839 3162 1866 3199 a
1901 3151 2155 3204 comitatu
2190 3167 2246 3208 se

2351 3150 2477 3220 παρ’
2500 3151 2686 3214 αὑταῖς
2716 3151 2840 3212 τοὺς
2855 3150 2954 3218 τῆς
2988 3147 3288 3218 φιλοξενίας
3319 3145 3532 3215 διώρισε
3561 3145 3760 3215 νόμους
3789 3144 3915 3212 (δ’ἐῗὲ

675 3223 995 3278 subtrahat?
1022 3227 1255 3283 Audiant
1285 3231 1319 3283 ii
1350 3234 1439 3300 qui
1480 3249 1603 3304 erga
1635 3236 1873 3306 hospites
1905 3242 2020 3295 duri
2049 3254 2172 3296 sunt
2197 3255 2250 3298 et

676 3313 976 3380 inofficiosi,
1005 3315 1255 3386 foresque
1286 3324 1594 3386 occludunt,
1629 3338 1683 3379 et
1721 3343 1786 3381 ne
1823 3329 1996 3383 hieme
2032 3334 2245 3400 quidem

674 3414 767 3457 aut
796 3415 952 3458 noctu
979 3405 1212 3460 advenas
1246 3418 1388 3462 lecto
1418 3413 1700 3479 recipiunt.
1725 3414 1894 3469 Porro
1922 3431 2049 3471 cura
2084 3435 2243 3486 quam

673 3497 894 3552 ciconiae
928 3499 1080 3553 senio
1107 3499 1365 3556 confectis
1395 3504 1672 3569 exhibent,
1705 3505 1902 3563 liberos
1937 3521 2166 3574 nostros.
2201 3513 2242 3568 si

676 3589 953 3643 attendere
982 3589 1194 3654 vellent,
1224 3592 1288 3645 ad
1321 3605 1601 3661 parentum
1643 3613 1881 3653 amorem
1921 3601 2052 3656 satis
2098 3603 2245 3656 exci-

675 3689 834 3734 taret.
866 3680 1034 3736 Nemo
1067 3684 1207 3736 enim
1248 3685 1406 3736 homo
1429 3696 1529 3749 est,
1565 3691 1653 3757 qui
1701 3690 1772 3743 ita
1815 3706 2034 3758 prOrsus
2066 3705 2244 3749 mente

675 3774 1021 3829 destituatnr.
1048 3785 1104 3826 ut
1137 3776 1339 3842 pudore
1368 3777 1581 3843 dignum
1608 3794 1711 3832 non
1737 3782 1941 3848 judieet
1969 3800 2113 3846 eum,
2149 3787 2241 3854 qui

672 3861 862 3915 avibus
905 3878 1162 3930 perquam
1210 3865 1380 3918 brutis
1424 3866 1621 3922 virtute
1669 3870 1892 3926 inferior
1930 3874 2088 3931 foret.
2137 3875 2242 3931 Illa:

671 3953 964 4019 genitorem
993 3969 1099 4021 prae
1124 3955 1275 4009 senio
1307 3971 1598 4024 pennarum
1630 3959 1872 4016 deflnviis
1910 3965 2238 4020 laborantem

671 4045 1101 4106 circumstantes.
1144 4047 1368 4100 suismet
1416 4049 1603 4116 pennis
1653 4052 1995 4117 calefaciunt,
2047 4074 2242 4128 suppe-

671 4136 947 4202 ditantqne
997 4138 1206 4192 abunde
1255 4139 1562 4195 alimentum
1601 4162 1613 4196 :
1655 4147 1783 4214 quin
1827 4148 2122 4204 subsidium
2168 4153 2239 4217 ei,

670 4228 846 4296 quoad
894 4229 1007 4281 fieri
1059 4241 1254 4295 potest,
1302 4232 1352 4284 in
1391 4233 1504 4300 ipso
1539 4235 1715 4289 volatu
1757 4250 2032 4305 praestant,
2071 4245 2242 4297 utrin-

667 4334 772 4389 que
825 4319 922 4373 alis
974 4321 1089 4374 suis
1137 4321 1329 4376 leniter
1379 4325 1739 4380 sublevantes.
1797 4329 1973 4396 Atque
2017 4335 2132 4405 hoc.
2168 4335 2238 4387 ita

665 4413 805 4478 apud
834 4412 1022 4466 omnes
1057 4414 1394 4467 decantatum
1432 4425 1534 4477 est,
1567 4427 1617 4469 ut
1641 4417 1750 4486 jam
1787 4422 2002 4488 quidam
2034 4426 2238 4479 benefi-

2352 3244 2432 3306 τίς
2462 3245 2652 3305 αὑταῖς
2684 3243 2946 3311 ἠπείλησε
2982 3237 3390 3308 λειποστρατίου
3420 3237 3639 3308 γραφὴν
3692 3239 3768 3299 ὡς
3819 3256 3918 3307 μη-

2348 3335 2537 3404 δεμίαν
2563 3331 2951 3386 ἀπολείπεσθαι
2999 3330 3098 3399 τῆς
3130 3329 3501 3399 προπομπῆς;
3546 3329 3916 3382 Ἀκουέτωσαν

2348 3429 2394 3480 οἱ
2434 3426 2736 3490 κακόξενοι,
2773 3424 2985 3486 καὶτὰς
3014 3424 3122 3492 (65)
3149 3422 3315 3492 θύρας
3346 3421 3634 3486 κλείοντες,
3663 3421 3759 3474 καὶ
3789 3422 3916 3492 μηδὲ

2350 3521 2545 3590 στέγης
2575 3521 2630 3570 ἐν
2660 3518 2886 3587 χειμῶνι
2926 3517 3018 3570 καὶ
3051 3517 3204 3571 νυκτὶ
3232 3519 3342 3579 τοῖς
3382 3514 3710 3585 ἐπιδημοῦσι
3759 3533 3916 3584 μετα-

2346 3609 2596 3670 διδόντες.
2629 3609 2689 3659 Ἠ
2719 3607 2774 3659 δὲ
2806 3608 2932 3679 περ).
2964 3608 3090 3670 τοὺς
3117 3607 3464 3676 γηράσαντας
3492 3605 3598 3657 τῶν
3627 3604 3913 3673 πελαργιίν

2349 3702 2568 3771 πρόνοια
2623 3700 2841 3772 ἐξήρκει
2895 3701 3017 3762 τοὺς
3057 3699 3250 3761 παῖδας
3302 3698 3489 3768 ἡμῶν,
3533 3697 3581 3747 εἰ
3628 3694 3912 3766 προσέχειν

2345 3793 2644 3856 ἐϐούλοντο,
2706 3792 3074 3862 φιλοπάτορας
3129 3789 3487 3857 καταστῆσαι.
3546 3786 3776 3848 Πάντως
3811 3784 3912 3855 γὰρ

2343 3886 2516 3949 οὐδεὶς
2550 3884 2722 3947 οὑτως
2755 3884 3014 3936 ἐλλείπων
3049 3882 3190 3938 κατὰ
3249 3881 3349 3949 τὴν
3399 3879 3680 3950 φρόνησιν,
3736 3879 3812 3940 ὠς
3844 3877 3912 3947 μὴ

2342 3977 2602 4046 αἰσχύνης
2652 3974 2802 4041 ἄξιον
2857 3975 3062 4046 κρίνειν
3109 3973 3215 4026 τῶν
3277 3971 3633 4039 άλογωτάτων
3685 3967 3912 4039 ὀρνίθων

2343 4065 2645 4136 ὑστερίζειν
2679 4066 2797 4116 κατ’
2831 4064 3048 4135 ἀρετήν.
3086 4064 3308 4116 Ἐκεῖνοι
3329 4061 3418 4114 τὸν
3449 4060 3661 4130 πατέρα
3692 4059 3798 4112 ὑπὸ
3823 4056 3909 4111 τοῦ

2342 4158 2528 4228 γήρως
2575 4157 3053 4227 πτερορῤυήσαντα
3085 4156 3440 4224 περιστάντες
3477 4155 3533 4206 ὲν
3575 4152 3765 4222 κύκλῳ
3806 4153 3909 4212 τοῖς

2343 4250 2560 4312 οἰκείοις
2588 4251 2805 4319 πτεροῖς
2835 4249 3210 4307 διαθάλπουσι,
3261 4249 3354 4298 καὶ
3385 4247 3484 4309 τὰς
3514 4245 3722 4315 τροφάς
3753 4244 3910 4310 ἀφθό-

2342 4359 2447 4404 νως
2478 4340 3000 4412 παρασκευάζοντες,
3036 4340 3135 4408 τὴν
3166 4337 3392 4407 δυνατὴν
3419 4339 3510 4390 καὶ
3541 4339 3598 4388 ὲν
3630 4340 3695 4405 τῇ
3721 4339 3907 4404 πτήσει

2341 4434 2670 4503 παρέχονται
2707 4432 2814 4499 (64)
2852 4429 3127 4500 βοήθειαν,
3164 4430 3344 4499 ἠρέμα
3380 4430 3457 4499 τῷ
3500 4427 3684 4498 πτερῷ
3721 4431 3908 4496 κουφί-

664 4505 874 4560 ciorum
921 4509 1410 4562 remunerationem
1462 4510 1889 4579 antipelargosim
1945 4516 2232 4584 appellent.

2350 4523 2523 4586 ζοντες
2548 4521 2903 4591 ἐκατέρωθεν.
2942 4524 3049 4575 Καὶ
3079 4523 3220 4575 οὓτω
3260 4521 3416 4574 τοῦτο
3445 4520 3594 4592 παρά
3618 4522 3756 4574 πᾶσι
3796 4521 3906 4572 δια-

667 4595 836 4653 Nemo
881 4600 944 4652 de
986 4611 1300 4666 paupertate
1342 4600 1518 4654 doleat
1551 4619 1564 4655 :
1601 4618 1773 4671 neque
1809 4604 1855 4658 is
1885 4605 1953 4660 de
1991 4625 2087 4661 sua
2131 4613 2238 4665 vita

665 4690 932 4754 desperet,
964 4689 1049 4740 cui
1088 4689 1247 4742 nullae
1297 4690 1440 4744 domi
1490 4704 1779 4761 supersunt
1813 4711 1965 4764 opes,
2004 4701 2090 4754 ubi
2128 4703 2240 4768 ipse

662 4785 960 4848 respexerit
1006 4787 1072 4837 ad
1114 4785 1415 4841 hirundinis
1464 4789 1804 4844 industriam.
1847 4793 1933 4845 llla
1975 4797 2114 4849 enim
2158 4799 2239 4852 ni-

660 4877 787 4930 dum
829 4887 1167 4943 construens,
1220 4879 1452 4933 festucas
1494 4883 1709 4951 quidem
1757 4900 1851 4939 ore
1891 4888 2063 4942 defert
2099 4909 2112 4943 :
2158 4891 2236 4944 lu-

661 4978 773 5023 tum
806 4984 931 5023 vero
968 4971 1219 5039 coltigere
1254 4974 1478 5041 pedibus
1511 4991 1630 5028 cum
1670 4992 1771 5030 non
1812 4990 1986 5046 queat,
2031 4997 2232 5049 penna-

661 5075 778 5114 rum
826 5062 1198 5117 extremitates
1251 5079 1387 5132 aqua
1441 5067 1823 5135 madefacieus,
1875 5074 2099 5128 subinde
2149 5087 2230 5131 te-

662 5151 922 5205 nuissimo
957 5153 1174 5222 pulvere
1203 5170 1320 5209 sese
1351 5158 1659 5224 obvolvcns,
1697 5161 1774 5215 sic
1822 5165 1916 5218 luti
1950 5181 2102 5220 usum
2137 5184 2230 5222 ex-

731 5356 840 5433 (6θ)
870 5354 943 5433 ita
966 5370 1069 5433 Asex
1098 5373 1225 5433 mss.
1254 5358 1392 5433 Editi
1431 5361 1748 5429 simpliciter
1787 5365 2054 5433 φυλακάς.

733 5429 844 5494 (61)
869 5424 1091 5508 Codices
1121 5432 1225 5482 duo
1252 5424 1699 5508 ἐτρέπετοίιῖεζε.
1732 5424 1917 5490 Sestus
1950 5424 2228 5508 τρέπεται.

655 5499 806 5570 Colli.
834 5497 1100 5570 secundus
1145 5497 1376 5570 ἐτράπη.
1438 5503 1551 5554 Duo
1590 5497 1676 5557 alii
1724 5521 1851 5559 mss.
1911 5497 2032 5561 cuin
2077 5511 2233 5564 editis

657 5563 1086 5647 ἐτράπετο..Νερ
1130 5563 1219 5647 μεθ’
1246 5563 1407 5647 inulto
1442 5583 1564 5647 post
1600 5591 1730 5629 mss.
1781 5576 2022 5647 plerique
2044 5563 2230 5634 omnes

658 5634 780 5714 cum
838 5634 1073 5691 editione
1126 5643 1288 5698 Basil.
1341 5634 1588 5714 κατόψει.
1650 5634 1824 5703 Editio
1864 5634 2039 5704 Pa'ris.
2098 5668 2230 5704 κατ-

656 5709 824 5782 ὄψεις.

731 5785 842 5846 (6‘2)
870 5782 999 5856 [ἴε-ε.
1034 5797 1219 5840 sextus
1242 5785 1455 5856 διώρισε
1482 5785 1712 5858 θεσμούς

2339 4615 2615 4684 ϐεϐόηται,
2669 4613 2808 4666 ὥστε
2844 4614 2943 4684 ἤδη
2988 4613 3132 4677 τινὲς
3169 4613 3269 4684 τὴν
3305 4613 3413 4665 τῶν
3454 4614 3906 4684 εὐεργετημάτων

2337 4707 2602 4760 ἀντίδοσιν
2623 4706 3138 4774 ἀντιπελάργωσιν
3173 4705 3282 4775 (65)
3318 4703 3660 4775 ὀνομάζουσι.
3708 4706 3906 4776 Μηδεὶς

2336 4800 2524 4851 πενίαν
2559 4798 2867 4869 δδυρέσθωο
2925 4798 3059 4868 μηδὲ
3116 4798 3537 4867 ἀπογινωσκέτω
3565 4798 3763 4851 ἐαυτοῦ
3816 4799 3905 4869 τὴν

2335 4891 2478 4961 ζωὴν
2512 4893 2538 4944 ὁ
2578 4890 2849 4961 μηδεμίαν
2879 4889 3018 4942 οίκοι
3062 4891 3383 4956 περιουσίαν
3406 4889 3744 4955 καταλιπὼν,
3774 4895 3903 4964 πρὸς

2337 4983 2398 5036 τὸ
2421 4983 2520 5052 τῆς
2543 4981 2806 5051 χελιδόνος
2828 4983 2886 5034 εὑ
2895 4984 3130 5053 μήχανον
3159 4982 3497 5037 ἀποϐλέπων.
3535 4983 3752 5054 Ἐκείνη
3780 4986 3898 5055 γὰρ,

2335 5075 2432 5146 τὴν
2466 5073 2658 5127 καλιὰν
2716 5075 3057 5145 πηγνυμένη,
3112 5075 3180 5128 τὰ
3213 5076 3306 5145 μὲν
3349 5075 3533 5146 κάρφη
3569 5075 3646 5144 τῷ
3680 5077 3900 5146 στόματι

2333 5165 2670 5236 διακομίζει·
2711 5166 2876 5237 πηλὸν
2911 5166 2967 5219 δὲ
3009 5167 3119 5228 τοῖς
3144 5167 3299 5218 ποσὶν
3319 5161 3447 5238 ἆραι
3483 5165 3558 5237 μὴ
3608 5167 3898 5238 δυναμένη,

2409 5368 2522 5437 (65)
2553 5368 2685 5437 Reg.
2725 5379 2905 5423 sextus
2936 5367 3216 5435 κακόξενοι
3238 5369 3286 5420 οἱ
3324 5367 3421 5431 τάς

2407 5440 2517 5511 (64)
2540 5439 2698 5511 idem
2724 5441 2850 5511 Reg.
2883 5450 3064 5492 sextus
3086 5441 3281 5511 πτήσει
3300 5439 3653 5511 (παρέχοντες.

2406 5509 2517 5576 (65)
2537 5509 3084 5579 Ἀντιπελάργωσιν,
3101 5510 3151 5563 id
3170 5509 3272 5574 est,
3291 5509 3517 5576 beneﬁcii
3529 5518 3726 5574 accepti
3742 5527 3898 5563 rema-

2335 5583 2678 5634 nerationem.
2703 5580 2904 5632 Idcirco
2921 5591 3096 5634 autem
3117 5581 3255 5650 grati
3278 5581 3442 5650 animi
3467 5579 3797 5650 significatio
3815 5583 3899 5635 ἀν-

2334 5651 2734 5731 τιπελάργωσις
2751 5651 3047 5731 dicebatur,
3074 5649 3215 5719 quod
3240 5649 3525 5731 πελαργός,
3555 5651 3786 5731 ciconia,
3813 5653 3896 5706 be-

2338 5725 2652 5777 neficiorum
2675 5737 2703 5773 a
2737 5721 3048 5790 parentibus
3076 5729 3413 5788 acceptorum
3454 5727 3661 5774 memor
3698 5722 3793 5776 sit.
