4100 6312
157 391 277 440 177

1269 390 1549 444 ΙΙΟΜΙΙᾸΔ
1592 391 1701 444 γιιι
1744 391 1806 443 IN
1850 393 2338 448 IIEXAEMERON.

3292 399 3392 452 ιτιι

150 503 231 555 τὰ
270 501 416 566 ἄκρα
451 500 557 552 τῶν
589 497 803 570 πτερῶν
844 497 990 550 ὕδατι
1034 500 1414 568 καταδρέξασα
1459 503 1590 570 (66),
1622 499 1731 554 εἷτα

1839 509 2066 572 cogitat;
2101 517 2259 574 atque
2303 510 2557 574 pautatim
2591 508 2822 562 festucas
2855 507 2993 560 inter
3025 524 3082 562 se
3115 508 3226 562 luto
3253 511 3397 566 velut

145 598 224 664 τῇ
285 594 590 666 λεπτοτάτῃ
633 595 776 646 κόνει
819 591 1171 659 ἐνειληθεῖσα,
1202 592 1369 656 οὕτως
1410 595 1612 646 ἐπινοεῖ
1640 595 1734 646 τοῦ

148 684 344 753 πηλοῦ
393 693 490 755 τὴν
538 683 752 752 χρείαν·
804 685 895 736 καὶ
949 683 1087 736 κατά
1136 683 1328 752 μικρὸν
1373 685 1620 756 ἀλλήλοις
1668 687 1736 738 τὰ

149 777 356 848 κάρφη
380 773 488 829 οἷον
512 775 673 845 κόλλῃ
701 775 804 828 τινὶ
837 777 913 846 τῷ
943 775 1098 845 πηλῷ
1135 777 1460 847 συνδήσασα,
1499 780 1556 829 ἐν
1597 777 1730 849 αὐτῇ

145 871 293 930 τοὺς
341 867 583 929 νεοττοὺς
629 866 913 936 ἐκτρέφειο
957 860 1030 917 ὧν
1079 867 1171 918 ἐάν
1214 883 1296 930 τις
1331 868 1625 940 ἐκκεντήσῃ
1666 853 1734 920 τὰ

145 962 412 1030 ὄμματα,
453 959 564 1030 ἔχει
610 960 727 1014 τινὰ
755 959 903 1029 παρά
932 960 1028 1028 τῆς
1067 959 1276 1026 φύσεως
1321 960 1566 1031 ἰατρικὴν
1597 962 1729 1029 (67),

145 1055 224 1106 δι’
252 1047 327 1123 ἦς
355 1055 486 1125 πρὸς
521 1055 708 1121 ὑγείαν
736 1052 997 1118 ἐπανάγει
1041 1051 1146 1104 τῶν
1183 1055 1416 1122 ἐκγόνων
1440 1051 1536 1116 τὰς
1561 1055 1728 1124 ὄψεις.

147 1146 358 1200 Ταῦτά.
382 1165 440 1199 σε
467 1144 778 1197 νουθετείτω
810 1144 883 1214 μὴ
918 1143 1002 1196 διὰ
1033 1145 1218 1198 πενίαν
1238 1145 1372 1215 πρὸς
1401 1147 1732 1217 κακουργίαν

146 1238 499 1310 τρέπεσθαι·
539 1234 671 1305 μηδὲ
716 1238 772 1288 ἐν
804 1238 916 1297 τοῖς
947 1237 1345 1305 χαλεπωτάτοις
1382 1235 1593 1300 πάθεσι,
1632 1239 1732 1290 πᾶ-

152 1346 265 1382 σαν
326 1326 514 1379 ἐλπίδα
570 1325 815 1396 ῥίψαντα,
874 1327 1152 1399 ἄπρακτον
1195 1325 1404 1379 κεῖσθαι
1445 1330 1534 1381 καὶ
1580 1331 1731 1382 ἀνεν-

153 1423 431 1492 ἐργητον·
467 1419 579 1472 ἀλλ’
612 1419 703 1472 ἐπὶ
732 1419 861 1471 Θεὸν
890 1418 1272 1486 καταφεύγειν,
1309 1415 1387 1480 ὃς,
1431 1422 1478 1472 εἰ
1503 1421 1728 1491 χελιδόνι

156 1515 224 1566 τὰ
266 1511 564 1583 τηλικαῦτα
599 1511 883 1582 χαρίζεται
920 1512 1062 1581 (68),
1112 1510 1261 1581 πόσῳ
1305 1511 1524 1582 μείζονα
1571 1512 1729 1564 δώσει

157 1608 274 1669 τοῖς
311 1607 369 1671 ἐξ
410 1608 536 1678 ὅλης
575 1605 798 1677 καρδίας
826 1603 1214 1672 ἐπιϐοωμένοις
1249 1605 1444 1668 eam;
1493 1602 1728 1654 ’Λλκυών

154 1709 280 1752 εστι
302 1700 583 1754 θαλάττιον
600 1699 801 1769 ὄρνεον.
818 1696 961 1765 Αὕτη
981 1700 1109 1768 παρ’
1124 1699 1317 1760 αὐτοὺς
1329 1695 1600 1748 νοσσεῦειν
1620 1695 1726 1766 (69)

157 1792 288 1854 τοὺς
318 1792 592 1858 αίγιαλοὺς
621 1789 879 1856 πέφυκεν,
899 1788 982 1840 ἐπ’
1005 1791 1172 1859 αὐτῆς
1193 1789 1259 1840 τὰ
1277 1787 1359 1840 ibi
1384 1788 1484 1856 τῆς
1501 1787 1726 1858 ψάμμου

153 1882 542 1951 καταθεμένη·
609 1879 702 1932 καὶ
763 1880 1006 1934 νοσσεύει
1067 1879 1208 1934 κατὰ
1275 1878 1436 1949 μέσον
1491 1897 1592 1933 που
1642 1881 1730 1934 τὸν
1767 1862 1804 1914 Β

154 1975 431 2046 χειμῶνα,
465 1976 552 2028 ὅτε
587 1975 799 2040 πολλοῖς
822 1976 914 2029 καὶ
945 1975 1136 2045 βιαίοις
1163 1972 1384 2043 ἀνέμοις
1418 1974 1449 2044 ἠ
1485 1973 1729 2027 θάλασσα

158 2070 224 2140 τῇ
261 2070 332 2139 γῇ
385 2068 842 2139 προσαράσσεται.
889 2066 1025 2120 Ἀλλ’
1069 2065 1215 2134 ὅμως
1261 2065 1596 2135 κοιμίζονται
1633 2066 1729 2134 μὲν

158 2161 365 2225 πάντες
416 2162 624 2231 ἄνεμοι,
675 2161 933 2231 ἡσυχάζει
974 2158 1028 2211 δὲ
1072 2158 1220 2228 κῦμα
1251 2158 1558 2222 θαλάσσιον,
1601 2157 1727 2211 ὅταν

151 2251 378 2306 ἀλκυὼν
406 2252 627 2322 ἐπωάζῃ
651 2252 745 2314 τὰς
770 2250 908 2302 ἐτττά
927 2249 1156 2320 ἡμέρας.
1197 2250 1283 2301 Ἐν
1312 2247 1596 2309 τοσαύταις
1622 2247 1728 2318 γὰρ

155 2343 356 2412 μόναις
387 2340 658 2406 ἐκλεπίζει
691 2341 816 2403 τοὺς
838 2341 1103 2403 νεοττούς.
1143 2339 1293 2390 Ἐπεὶ
1315 2338 1369 2390 δὲ
1400 2337 1494 2390 καὶ
1524 2336 1731 2408 τροφῆς

151 2436 345 2499 αὐτοῖς
374 2433 550 2505 χρεία.
586 2434 746 2498 ἄλλας
769 2433 904 2487 ἐπτὰ
931 2432 1042 2503 (70)
1080 2433 1212 2504 πρὸς
1241 2432 1337 2502 τὴν
1365 2429 1470 2483 τῶν
1503 2427 1731 2481 νεοττῶν

151 2525 385 2598 αὔξησιν
412 2529 439 2580 ὁ
458 2526 826 2597 μεγαλόδωρος
840 2525 970 2587 Θεὸς
989 2523 1064 2596 τῷ
1101 2523 1408 2594 μικροτάτῳ
1434 2519 1556 2588 ζώῳ
1592 2534 1728 2588 παρ-

153 2621 370 2686 έσχετο.
408 2618 567 2670 Ὥστε
609 2618 699 2670 καὶ
740 2619 979 2670 ναυτικοὶ
1026 2617 1223 2677 πάντες
1269 2616 1414 2666 ῖσασι
1444 2611 1597 2664 τοῦτο
1638 2613 1728 2664 καὶ

152 2709 480 2769 ἀλκυονίδας
511 2709 605 2771 τὰς
641 2709 751 2777 (71)
778 2709 986 2778 ἡμέρας
1018 2706 1226 2769 ἐκείνας
1244 2705 1723 2777 προσαγορεύουσι.

153 2802 352 2857 Ταῦτά.
376 2819 456 2854 σοι
493 2804 571 2864 εἰς
597 2801 908 2873 προτροπὴν
951 2798 1042 2852 τοῦ
1094 2799 1270 2851 αἰτεῖν
1322 2797 1470 2866 παρὰ
1494 2796 1626 2848 Θεοῦ
1659 2795 1727 2846 τὰ

153 2892 300 2961 πρὸς
336 2890 604 2962 σωτηρίαν
631 2889 718 2943 διὰ
752 2889 850 2960 τῆς
879 2889 1004 2960 περὶ
1029 2887 1095 2939 τὰ
1119 2887 1284 2955 ἄλογα
1308 2885 1399 2938 τοῦ
1425 2885 1559 2938 Θεοῦ
1593 2901 1721 2956 προ-

157 2986 312 3048 νοίας
355 2984 787 3055 νενομοθέτηται.
842 2984 905 3036 Τί
944 2983 1042 3036 οὐκ
1074 2982 1140 3035 ἂν
1167 2982 1376 3050 γένοιτο
1418 2978 1522 3032 τῶν
1556 2996 1732 3050 παρα-

153 3077 330 3143 δόξων
359 3079 542 3130 ἕνεκεν
573 3078 687 3139 σοῦ,
723 3077 781 3140 ὃς
814 3077 933 3129 κατ’
962 3076 1143 3128 εἰκόνα
1173 3075 1398 3142 γέγονας
1449 3073 1540 3124 τοῦ
1575 3071 1730 3134 Θεοῦ,

1836 595 2036 663 glutine
2073 597 2303 666 quodam
2349 597 2623 666 colligatis,
2661 597 2830 667 pullos
2867 595 2918 647 in
2959 597 3070 665 ipso
3110 598 3233 651 nido
3266 613 3392 652 enu-

1836 691 1930 742 trit
1973 709 1987 746 :
2034 705 2260 761 quorum
2318 689 2360 743 si
2408 691 2530 758 quis
2573 692 2755 746 ornlos
2795 699 3086 758 expungat,
3129 704 3157 744 α
3206 703 3394 746 natura

1837 787 2091 839 medicam
2130 785 2414 852 quamdam
2463 791 2633 834 artem
2681 782 2907 852 accepit.
2949 795 3044 848 per
3083 796 3240 846 quam
3287 796 3397 835 sua:

1835 877 1996 945 prolis
2022 876 2192 928 visum
2227 875 2290 925 ad
2325 873 2606 927 sanitatem
2646 873 2869 930 reducit.
2909 872 3032 927 lltec
3076 882 3126 925 te
3156 888 3395 925 commo-

1833 977 2014 1031 neant,
2049 976 2105 1020 ut
2143 981 2206 1018 ne
2246 965 2310 1016 ad
2353 964 2613 1017 maleficia
2652 973 2970 1016 convertarc
3008 972 3228 1033 propter
3267 978 3399 1030 pau-

1833 1072 2126 1128 pertatem;
2167 1068 2312 1112 neve'
2340 1058 2390 1109 in
2439 1054 2770 1125 gravissimis
2803 1053 3217 1121 calamitatibus,
3249 1055 3392 1108 omni

1831 1167 1924 1220 spe
1954 1153 2180 1217 ahjecta,
2214 1155 2417 1204 otiosus
2445 1163 2507 1203 ac
2541 1149 2685 1202 iners
2716 1162 2932 1200 maneas
2962 1165 2973 1199 :
3011 1153 3100 1200 sed
3134 1152 3196 1202 ad
3231 1150 3394 1205 Deum

1832 1244 2134 1312 confugias,
2185 1246 2272 1312 qui
2328 1243 2368 1296 si
2418 1242 2690 1295 hirundiui
2741 1249 2885 1293 tanta
2921 1239 3164 1309 largitur,
3195 1251 3396 1307 quanto

1833 1337 2034 1404 majora
2068 1338 2131 1389 iis
2159 1337 2247 1402 qui
2281 1336 2451 1402 ipsum
2485 1343 2595 1386 tutu
2620 1335 2776 1386 corde
2809 1332 3085 1392 invocant,
3113 1345 3399 1384 concessu-

1834 1448 1923 1484 rus
1952 1427 2078 1483 est?
2119 1426 2350 1496 llalcyon
2386 1426 2498 1478 avis
2527 1425 2728 1478 marina
2760 1433 2858 1478 est.
2897 1423 3020 1476 [hnc
3061 1421 3313 1489 depositis
3347 1422 3397 1474 in

1831 1523 1937 1588 ipsa
1968 1533 2125 1572 arena
2159 1519 2292 1581 ovis,
2324 1516 2610 1569 secundum
2647 1515 2757 1582 ipsa
2797 1515 2973 1569 littOra
3006 1514 3262 1568 fetilicarc
3305 1529 3398 1569 so-

1833 1611 1902 1662 it‘l
1936 1629 1950 1668 :
1984 1621 2038 1665 et
2067 1611 2211 1663 circa
2254 1608 2483 1663 mediam
2533 1607 2645 1660 fere
2689 1606 2915 1660 hiemem
2961 1607 3130 1675 pullos
3163 1605 3395 1661 excludit

1833 1713 1960 1766 tum,
1994 1721 2115 1757 cum
2149 1716 2295 1756 mare
2332 1699 2513 1752 multis
2539 1709 2589 1752 et
2619 1699 2866 1752 violentis
2899 1700 3071 1750 ventis
3095 1699 3160 1751 ad
3195 1707 3396 1751 terram

1833 1795 2088 1850 alliditur.
2116 1797 2366 1850 Attamen
2407 1792 2794 1861 consepiuntnr
2831 1790 2974 1844 venti
3009 1804 3218 1852 omnes,
3249 1790 3400 1857 quic-

1835 1895 1992 1940 scunt
2029 1889 2256 1956 aquorei
2294 1887 2487 1940 {luctus
2524 1899 2618 1953 per
2656 1893 2856 1952 septem
2888 1884 3022 1942 dies.
3055 1881 3246 1950 quibus
3285 1880 3399 1934 hal-

1835 1994 1970 2050 cyon
2011 1979 2128 2031 ovis
2159 1980 2395 2032 incubat.
2427 1977 2559 2032 Nam
2597 1977 2816 2030 totidem
2860 1974 3046 2028 diebus
3073 1971 3245 2026 solum
3283 1971 3401 2041 pul-

1836 2070 1914 2126 los
1959 2070 2214 2124 excludit.
2263 2071 2394 2124 Cum
2442 2078 2616 2122 autem
2672 2076 2726 2121 et
2750 2069 2888 2120 victu
2948 2066 3078 2135 ipsis
3109 2079 3243 2133 opus
3295 2073 3397 2125 est.

1833 2163 1968 2216 alios
2012 2171 2215 2230 septem
2265 2160 2376 2213 dics
2421 2159 2485 2211 ad
2537 2157 2801 2226 pullorum
2833 2158 3223 2208 incrementum
3263 2151 3401 2206 Deus

1833 2251 2364 2305 nutniticentissimus
2416 2250 2639 2303 minimo
2685 2248 2810 2302 huic
2863 2244 3081 2298 animali
3130 2241 3398 2312 praestitit.

1835 2345 1942 2414 76
1972 2346 2331 2410 Quamobrem
2370 2353 2424 2400 et
2459 2360 2645 2398 omnes
2683 2353 2860 2396 nautae
2896 2341 3000 2396 hoc
3031 2341 3229 2402 sciunt,
3259 2335 3402 2390 dies-

1834 2449 1938 2503 que
1985 2435 2100 2488 illos
2132 2436 2396 2503 appellant
2441 2436 2784 2504 halcyoueos.
2838 2433 2944 2484 lies
2976 2430 3078 2484 illa:
3103 2443 3196 2495 per
3226 2426 3315 2482 Dei
3344 2425 3399 2480 in

1834 2526 1987 2581 bruta
2022 2527 2409 2594 providentiam
2441 2529 2661 2580 sancitae
2690 2535 2815 2579 sunt
2846 2535 2900 2576 et
2930 2524 3212 2584 ordinatae,
3249 2530 3305 2573 ut
3342 2529 3398 2574 ιιι

1835 2620 1914 2673 his
1944 2620 2215 2682 incitatus,
2253 2633 2312 2671 ea
2351 2634 2468 2686 quae
2505 2619 2568 2671 ad
2605 2627 2746 2671 tuam
2779 2616 3005 2670 salutem
3046 2613 3332 2683 pertinent,
3368 2625 3398 2664 a

1835 2710 1941 2763 Deo
1975 2724 2255 2778 exposcas.
2287 2707 2422 2775 Quid
2451 2717 2537 2760 tua
2568 2723 2754 2770 causa,
2781 2706 2870 2774 qui
2905 2704 3075 2758 factus
3102 2718 3160 2759 es
3199 2702 3264 2756 ad
3305 2701 3397 2757 Dei

1833 2799 2141 2867 imaginem,
2184 2801 2344 2853 etiam
2393 2805 2588 2868 praeter
2635 2797 3094 2864 exspectationem
3138 2794 3250 2848 ﬁeri
3294 2809 3397 2847 non

1833 2888 2038 2957 possit,
2091 2902 2209 2940 cum
2257 2888 2478 2942 avicula:
2525 2887 2658 2941 adeo
2706 2886 2909 2956 exiguae
2958 2885 3149 2954 gratia,
3189 2893 3399 2936 vastum

1835 2989 1886 3032 et
1919 2980 2240 3032 horrendum
2282 2995 2427 3032 mare
2463 2982 2512 3032 in
2550 2981 2720 3034 media
2762 2980 2938 3033 hieme
2977 2978 3258 3049 quiescere
3284 2974 3404 3044 jus-

1837 3087 1975 3136 sum,
2007 3072 2308 3124 detineatur
2339 3086 2400 3122 ac
2437 3070 2704 3123 lrcnetur?

155 3171 361 3237 ὃπουγε
389 3169 524 3239 ὑπὲρ
549 3168 757 3238 ὄρνιθος
796 3168 938 3220 οὕτω
991 3168 1192 3238 μικρᾶς
1256 3167 1289 3236 ἡ
1347 3165 1556 3236 μεγάλη
1614 3166 1708 3218 κα)¹
1746 3165 1952 3237 φοϐερὰ
2013 3165 2302 3234 κατέχεται
2337 3163 2596 3226 Θάλασσα,
2635 3163 2691 3213 ἐν
2727 3163 2874 3233 μέσῳ
2905 3163 3129 3233 χειμῶνι
3163 3160 3405 3230 γαλήνην

155 3265 317 3333 ἄγειν
345 3262 455 3333 (72)
482 3262 826 3332 ἐπιταχθεῖσα
847 3278 861 3322 ;

231 3358 290 3413 6.
311 3358 420 3428 Τὴν
441 3356 680 3429 τρυγόνα
712 3357 863 3424 φασι,
895 3352 1300 3423 διαζευχθεῖσάν
1321 3369 1447 3405 ποτε
1475 3352 1564 3405 τοῦ
1593 3351 1724 3422 ὁμό-

1896 3350 1949 3405 6.
1991 3349 2190 3404 Ferunt
2226 3359 2487 3404 turturem
2533 3364 2560 3401 a
2608 3347 2832 3417 conjuge
2882 3359 3204 3415 separatam,
3268 3365 3407 3402 nun-

160 3449 350 3517 ζυγος,
386 3449 580 3519 μηκέτι
614 3448 710 3518 τὴν
751 3449 882 3518 πρὸς
911 3447 1093 3516 ἓτερον
1121 3445 1509 3514 καταδέχεσθαι
1536 3461 1729 3497 κοινω-

159 3541 305 3604 νίαν,
359 3540 491 3593 ἀλλὰ
547 3541 724 3611 μένειν
775 3538 1154 3600 ἀσυνδύαστον,
1213 3539 1399 3609 μνήμῃ
1454 3535 1545 3588 τοῦ
1605 3536 1732 3588 ποτέ

162 3633 552 3702 συζευχθέντος
594 3632 692 3704 τὴν
727 3633 862 3703 πρὸς
905 3631 1090 3701 ἕτερον
1125 3630 1407 3683 κοινωνίαν
1456 3631 1732 3700 ἀπαρνου-

166 3727 358 3795 μένην.
407 3725 771 3777 Ἀκουέτωσαν
801 3727 856 3777 αἱ
883 3726 1153 3792 γυναῖκες,
1174 3724 1318 3784 ὅπως
1334 3722 1392 3774 τὸ
1422 3720 1614 3791 σεμνὸν
1635 3720 1733 3789 τῆς

162 3813 393 3884 χηρείας
422 3814 514 3866 καὶ
563 3813 713 3882 παρά
745 3816 855 3874 τοῖς
893 3813 1104 3881 ἀλόγοις
1130 3811 1222 3864 τοῦ
1259 3813 1316 3863 ὲν
1350 3813 1468 3874 ταῖς
1499 3810 1734 3877 πολυγα-

168 3907 323 3977 μίαις
357 3903 636 3976 ἀπρεποῦς
664 3905 1072 3975 προτιμότερον.
1103 3902 1455 3964 ’Λδικώτατος
1487 3902 1611 3971 περὶ
1637 3901 1733 3970 τὴν

164 4001 277 4052 τῶν
304 3999 540 4067 ἐκγόνων
572 3995 840 4069 ἐκτροφὴν
872 3981 979 4065 (75)
1012 3997 1039 4047 ὁ
1063 3995 1370 4058 ἀετός.οΔύο
1392 3993 1499 4063 γὰρ
1536 3992 1734 4060 ἐξαγα-

167 4091 280 4158 γὼν
315 4093 588 4152 νεοσσοὺς,
629 4090 718 4143 τὸν
747 4089 933 4160 ἕτερον
974 4087 1150 4140 αὐτῶν
1196 4089 1274 4150 είς
1319 4086 1421 4155 γῆν
1462 4086 1735 4157 καταρρή-

166 4197 350 4248 γνυσι,
379 4183 499 4243 ταῖς
540 4181 774 4250 πληγαῖς
815 4181 921 4232 τῶν
951 4178 1162 4248 πτερῶν
1201 4175 1580 4247 ἀπωθούμενος
1600 4191 1612 4204 ’
1646 4175 1735 4227 τὸν

166 4274 223 4326 δὲ
271 4273 462 4343 ἕτερον
507 4271 664 4340 μόνον
705 4271 1007 4336 ἀναλαϐὼν,
1052 4269 1366 4333 οἰκειοῦται,
1419 4269 1504 4322 διὰ
1535 4269 1595 4320 τὸ
1637 4269 1736 4338 τῆς

167 4363 375 4434 τροφῆς
407 4361 662 4414 ἐπίπονον
690 4361 1116 4431 ἀποποιούμενος
1164 4361 1273 4430 (74)
1326 4361 1384 4412 ὃν
1427 4359 1732 4426 ἐγέννησεν.

181 4456 322 4508 Ἀλλ’
352 4456 452 4507 οὑκ
480 4457 542 4524 ἐᾷ
564 4452 772 4516 τοῦτον,
801 4453 877 4516 ὦς
915 4470 1067 4522 φασι,
1101 4452 1464 4524 διαφθαρῆναι
1495 4454 1526 4521 ἡ
1556 4453 1697 4522 φὴνη
1718 4466 1731 4480 ⁸

169 4541 285 4593 ἀλλ’
316 4540 660 4593 ὑπολαϐοῦσα
692 4540 852 4594 αὐτὸν
875 4545 988 4605 τοῖς
1013 4541 1230 4603 οἰκείοις
1265 4541 1462 4611 ἑαυτῆς
1500 4541 1735 4602 νεοσσοῖς

171 4631 546 4703 συνεκτρέφει.
578 4631 816 4686 Τοιοῦτοι
846 4633 953 4686 τῶν
982 4632 1182 4701 γονέων
1208 4635 1258 4684 οἱ
1309 4632 1418 4702 (75)
1462 4631 1553 4685 ἐπὶ
1601 4648 1735 4701 προ-

1831 3457 1989 3511 quam
2021 3458 2141 3496 cum
2170 3443 2273 3496 alio
2298 3445 2430 3496 inire
2457 3443 2789 3504 societatem,
2821 3443 2910 3494 sed
2943 3444 3152 3494 viduam
3195 3457 3404 3508 perma-

1831 3550 1958 3588 nere
1988 3553 2001 3588 :
2032 3545 2211 3603 utpote
2243 3551 2381 3603 quae,
2411 3537 2478 3587 oh
2517 3535 2709 3603 prioris
2768 3535 3010 3604 conjugis
3067 3535 3400 3602 memoriam,

1831 3625 2053 3678 alterius
2079 3625 2379 3692 conjugium
2413 3624 2633 3676 abnuat.
2671 3623 2904 3675 Audiant
2941 3624 3213 3687 mulieres,
3268 3639 3405 3693 quo-

1834 3720 1994 3770 modo
2016 3716 2096 3770 vel
2126 3717 2264 3785 apud
2296 3715 2447 3769 bruta
2481 3715 2759 3775 animalia,
2795 3714 3151 3783 frequentium
3186 3717 3400 3784 nuptiao

1833 3825 1948 3863 rum
1994 3810 2242 3863 dedecori
2291 3816 2652 3876 anteponatur
2697 3807 2975 3861 viduitatis
3020 3809 3272 3876 pudicitia
3307 3811 3404 3862 ho-

1835 3910 2140 3970 nestasqne.
2188 3900 2375 3968 Aquila
2426 3902 2477 3954 in
2531 3900 2806 3954 educanda
2861 3900 3009 3969 prole
3065 3901 3401 3969 iniquissima

1833 4006 1931 4045 est.
1973 3992 2182 4045 Etenim
2220 3994 2305 4044 ubi
2343 3994 2514 4061 pullos
2553 3995 2685 4046 duos
2727 3992 2979 4054 exclusit,
3033 3992 3221 4044 horqu
3268 3991 3402 4045 alte-

1836 4099 1952 4136 rum
2005 4083 2186 4151 dejicit
2237 4084 2288 4134 in
2345 4095 2564 4146 terram,
2619 4100 2679 4138 ac
2732 4100 3028 4153 pennarum
3085 4084 3402 4138 verberibus

1835 4177 2103 4244 ptotrudit
2158 4191 2171 4227 :
2231 4174 2456 4228 alterum
2513 4189 2692 4229 autem
2752 4178 3012 4230 duntaxat
3067 4187 3397 4245 assumptum

1837 4283 1932 4334 pro
1977 4284 2072 4322 suo
2123 4268 2308 4330 habet;
2346 4279 2505 4336 atque
2537 4285 2693 4336 quem
2729 4270 2932 4338 genuit,
2979 4279 3195 4336 propter
3228 4269 3401 4323 vii-tus

1835 4354 2177 4420 comparandi
2229 4353 2590 4407 diﬂicultatem
2643 4356 2878 4409 abdicat.
2936 4355 3064 4415 Sed,
3118 4363 3175 4406 ιιι
3228 4354 3396 4414 aiunt,

1835 4447 2012 4512 perire
2053 4447 2191 4498 hunc
2227 4460 2330 4499 non
2361 4448 2485 4498 sinit
2516 4447 2774 4515 ossifraga
2811 4461 2826 4500 :
2867 4448 2972 4498 imo
3003 4447 3177 4512 ipsum
3218 4460 3398 4497 susce-

1836 4548 1981 4604 ptunt
2031 4553 2132 4591 una
2181 4552 2302 4590 cum
2352 4538 2578 4606 propriis
2626 4538 2737 4590 suis
2782 4538 2938 4606 pullis
2982 4537 3194 4590 educat.
3243 4535 3398 4590 Tales

1837 4638 1962 4684 sunt
2008 4640 2256 4699 parentes
2296 4629 2390 4692 illi,
2420 4631 2510 4699 qui
2555 4630 2885 4700 paupertatis
2919 4642 3176 4698 pumequ
3224 4631 3398 4682 inlan-

244 4865 358 4932 (66)
388 4864 480 4918 Sic
514 4865 749 4932 quinque
803 4880 931 4919 mss.
965 4879 994 4917 e
1041 4863 1236 4918 nostris
1269 4875 1459 4932 praeter
1487 4863 1728 4935 Combel'.
1763 4869 1807 4922 D
1835 4865 1974 4926 loco.
2005 4881 2110 4935 quo
2127 4867 2442 4921 Ambrosius
2458 4866 2522 4918 de
2545 4865 2643 4919 hac
2669 4864 2780 4932 ipsa
2816 4880 2913 4918 ave
2934 4865 3190 4935 loquitur,
3224 4861 3392 4935 levem

171 4935 310 4989 Editi
336 4950 461 5006 vero
493 4936 746 5006 βρέξασα.
802 4936 952 5001 Quod
985 4935 1258 5001 aliquanto
1300 4947 1424 4988 ante
1455 4936 1528 4988 ait
1577 4933 1728 4989 Basi-

172 5005 544 5064 lins.ciconiis
597 5008 838 5062 cornices
866 5007 1353 5075 peregrinationum
1399 5006 1625 5058 comites
1676 5015 1729 5060 et

174 5087 430 5143 tauquam
474 5078 729 5130 satellites
756 5075 994 5145 adiungi,
1023 5077 1086 5129 de
1104 5089 1182 5145 eo
1208 5075 1362 5127 aliter
1383 5075 1582 5128 sentire
1611 5077 1731 5128 Ari-

173 5146 420 5199 stmelcm
445 5145 598 5214 docet
629 5147 766 5199 idem
795 5147 878 5199 ille
917 5143 1204 5214 quemjam
1239 5145 1502 5198 nominavi
1538 5145 1729 5200 Petrus

174 5216 398 5338 {’7etitus.
442 5213 608 5284 Legas
656 5217 810 5269 velim
861 5213 976 5285 ejus
1013 5220 1326 5284 Opusculum
1362 5216 1454 5268 lib.
1499 5231 1569 5280 IV,
1607 5231 1724 5284 cap.

245 5355 360 5423 (67)
411 5355 560 5411 Colb.
609 5357 870 5410 secundus
909 5355 1120 5426 φύσεως
1148 5354 1407 5425 ἰατρείαν.
1440 5355 1558 5410 Mox
1595 5355 1726 5424 Reg.

173 5437 358 5480 Sextus
386 5426 464 5488 είς
498 5442 721 5496 κακουρ.

247 5496 357 5569 (ϐξ)
391 5496 519 5569 ῑξρε.
550 5493 803 5569 segtusel
836 5493 1258 5569 XEMMWATIDTC
1292 5497 1588 5569 χαρίζεται.

250 5567 364 5635 (69)
397 5565 568 5620 Editio
621 5565 780 5619 Basil.
813 5565 930 5619 cum
979 5567 1155 5619 multis
1208 5565 1335 5621 mss.
1365 5565 1724 5621 ’νοσσεῦεινω

173 5636 436 5689 νοσσεύει.
471 5635 827 5698 Eilitio,Paris.
862 5637 1228 5689 νεοσσεύειν...
1258 5637 1549 5691 νεοσσεύει.
1586 5636 1726 5691 Infra

176 5705 327 5761 Bodl.
365 5707 553 5776 μόναις
577 5705 792 5758 ἐκλέπει
819 5707 964 5769 τούς.

245 5776 358 5844 (70)
381 5778 602 5829 Codices
627 5778 726 5828 duo
754 5776 912 5839 ἄλλας
938 5775 1074 5828 ἑπτὰ
1104 5777 1330 5846 ἡμέρας.
1366 5777 1588 5844 Quando
1617 5794 1726 5830 ser-

180 5862 264 5902 mo
287 5857 369 5902 est
395 5848 459 5902 de
490 5846 772 5915 halcyone,
804 5847 1062 5902 maculam
1101 5849 1281 5902 tollere
1316 5850 1547 5903 c0uabur
1571 5865 1633 5902 ex
1663 5865 1726 5903 eo

1834 4933 2047 5005 quidem
2085 4938 2250 4999 illam,
2284 4938 2375 4990 sed
2399 4951 2517 5004 qua:
2553 4945 2724 4988 tamen
2759 4937 2953 5000 negotii
2985 4934 3193 5005 aliquid
3221 4933 3392 5005 laces-

1831 5002 1950 5060 s—Pre
1983 5007 2150 5074 possit
2182 5002 2507 5059 rudiurihuS.
2565 5005 2658 5059 Ubi
2714 5021 2843 5070 ergo
2888 5005 3110 5073 legimus
3144 5002 3235 5074 lib.
3277 5017 3304 5052 ν
3337 5004 3394 5057 in

1832 5073 2087 5130 Hexaem.
2130 5091 2248 5144 cap.
2282 5076 2389 5138 '15,
2434 5091 2575 5128 num.
2623 5075 2716 5135 40,
2770 5075 3042 5126 Placidum
3089 5073 3244 5125 ventis
3289 5083 3392 5126 stat

1831 5163 1994 5207 mare,
2032 5153 2194 5198 donec
2215 5163 2306 5199 οια
2326 5148 2487 5213 fovent
2520 5145 2769 5212 Ita/cyone
2797 5161 2913 5213 sua.
2944 5144 3221 5212 legendum
3258 5157 3391 5196 ceu-

1829 5231 1938 5274 sen,
1977 5217 2138 5268 donec
2155 5233 2246 5267 oua
2277 5212 2442 5284 ferveat
2475 5217 2693 5283 halcyun
2718 5233 2834 5284 sua.
2869 5212 2996 5284 Illud
3028 5213 3229 5284 Basilii,
3262 5213 3392 5284 ήσυτ

1829 5285 1981 5354 χάζει
2013 5285 2069 5336 δὲ
2103 5285 2249 5356 κῦμα
2278 5282 2578 5338 θαλάσσιον
2599 5282 2740 5336 ίὸταν
2776 5282 2986 5337 ἀλκυὼν
3033 5282 3290 5354 ἐπωὰζῃ,
3325 5282 3392 5336 ad

1834 5361 2075 5412 verbum,
2101 5372 2152 5408 ut
2197 5357 2375 5409 videttl
2407 5373 2618 5419 omnes,
2655 5357 2917 5420 expressit
2945 5356 3282 5406 Atttbt‘Ostus.

1904 5425 2276 5493 (7|)Nounnllt
2311 5443 2439 5478 mss.
2470 5425 2834 5489 ἀλκυονίτιδας
2872 5425 2988 5486 τάς.

1899 5496 2009 5562 (72)
2032 5496 2182 5550 Cnlb.
2215 5499 2480 5550 secundus
2501 5496 2737 5566 γαλήνην
2771 5496 2934 5564 ἔχειν.

1902 5567 2012 5636 (75)
2067 5567 2288 5620 Codices
2343 5584 2445 5619 non
2507 5562 2658 5633 pauci
2696 5562 2938 5633 ἐξάγων.
3000 5562 3197 5619 Ibidem
3253 5563 3388 5636 Reg.

1829 5639 2260 5708 quintns_Etepov
2285 5638 2430 5705 ἄγων
2459 5638 2555 5700 εἰς.

1897 5707 2007 5778 (74)
2038 5706 2177 5778 Βεε.
2206 5709 2424 5778 quintus
2457 5707 2928 5778 ἀποσπασάμενος.

1900 5773 2011 5841 (75)
2037 5773 2169 5831 Εάἶιί
2197 5773 2315 5830 cum
2341 5777 2488 5831 Coll).
2535 5773 2768 5830 secundo
2813 5775 3011 5844 γονέων
3046 5776 3093 5828 οἱ
3143 5773 3385 5845 σκληροί,

1834 5855 1924 5904 seu
1959 5849 2106 5914 illud,
2138 5850 2186 5900 οι
2215 5846 2457 5918 σκληροί,
2485 5849 2632 5903 deest
2663 5849 2712 5901 in
2741 5857 2942 5916 septem
2981 5861 3135 5911 inss.,
3163 5862 3260 5900 nec
3289 5847 3376 5900 du-
