4092 6318
179 383 284 442 181

1291 386 1575 444 HOMILIA
1618 390 1728 446 Vlll
1769 390 1835 444 IN
1874 391 2365 448 HEXAEMERON.

3302 392 3400 446 182

177 503 436 573 ποιητήν.
475 503 657 572 Ἔχεις
686 505 742 556 ὲν
771 502 847 575 τῷ
901 506 1076 560 σκότει
1128 505 1194 558 τὰ
1246 509 1565 579 νυκτερόὸια
1617 512 1736 579 γένη

1847 513 2060 566 desinas
2090 514 2292 575 mirari,
2324 525 2491 580 neque
2529 511 2750 580 gloriam
2781 526 2844 565 ex
2875 510 3113 580 qualibet
3155 521 3399 564 creatura

173 596 294 650 τῶν
319 594 540 664 ὀρνίθων
559 612 573 626 ·
613 597 668 647 ὲν
689 596 764 666 τῷ
788 601 924 665 φωτὶ
945 598 1012 651 τὰ
1043 599 1393 669 ἡμερόφοιτα.
1421 602 1742 672 Νυκτερίδες

178 686 290 758 μὲν
308 687 441 756 γὰρ,·
467 688 560 740 καὶ
584 687 836 755 γλαῦκες,
861 691 953 743 καὶ
981 691 1398 761 νυκτοκόρακες,
1426 692 1534 746 τῶν
1560 709 1739 746 νυκτι-

174 780 364 849 νόμων
393 780 548 834 εἰσίν.
596 781 754 834 Ὥστε
787 781 867 834 σοί
905 799 1033 835 ποτε
1061 784 1118 835 ὲν
1159 784 1332 855 καιρῷ
1373 784 1445 855 μὴ
1481 783 1741 854 παρόντος

175 871 282 924 τοῦ
327 871 489 926 ὕπνου
521 872 768 942 ἐξαρκεῖν
787 873 878 926 καὶ
899 874 996 944 τὴν
1030 878 1085 927 ὲν
1104 876 1310 939 τούτοις
1335 875 1629 946 διατριϐὴν,
1650 877 1742 930 καὶ

174 963 283 1033 τὴν
310 964 414 1017 τῶν
431 966 777 1036 ὑπαρχόντων
796 957 975 1030 αὐτοῖς
997 967 1295 1038 ἰδιωμάτων
1319 967 1582 1031 ἐξέτασιν,
1605 968 1739 1039 πρὸς

173 1055 484 1125 ὃοξολογίαν
505 1058 597 1110 τοῦ
629 1045 869 1126 ποιητοῦ.
901 1059 1024 1121 Πῶς
1049 1060 1318 1130 ἄγρυπνον
1346 1058 1593 1129 ἡὰηδὼν,
1611 1061 1740 1112 ὅταν

177 1148 430 1218 ὲπωάζῃ,
460 1147 545 1200 διὰ
571 1148 747 1217 πάσης
773 1142 966 1212 νυκτὸς
997 1150 1093 1220 τῆς
1129 1149 1391 1219 μελῳδίας
1427 1149 1499 1220 μὴ
1532 1149 1740 1221 ἀπολή-

175 1257 378 1306 γουσα.
411 1241 534 1304 Πῶς
555 1240 854 1311 τετράπουν
888 1242 948 1294 τὸ
970 1243 1099 1294 αὐτὸ
1127 1243 1218 1294 καὶ
1252 1241 1450 1306 πτηνὸν
1485 1245 1518 1311 ὴ
1556 1259 1742 1295 νυκτε-

181 1327 294 1398 ρίς,
328 1328 450 1391 Πῶς
493 1329 624 1398 μόνη
667 1329 772 1381 τῶν
813 1331 1038 1401 ὀρνίθων
1077 1332 1252 1384 ὀδοῦσι
1298 1332 1562 1404 κέχρηται
1587 1375 1600 1395 ,
1648 1333 1742 1387 καὶ

178 1417 440 1486 ζωογονεῖ
467 1419 574 1486 (81)
608 1418 703 1487 μὲν
735 1419 809 1483 ὡς
828 1421 895 1472 τὰ
911 1421 1230 1491 τετράποδα,
1256 1423 1640 1488 ὲπιπολάζειδὲ
1665 1423 1742 1493 τῷ

176 1509 329 1581 ἀέρι,
365 1509 484 1578 οὐχ).
516 1510 697 1581 πτερῷ
735 1512 1120 1583 κουφιζομένη,
1157 1513 1270 1566 ἀλλ’
1303 1510 1461 1584 ὑμένι
1490 1514 1595 1567 τινὶ
1624 1515 1743 1585 δερ-

179 1600 414 1669 ματίνῳ.
436 1599 554 1662 Πῶς
585 1600 763 1670 μέντοι
788 1603 879 1653 καὶ
897 1601 1052 1654 τοῦτο
1069 1602 1178 1673 ἔχει
1200 1605 1260 1656 τὸ
1292 1605 1399 1673 (82)
1425 1604 1742 1673 φιλάλληλον

176 1693 238 1745 ὲν
262 1693 326 1760 τῇ
358 1690 532 1758 φύσει,
555 1692 646 1744 καὶ
675 1693 858 1764 ῶσπερ
879 1695 1134 1765 ὁρμαθὸς,
1153 1695 1392 1764 ἀλλήλων
1417 1697 1473 1746 αἱ
1501 1695 1743 1765 νυκτερί-

173 1785 269 1846 δες
306 1785 532 1853 ἔχονται,
572 1789 664 1839 καὶ
694 1789 791 1857 μία
829 1789 925 1858 τῆς
976 1790 1102 1857 μιᾶς
1146 1789 1443 1858 ἤρτηνται·
1479 1789 1614 1858 ὅπερ
1654 1789 1739 1857 ἐφ’

173 1875 336 1944 ἡμῶν
356 1876 462 1928 τῶν
488 1877 787 1948 ἀνθρώπων
813 1880 872 1930 οὑ
897 1878 1071 1948 ῥᾴδιον
1093 1879 1514 1948 κατορθωθῆναι.
1542 1879 1613 1932 Τὸ
1633 1878 1740 1949 γὰρ

172 1970 576 2039 ἀπεσχισμένον
620 1972 710 2023 καὶ
759 1969 954 2032 ἰδιάζον
987 1969 1080 2022 τοῦ
1129 1971 1442 2025 κοινωνικοῦ
1475 1973 1565 2026 καὶ
1597 1974 1739 2042 ἠνω-

178 2058 343 2126 μένου
378 2063 486 2122 τοίς
521 2060 732 2122 πολλοῖς
793 2062 1203 2133 προτιμότερον.
1233 2063 1354 2125 Πῶς
1386 2064 1596 2116 ἐοίκασι
1629 2066 1739 2125 τοῖς

170 2150 390 2220 ὀμμασι
440 2153 535 2220 τῆς
583 2151 814 2218 γλαυκὸς
859 2154 904 2204 οἱ
953 2154 1079 2223 περὶ
1127 2154 1224 2224 τὴν
1276 2155 1502 2224 ματαίαν
1546 2155 1738 2222 σοφίαν

172 2239 548 2308 ὲσχολακὸτες.
593 2242 698 2293 Καὶ
747 2241 853 2312 γάρ
894 2243 1106 2313 ἐκείνης
1155 2246 1186 2313 ὴ
1233 2244 1351 2312 ὄψις
1403 2245 1591 2305 νυκτὸς
1641 2245 1737 2313 μὲν

171 2331 431 2401 ἔρρωται,
465 2332 614 2402 ἡλίου
646 2335 700 2386 δὲ
732 2334 1041 2403 λάμψαντος
1079 2335 1431 2405 ἀμαυροῦται.
1469 2336 1577 2388 Καὶ
1609 2336 1734 2388 τού-

168 2437 284 2472 των
322 2421 418 2491 μὲν
450 2422 557 2492 (85)
593 2425 623 2492 ἡ
669 2423 868 2479 διάνοια
917 2423 1145 2491 ὀξυτάτη
1193 2424 1289 2492 μέν
1339 2425 1450 2477 ὲστι
1479 2423 1610 2492 πρὸς
1638 2423 1736 2494 τὴν

167 2514 273 2575 τῆς
301 2514 650 2582 ματαιότητος
687 2513 936 2584 θεωρίαν,
975 2515 1108 2585 πρὸς
1145 2515 1199 2567 δὲ
1230 2516 1327 2586 τὴν
1360 2515 1451 2568 τοῦ
1485 2515 1736 2586 ἀληθινοῦ

169 2603 354 2668 φωτὸς
379 2605 697 2673 κατανόησιν
722 2605 1120 2677 ὲξημαύρωται.
1152 2607 1441 2678 Ἐνήμέρᾳ
1459 2608 1515 2660 δέ
1539 2625 1617 2660 σοι
1643 2608 1735 2660 καὶ

171 2694 321 2746 πάνυ
353 2695 528 2765 ῥᾴδιον
556 2698 885 2766 πανταχόθεν
917 2699 1168 2767 συνάγειν
1196 2699 1306 2769 (84)
1336 2700 1395 2751 τὸ
1435 2699 1616 2770 θαῦμα
1642 2700 1734 2753 τοῦ

168 2782 482 2850 κτίσαντος.
524 2787 644 2851 Πῶς
670 2789 765 2858 μὲν
794 2791 878 2841 ἐπ’
905 2788 1041 2860 ἔργα
1077 2807 1135 2841 σε
1161 2790 1413 2861 διεγείρει
1438 2793 1465 2843 ὀ
1496 2791 1736 2854 σύνοικος

167 2877 346 2950 ὖρνις,
379 2878 525 2949 ὀξείᾳ
550 2882 614 2952 τῇ
647 2883 795 2951 φωνῇ
837 2881 1046 2950 ἐμϐοῶν
1085 2883 1176 2935 καὶ
1212 2883 1573 2952 καταμηνύων
1608 2887 1737 2956 πόῥ-

171 2970 354 3039 ρωθεν
387 2971 465 3023 ἔτι
501 2972 590 3024 τὸν
623 2972 771 3042 ἥλιον
803 2974 1249 3045 προσελαύνοντα,
1290 2974 1585 3045 ὁδοιπόροις
1617 2993 1737 3028 συν-

165 3062 513 3133 διορθρίξων,
544 3066 815 3134 γεωργοὺς
845 3065 898 3116 δὲ
922 3064 1126 3130 ἐξάγων
1171 3065 1304 3134 πρὸς
1348 3065 1574 3134 ἀμητόν.
1615 3065 1735 3127 Πῶς

169 3155 453 3224 ἄγρυπνον
483 3155 542 3206 τὸ
587 3154 694 3206 τῶν
735 3155 909 3224 χηνῶν
962 3155 1135 3222 γένος,
1180 3155 1273 3206 καὶ
1321 3156 1456 3226 πρὸς
1494 3156 1589 3226 τὴν
1628 3156 1735 3209 τῶν

168 3247 541 3303 λανθανόντων
575 3246 819 3314 αἴσθησιν
847 3245 1119 3312 ὀξύτατον,
1159 3248 1211 3300 οἵ
1239 3247 1301 3315 γέ
1349 3265 1477 3300 ποτε
1517 3250 1609 3302 καὶ
1641 3249 1737 3320 τὴν

171 3337 422 3408 βασιλίδα
457 3337 608 3390 πόλιν
629 3337 1043 3409 περιεσώσαντο,
1089 3340 1378 3410 πολεμίους
1423 3341 1597 3405 τινὰς,
1635 3342 1739 3394 ὑπὸ

167 3433 280 3502 γῆς
313 3430 380 3482 δι’
421 3431 703 3501 ὑπονόμων
749 3432 859 3497 (85)
905 3433 1123 3499 ἀφανῶν
1173 3433 1269 3504 ἤδη
1320 3434 1605 3503 μέλλοντας
1643 3434 1738 3504 τὴν

168 3522 352 3590 ἄκραν
386 3520 483 3591 τῆς
522 3520 733 3591 Ῥώμης
755 3522 1202 3591 καταλαμόάνειν,
1234 3522 1729 3592 καταμηνύσαντες.

182 3614 278 3665 Ἐν
315 3611 449 3681 ποίῳ
495 3611 637 3679 γένει
696 3611 802 3663 τῶν
842 3611 1064 3682 ὀρνίθων
1115 3612 1213 3663 οὐκ
1257 3612 1382 3665 ἴδιόν
1413 3630 1466 3665 τι
1500 3613 1735 3684 θαῦμαὴ

170 3705 339 3772 φύσις
363 3704 634 3767 δείκνυσι;
665 3702 758 3766 Τίς
795 3705 822 3756 ὁ
856 3704 961 3772 (86)
984 3707 1092 3766 τοῖς
1121 3703 1252 3772 γυψὶ
1283 3706 1739 3774 προαπαγγέλλων

166 3796 284 3850 τῶν
316 3794 614 3866 ἀνθρώπων
641 3795 729 3847 τὸν
756 3795 999 3859 θάνατον,
1040 3797 1165 3849 ὅταν
1206 3796 1323 3849 κατ’
1347 3795 1586 3865 ἀλλήλων
1625 3797 1739 3847 ἐπι-

169 3885 612 3954 στρατεύσωσιν;
650 3886 805 3945 Ἴδοις
836 3886 942 3954 γὰρ
986 3886 1050 3937 ἂν
1089 3886 1286 3956 μυρίας
1324 3885 1519 3950 ἀγέλας
1552 3887 1738 3953 γυπῶν

166 3979 285 4038 τοῖς
318 3976 695 4046 στρατοπέδοις
733 3976 1136 4046 παρεπομὲνας,
1165 3979 1237 4029 ὲκ·
1274 3980 1370 4048 τῆς
1415 3979 1520 4031 τῶν
1563 3979 1738 4032 ὃπλων

169 4068 528 4139 παρασκευῆς
575 4067 1017 4139 τεκμαιρομένων
1069 4067 1164 4140 τὴν
1205 4069 1442 4125 ἔκϐασιν.
1491 4070 1657 4122 Τοῦτο
1683 4071 1738 4124 δὲ

168 4165 230 4215 οὐ
261 4162 479 4234 μακράν
515 4161 624 4233 (87)
653 4162 767 4214 ἐστι
801 4161 1074 4232 λογισμῶν
1111 4163 1475 4233 ἀνθρωπίνων.
1509 4164 1629 4226 Πῶς
1657 4182 1737 4216 σοι

167 4256 271 4319 τὰς
303 4255 539 4325 φοϐερὰς
572 4257 953 4326 ἐπιστρατείας
999 4257 1095 4323 τῆς
1133 4255 1347 4326 ἀκρίδος
1390 4257 1733 4328 διηγήσομαι’

169 4349 228 4416 ἢ,
256 4349 346 4415 ὑφ’
392 4350 472 4400 ἐν).
510 4348 805 4418 συνθήματι
857 4351 1002 4399 πᾶσα
1047 4348 1270 4418 ἀρθεῖσα
1304 4349 1396 4401 καὶ
1446 4365 1738 4418 στρατοπε-

168 4439 476 4508 δευσαμένη
509 4440 648 4492 κατὰ
680 4441 738 4492 τὸ
771 4441 968 4501 πλάτος
1004 4439 1101 4507 τῆς
1141 4439 1340 4509 χώρας,
1378 4439 1436 4490 οὐ
1477 4441 1736 4508 πρότερον

1843 605 2107 659 conditori
2134 605 2278 658 dare.
2311 602 2483 658 Habes
2516 605 2566 657 in
2595 603 2826 656 tenebris
2849 605 3092 670 quaedam
3126 602 3398 655 volucrum

1842 709 2059 764 genera,
2085 708 2202 762 quae
2231 694 2395 746 vitam
2424 704 2734 747 nocturnam
2766 695 2963 746 ducunt
2996 712 3007 747 :
3044 693 3096 744 in
3128 694 3244 748 luce
3274 695 3397 758 alia,

1841 797 1958 852 quae
1981 782 2210 837 interdiu
2236 793 2518 852 vagantur.
2547 781 2961 852 Vespertiliones
2985 785 3146 847 enim,
3171 795 3397 849 noctuae,

1841 876 2096 943 corvique
2139 875 2410 938 nocturni,
2467 887 2625 928 noctu
2684 887 2995 944 pascuntur.
3050 875 3223 940 Quare
3276 892 3398 929 cum

1841 966 2129 1033 aliquando
2163 981 2256 1034 per
2286 965 2498 1033 aliquod
2531 976 2738 1035 tempus
2778 967 2872 1020 tibi
2923 983 3027 1019 non
3058 968 3224 1020 aderit
3249 984 3399 1022 som-

1841 1070 1960 1118 nus,
2002 1054 2048 1109 si
2098 1056 2148 1108 in
2197 1056 2280 1108 his
2323 1056 2646 1121 immoraris,
2689 1065 2738 1108 et
2780 1071 2964 1109 eorum
2997 1057 3250 1124 expendis
3280 1072 3396 1126 pro-

1839 1148 2114 1218 prietates,
2149 1162 2210 1201 ea
2261 1147 2328 1200 ad
2368 1147 2700 1201 conditorem
2737 1147 2903 1216 gloria
2933 1145 3268 1201 afficiendum
3305 1148 3398 1202 tibi

1840 1239 2104 1294 suﬂicient
2147 1257 2159 1292 :
2213 1240 2481 1309 quomodo
2523 1240 2649 1307 vigil
2705 1240 2775 1293 sit
2821 1240 3064 1304 luscinia,
3121 1255 3242 1293 cum
3282 1241 3402 1294 ovis

1842 1333 2059 1386 incubat
2093 1350 2106 1384 :
2135 1332 2568 1402 quandoquidem
2599 1348 2694 1402 per
2725 1343 2888 1388 totam
2919 1341 3126 1386 noctem
3167 1347 3195 1384 a
3236 1343 3397 1386 cantu

1841 1436 1944 1476 non
1987 1423 2228 1489 desistit;
2262 1425 2526 1491 quomodo
2559 1426 2694 1478 idem
2731 1426 3036 1495 quadrupes
3071 1425 3141 1476 sit
3176 1432 3230 1476 et
3257 1421 3400 1475 vola-

1842 1513 1953 1576 tile,
1982 1515 2320 1581 vespertilio;
2349 1517 2614 1583 quomodo
2648 1515 2766 1568 sola
2798 1529 2861 1567 ex
2895 1514 3202 1568 volucribus
3227 1514 3400 1566 denti-

1841 1603 1940 1658 bus
1966 1615 2168 1669 utatur,
2226 1617 2277 1659 et
2314 1607 2484 1673 pariat
2513 1606 2726 1674 quidem
2758 1604 2961 1660 catulos
2992 1605 3136 1659 velut
3163 1607 3400 1672 quadru-

1841 1697 2016 1764 pedia,
2047 1707 2268 1765 vagetur
2307 1713 2432 1752 vero
2472 1698 2522 1751 in
2571 1713 2716 1765 aere,
2754 1713 2857 1750 non
2896 1697 3084 1765 pennis
3116 1697 3275 1762 elata,
3308 1696 3402 1751 sed

1843 1789 2151 1841 membrana
2180 1791 2408 1856 quadam
2444 1789 2712 1842 coriacea.
2749 1790 3026 1856 Quomodo
3064 1799 3118 1842 et
3153 1789 3250 1842 hoc
3289 1803 3400 1842 mu-

1773 1865 1813 1920 Β
1848 1889 1993 1932 tuum
2027 1893 2260 1932 amorem
2299 1891 2486 1933 natura
2522 1881 2737 1933 insitum
2779 1883 2991 1946 habeat,
3030 1881 3238 1949 sibique
3267 1879 3404 1932 invi...

1844 1986 1958 2024 cem
1995 1971 2394 2039 vespertiliones
2443 1973 2493 2024 in
2531 1974 2743 2026 modum
2777 1983 2977 2026 catenae
3010 1974 3400 2036 adhaerescant,

1844 2071 1897 2114 et
1943 2075 2046 2113 una
2095 2063 2162 2113 ab
2203 2061 2366 2114 altera
2419 2063 2645 2128 pendeat
2692 2080 2706 2115 :
2747 2062 2884 2131 quod
2927 2078 3030 2115 non
3078 2061 3232 2114 facile
3284 2063 3399 2115 ‘leri

1845 2150 1982 2204 inter
2016 2166 2112 2204 nos
2146 2151 2389 2205 homines
2428 2153 2583 2206 solet.
2630 2151 2762 2205 Nam
2813 2154 3052 2220 sejuncta
3098 2163 3150 2208 et
3200 2154 3402 2222 privata

1844 2245 1949 2295 vita
2011 2257 2038 2294 a
2093 2243 2366 2310 plerisque
2421 2243 2661 2296 societati
2709 2244 3012 2312 praefertur,
3061 2256 3222 2313 atque
3269 2260 3403 2301 con-

1836 2331 2124 2400 iunctioni.
2173 2333 2242 2387 Ut
2291 2334 2365 2387 illi
2399 2334 2488 2402 qui
2516 2349 2666 2386 vana:
2694 2336 2973 2402 sapientia:
3005 2337 3241 2400 student,
3300 2354 3399 2390 no-

1848 2433 1988 2478 ctuae
2020 2424 2188 2477 oculis
2238 2434 2364 2478 sunt
2407 2425 2638 2478 similes!
2693 2424 2824 2478 Nam
2866 2436 2922 2479 ut
2971 2425 3108 2480 illius
3157 2437 3401 2495 aspectus

1843 2525 2001 2569 noctu
2047 2517 2259 2581 quidem
2307 2518 2470 2582 valet,
2519 2519 2628 2572 sole
2656 2533 2781 2572 vero
2805 2519 3138 2573 illucescente
3173 2521 3402 2574 infusca-

1845 2616 1930 2659 tur
1975 2623 1989 2659 :
2049 2606 2122 2658 ita
2185 2608 2410 2660 istorum
2466 2623 2617 2661 mens
2672 2610 3130 2677 perspicacissima
3187 2611 3400 2678 quidem

1842 2707 1924 2749 est
1988 2699 2052 2747 ad
2111 2697 2572 2764 contemplandam
2628 2698 2942 2764 vanitatem,
2991 2699 3231 2752 hebescit
3273 2714 3402 2752 vero

1843 2788 1908 2839 ad
1942 2802 2122 2840 veram
2161 2791 2332 2841 lucem
2369 2788 2782 2858 intelligendam.
2829 2788 2965 2855 Quin
3010 2801 3063 2843 et
3104 2791 3196 2844 tibi
3238 2791 3403 2844 inter-

1841 2879 1929 2934 diu
1997 2879 2152 2933 facile
2208 2880 2490 2934 admodum
2556 2880 2716 2933 fuerit
2771 2881 3044 2935 undelibet
3100 2893 3398 2948 creatorem

1843 2972 2118 3024 admirari.
2161 2971 2232 3026 Ut
2259 2974 2323 3026 ad
2367 2988 2557 3040 operas
2600 2974 2802 3026 excitat
2851 2984 2898 3027 te
2937 2975 3050 3028 avis
3087 2974 3398 3032 domestica.

1841 3070 1959 3122 qua:
1999 3071 2125 3110 voce
2151 3069 2307 3110 acuta
2355 3059 2710 3126 inclamitans,
2743 3070 2797 3113 et
2821 3061 2985 3114 solem
3017 3063 3191 3116 adhuc
3223 3078 3252 3117 e
3293 3063 3406 3117 lon-

1843 3149 2039 3218 ginquo
2090 3152 2430 3204 accedentem
2476 3153 2866 3220 praenuntians,
2919 3153 3102 3224 vigilat
3145 3171 3246 3208 una
3277 3171 3397 3209 cum

1839 3241 2152 3307 viatoribus,
2183 3251 2342 3310 atque
2375 3243 2636 3311 agricolas
2684 3245 2750 3296 ad
2801 3261 3030 3299 messem
3081 3247 3278 3301 educit.
3332 3246 3402 3303 Ut

1840 3333 2060 3400 pervigil
2099 3343 2178 3388 est
2206 3351 2456 3388 anserum
2505 3351 2705 3404 genus;
2749 3347 2909 3406 atque
2955 3338 3005 3390 id
3055 3340 3194 3406 quod
3246 3340 3398 3404 Iatct,

1840 3423 2150 3478 acutissime
2175 3426 2359 3478 sentit.
2397 3423 2461 3477 Hi
2510 3426 2757 3480 videlicet
2799 3427 2996 3495 regiam
3046 3431 3230 3481 urbem
3274 3429 3399 3482 olim

1838 3525 2243 3581 conservaram,
2281 3518 2402 3568 dum
2438 3516 2762 3589 78oltostes
2813 3517 3068 3583 quosdam
3119 3519 3218 3572 sub
3261 3527 3400 3572 terra

1840 3619 1931 3672 per
1966 3604 2192 3659 latentes
2227 3605 2503 3660 cuniculos
2531 3605 2752 3673 jamjam
2787 3609 2838 3659 in
2886 3609 3033 3663 urbis
3079 3607 3262 3663 Roma:
3313 3627 3401 3661 ar-

1839 3712 1954 3754 cem
2006 3713 2360 3770 occupaturos
2409 3703 2778 3770 prodiderunt.
2833 3702 2886 3756 ln
2941 3719 3171 3771 quonam
3223 3708 3399 3758 avium

1839 3807 2032 3861 genere
2074 3810 2184 3847 rem
2220 3796 2504 3862 quamdam
2536 3795 2860 3863 singularem
2915 3795 3270 3852 admiratione
3319 3801 3396 3854 di-

1838 3897 1998 3952 gnam
2036 3898 2224 3939 natura
2267 3901 2370 3939 non
2407 3887 2675 3940 ostendit?
2701 3887 2830 3953 Quis
2865 3892 3184 3957 praenuntiat
3229 3891 3401 3944 vultu-

1840 3979 1987 4032 ribus
2044 3979 2316 4031 hominum
2385 3990 2608 4033 mortem
2668 3992 2800 4046 ιιιιιι,
2852 3999 2975 4036 cutn
3022 3985 3120 4036 sibi
3173 3983 3396 4036 invicem

1839 4071 2072 4124 inferunt
2127 4071 2359 4123 bellum?
2398 4070 2592 4123 Videas
2647 4075 2788 4126 enim
2848 4074 3153 4127 innumeros
3211 4091 3398 4144 greges

1837 4161 2110 4214 vulturum
2158 4161 2427 4214 exercitus
2479 4173 2785 4231 sequentes,
2817 4174 2871 4217 et
2905 4180 2965 4217 ex
3000 4181 3268 4219 armorum
3303 4182 3398 4234 ap-

1839 4264 2027 4323 paratu
2055 4254 2257 4307 exitum
2293 4256 2679 4324 conjectantes.
2715 4257 2824 4311 lloc
2849 4267 3022 4310 autem
3068 4275 3169 4312 non
3214 4259 3395 4326 procul

1838 4364 1865 4400 a
1898 4348 2396 4401 ratiocinationibus
2423 4349 2675 4402 hinnanis
2723 4349 2896 4401 abest.
2955 4354 3199 4414 Quonam
3239 4363 3396 4417 pacto

1841 4439 2112 4495 terribiles
2179 4440 2398 4493 locustze
2457 4439 2822 4507 expeditiones
2887 4441 2980 4495 tibi
3041 4458 3394 4510 enarravero,

169 4531 404 4582 ἅπτεται
432 4527 537 4578 τῶν
580 4530 822 4598 καρπῶν,
859 4529 987 4599 πρὶν
1033 4527 1305 4596 ὲνδοθῆναι
1350 4528 1484 4597 αὐτῇ
1515 4529 1572 4579 τὸ
1597 4529 1733 4579 θεῖον

1838 4550 1955 4602 qua!
1982 4534 2228 4586 universa
2270 4532 2370 4584 sub
2399 4546 2504 4584 uno
2533 4533 2686 4600 signo
2717 4533 2876 4598 elata,
2910 4544 3069 4604 atque
3103 4541 3393 4591 secundum

171 4621 536 4691 πρόσταγμα;
598 4619 719 4681 Πῶς
771 4624 802 4690 ἡ
865 4620 1106 4682 σελευκὶς
1151 4620 1406 4687 ἐφέπεται
1453 4620 1583 4690 ἴαμα
1637 4619 1734 4688 τῆς

170 4713 409 4782 πληγῆς,
450 4712 746 4782 ἀπέραντον
779 4711 973 4780 ἔχουσα
998 4711 1087 4763 τοῦ
1120 4711 1314 4763 ἐσθίειν
1360 4712 1457 4781 τὴν
1490 4711 1732 4780 δύναμιν,

169 4805 264 4859 τοῦ
310 4804 691 4877 φιλανθρώπου
732 4803 864 4856 Θεοῦ
899 4805 1186 4873 ἀκόρεστον
1227 4803 1396 4873 αὐτῆς
1435 4805 1530 4875 τὴν
1578 4805 1735 4874 φύσιν

169 4900 259 4952 ἐπ’
289 4897 578 4968 εὐεργεσίᾳ
605 4899 709 4951 τῶν
730 4896 1026 4969 ἀνθρώπων
1051 4896 1552 4962 κατασκευάσαντος
1583 4898 1690 4968 (88)
1719 4917 1732 4966 ;

239 5093 356 5163 (81)
384 5092 486 5146 Sex
513 5107 643 5145 mss.
673 5091 944 5161 ζωογονεῖ.
982 5095 1115 5150 Editi
1145 5097 1418 5160 ζωοτοκεῖ.

241 5163 357 5229 (82)
389 5164 478 5217 Sic
503 5174 732 5232 quatuor
762 5182 890 5221 mss.
926 5167 1132 5219 Atediti
1158 5183 1277 5219 cum
1313 5182 1418 5220 uno
1442 5175 1532 5218 aut
1560 5166 1730 5224 altero

169 5249 276 5310 ms.
306 5233 523 5310 ἕχει-τι.
581 5234 1030 5310 Aliquantopost
1066 5237 1440 5310 etﬁtioParis.
1472 5238 1581 5310 και
1621 5239 1729 5310 γὰρ

167 5303 384 5374 ὥσπερ.
439 5305 591 5358 Deest
617 5305 724 5374 γάρ
754 5305 803 5357 in
834 5308 1068 5361 editione
1112 5305 1274 5364 Basil.
1319 5317 1372 5362 et
1414 5310 1463 5362 in
1495 5303 1728 5377 quinque

166 5389 300 5431 IIISS,

241 5445 359 5516 (83)
399 5441 476 5495 lla
510 5454 741 5516 quatuor
773 5459 899 5516 mss.
938 5445 1090 5499 Deest
1139 5446 1237 5516 μέν
1269 5448 1318 5500 ἱη
1349 5449 1577 5501 excusis.

212 5515 354 5585 ,(84)
389 5516 566 5585 Codex
595 5514 834 5585 (lombef.
865 5530 984 5569 cum
1017 5514 1150 5572 aliis
1169 5519 1401 5585 Quinque
1437 5536 1562 5573 mss.
1596 5536 1720 5572 συν-

168 5583 343 5655 άγειν.
392 5583 527 5637 liditi
573 5599 690 5636 cum
731 5584 882 5655 βου).
926 5589 1160 5640 secundo
1188 5583 1535 5654 συναγαγεῖν.
1576 5590 1721 5643 lland

172 5653 328 5726 longe
379 5655 506 5708 editi
559 5668 678 5706 cum
733 5653 883 5730 Reg.“
920 5658 1076 5712 tertio
1135 5653 1565 5730 συνδιορθρίςων,
1616 5661 1718 5713 Alii

169 5723 399 5798 quatuor
435 5741 566 5778 mss.
599 5723 978 5794 συνορθρίζων.

237 5796 350 5862 (85)
383 5794 456 5849 Ita
491 5810 620 5850 mss.
656 5807 796 5849 octo.
835 5798 968 5851 Editi
1005 5798 1291 5868 ττθὶεμίηυς
1325 5801 1470 5862 τινὰς
1502 5802 1721 5868 ἀφυεῖς

1839 4626 2075 4695 regionis
2106 4623 2438 4678 latitudinem
2475 4635 2883 4690 castratnetans,
2937 4645 3040 4679 non
3089 4629 3234 4696 prius
3283 4631 3394 4682 tru-

1838 4730 1956 4771 ctus
2011 4717 2248 4785 attingit,
2296 4731 2455 4784 quam
2484 4717 2718 4768 divinum
2761 4727 3086 4786 pratceptum
3117 4719 3182 4772 sit
3215 4721 3261 4772 ei
3298 4721 3396 4773 da-

1835 4808 1995 4862 tum?
2034 4807 2310 4872 Quomodo
2358 4808 2615 4863 locustam
2668 4807 2969 4875 insequitur
3021 4812 3248 4866 seleucis
3280 4813 3394 4866 avis

1837 4918 1954 4972 qua:
1979 4901 2149 4970 plaga:
2195 4900 2408 4954 inﬂictae
2457 4899 2748 4954 remedium
2796 4913 2916 4964 est:
2966 4903 3394 4973 quandoquidem

1839 5102 1906 5174 δι’
1937 5104 2237 5174 ὑπονόμων.
2274 5103 2327 5158 Id
2364 5105 2519 5159 aliter
2559 5106 2625 5162 ab
2656 5104 2776 5159 aliis
2809 5107 3076 5161 historicis
3119 5118 3388 5162 narratur.

1838 5173 1978 5238 Lege
2005 5173 2274 5229 Dircaeum.

1907 5246 2017 5314 (86)
2060 5244 2135 5299 Ita
2180 5264 2268 5299 sex
2319 5261 2446 5298 mss.
2488 5246 2646 5300 Deest
2685 5247 2713 5298 ὀ
2752 5248 2804 5300 in
2837 5249 3015 5302 editis.
3058 5248 3254 5300 Ibidem
3287 5250 3392 5302 duo

1836 5313 1964 5398 mss.
2001 5313 2456 5387 προσαγγέλλων.
2497 5318 2636 5370 Editi
2690 5334 2809 5372 cum
2857 5319 2978 5373 aliis
3012 5334 3140 5372 mss.
3183 5337 3390 5390 προαγ-

1832 5399 2052 5452 γελλων.

1901 5458 2007 5529 (8ῖ)
2050 5457 2138 5529 §ic
2162 5457 2316 5529 multi
2349 5471 2477 5511 mss.
2510 5459 2576 5511 At
2597 5459 2723 5512 editi
2744 5458 2901 5511 τοῦτο
2921 5459 2973 5511 δὲ
2997 5458 3114 5510 οὐδὲ
3153 5461 3386 5529 μακράν.

1901 5528 2012 5594 (88)
2045 5527 2266 5580 Codices
2314 5539 2546 5594 quatuor
2575 5545 2603 5582 e
2636 5533 2830 5582 nostris
2869 5540 3058 5598 pra-ter
3092 5527 3221 5582 duos
3260 5535 3387 5582 Duc.

1831 5598 2366 5665 παρασκευάσαντος.
2419 5598 2558 5652 Editi
2612 5617 2731 5653 cum
2788 5617 2892 5652 uno
2942 5610 3032 5651 aut
3083 5601 3249 5652 altero
3286 5615 3386 5654 ms.

1830 5669 2349 5732 κατασκευάσαντος.
2392 5670 2505 5724 Mox
2540 5686 2630 5724 sex
2665 5685 2792 5726 mss.
2822 5674 2915 5724 καὶ
2944 5671 3077 5734 πῶς.
3113 5671 3266 5724 Deest
3294 5668 3390 5726 κῖιί

1832 5739 1880 5791 in
1921 5740 2096 5792 editis.
