4100 6312
699 326 802 380 195

1983 330 2039 385 S.
2084 326 2323 382 BASlLll
2364 328 2573 383 MAGNI

3789 331 3892 384 184

697 445 786 498 illa
835 455 1138 513 perpetuam
1201 446 1362 500 habet
1410 448 1598 502 edendi
1646 449 1976 515 facultatem,
2022 448 2249 518 benigno

2351 446 2444 508 Τίς
2464 448 2491 497 6
2519 447 2712 516 τρόπος
2737 447 2834 514 τῆς
2865 444 3124 514 μελῳδίας
3153 443 3243 496 τοῦ
3275 444 3546 512 τέττιγος;
3571 459 3679 497 nat.
3706 447 3819 510 πῶς
3843 450 3894 499 ἐν

696 536 806 592 Deo
841 538 1201 592 insatiabilem
1230 548 1473 594 naturam
1511 543 1778 596 hominum
1809 543 1974 612 gratia
2003 543 2051 595 ei
2078 558 2241 612 appa-

698 626 888 680 rante?
933 629 1061 693 Quae
1111 629 1180 681 sit
1223 629 1523 682 modulandi
1552 632 1686 684 ratio
1717 631 1953 685 cicadae?
1984 634 2245 699 quomodo

698 720 749 772 in
798 720 1020 773 meridie
1066 721 1226 774 solito
1279 722 1445 790 magis
1497 737 1709 777 canorae
1750 735 1893 785 sunt.
1939 725 2059 777 dum
2105 724 2245 778 aeris

695 809 1034 874 attractione,
1077 824 1192 876 qua:
1244 809 1294 863 in
1342 811 1574 866 thoracis
1617 813 1935 867 distentione
1969 811 2046 875 fit,
2071 814 2246 867 editur

699 900 903 953 sonus?
937 901 1005 952 At
1031 903 1170 953 enim
1207 901 1333 954 mihi
1368 903 1552 955 videor
1577 903 1747 971 magis
1775 907 1947 970 impar
1977 917 2093 957 esse
2133 918 2245 957 ser-

701 1003 858 1042 mone
891 989 940 1041 in
969 988 1298 1056 explicandis
1325 989 1618 1044 volatilium
1669 991 1956 1054 miraculis,
1994 1006 2152 1059 quam
2201 992 2243 1045 si

696 1079 922 1148 pedibus
948 1094 1172 1134 conarer
1201 1079 1540 1134 velocitatem
1569 1080 1802 1148 ipsorum
1842 1082 2073 1149 assequi.
2111 1080 2243 1135 Cum

700 1171 895 1224 videris
921 1186 978 1225 ea
1019 1172 1250 1226 volatilia
1290 1187 1409 1241 qua:
1452 1172 1651 1227 insecta
1699 1183 1974 1237 vocantur,
2015 1182 2074 1227 ut
2120 1187 2248 1242 apes

698 1271 750 1313 et
806 1276 1029 1330 vespas:
1085 1265 1164 1317 sic
1216 1263 1357 1316 enim
1409 1263 1519 1330 ipsa
1566 1261 1920 1331 appellarunt,
1964 1272 2243 1331 pr0pterea

695 1352 834 1419 quod
887 1355 1143 1421 quasdam
1189 1352 1422 1420 undique
1467 1353 1728 1408 incisuras
1769 1368 1875 1418 prze
1922 1368 1980 1406 se
2025 1354 2242 1407 ferunt:

694 1442 874 1496 veniat
905 1443 996 1496 tibi
1031 1444 1081 1495 in
1118 1452 1370 1502 trientem.
1409 1443 1816 1512 respirationem
1855 1452 2012 1512 atque
2040 1443 2247 1512 pulmo—

694 1549 816 1590 nem
846 1537 897 1589 in
928 1537 992 1589 iis
1023 1550 1125 1588 non
1160 1534 1381 1603 reperiri
1409 1553 1420 1587 :
1447 1538 1538 1588 sed
1584 1545 1689 1588 tota
1733 1535 1946 1588 omnino
1981 1550 2102 1588 aere
2143 1551 2244 1588 nu-

698 1627 838 1680 triri.
871 1626 1206 1694 Quapropter
1246 1626 1363 1679 oleo
1407 1625 1723 1690 madefacta,
1772 1627 2003 1681 occlusis
2060 1628 2244 1680 meati-

695 1721 816 1778 bus.
865 1727 1123 1786 pereunt;
1175 1733 1295 1770 cum
1343 1733 1468 1772 vero
1497 1721 1674 1772 statim
1703 1729 1908 1773 acetum
1934 1719 2241 1784 all'unditur,

2346 539 2410 607 τῇ
2450 537 2757 608 μεσημϐρίᾳ
2781 537 2986 590 ἑαυτῶν
3015 538 3148 588 είσιν
3177 533 3515 606 ᾠδικώτεροι,
3546 540 3613 606 τῇ
3645 537 3778 608 ὀλκῇ
3809 538 3892 591 τοῦ

2344 629 2524 699 ἀέρος,
2561 632 2624 698 ἣν
2654 631 2710 682 ἐν
2756 631 2819 699 τῇ
2877 627 3123 697 διαστολῇ
3175 625 3444 679 ποιοῦνται
3494 627 3588 679 τοῦ
3633 626 3894 698 θώρακος,

2345 721 2678 791 ἐκδιδομένου
2729 720 2822 773 τοῦ
2874 721 3139 789 φθόγγου;
3176 718 3330 771 Ἀλλὰ
3373 718 3480 788 γὰρ
3526 718 3677 771 ἔοικα
3726 719 3897 772 πλεῖον

2343 813 2724 867 ἀπολείπεσθαι
2750 813 2824 883 τῷ
2857 813 2997 882 λόγῳ
3024 811 3115 864 τοῦ
3157 810 3425 880 θαύματος
3466 810 3573 863 τῶν
3602 812 3843 882 πτηνῶν,
3867 815 3896 882 ἢ

2344 908 2392 958 εί
2447 907 2560 967 τοῖς
2616 905 2769 958 ποσὶν
2821 905 2998 956 αὑτῶν
3055 901 3367 974 ἐπειρώμην
3429 901 3769 969 ἐφικνεῖσθαι
3813 905 3897 956 τοῦ

2343 998 2558 1066 τάχους.
2588 997 2749 1050 Ὅταν
2777 997 2890 1069 ἴδῃς
2923 996 2989 1048 τά
3019 996 3214 1065 ἔντομα
3242 994 3502 1064 λεγόμενα
3527 995 3638 1046 τῶν
3664 993 3894 1063 πτηνῶν,

2343 1084 2454 1141 οἷον
2487 1087 2740 1159 μελίσσας
2763 1089 2854 1141 καὶ⁸
2886 1088 3096 1156 σφῆκας
3122 1087 3280 1157 (οὕτω
3307 1087 3413 1157 γὰρ
3438 1087 3573 1138 αὐτὰ
3609 1086 3897 1156 προσειρή-

2346 1197 2490 1242 κασι,
2534 1177 2620 1231 διὰ
2668 1177 2726 1229 τὺ
2774 1178 3100 1247 πανταχόθεν
3158 1177 3384 1247 ἐντομάς
3441 1193 3590 1239 τινας
3639 1177 3896 1244 φαίνειν),

2345 1271 2597 1342 ἐνθυμοῦ,
2626 1271 2707 1323 ὅτι
2740 1270 2945 1332 τούτοις
2984 1269 3221 1339 ἀναπνοὴ
3265 1270 3362 1321 οὑκ
3394 1269 3560 1330 ἔστιν,
3591 1267 3717 1320 ούδέ
3749 1268 3899 1319 πνεύ-

2348 1379 2480 1430 μων,
2508 1361 2620 1414 ἁλλ’
2645 1360 2738 1412 ὅλα
2773 1359 2838 1412 δι’
2871 1359 3003 1412 ὅλων
3039 1359 3389 1429 τρέφεταιτῷ
3415 1359 3555 1427 ἀέρι.
3584 1358 3786 1427 Διόπερ
3815 1358 3898 1409 καὶ

2345 1453 2506 1522 ἐλαίῳ
2537 1449 2944 1522 καταϐραχέντα
2979 1449 3273 1519 φθείρεται,
3302 1450 3409 1502 τῶν
3441 1449 3622 1520 πόρων
3658 1450 3900 1518 ἀποφρα-

2345 1543 2546 1610 γέντων
2566 1560 2579 1573 ·
2608 1543 2761 1608 ὄξους
2792 1542 2847 1594 δὲ
2873 1540 3031 1604 εὐθὺς
3077 1540 3450 1610 ἐπιϐληθέντος
3487 1541 3651 1595 πάλιν
3678 1539 3900 1592 ἀναϐιώ-

2347 1649 2551 1688 σκεται.
2589 1633 2694 1686 τῶν
2720 1631 2961 1696 διεξόδων
2985 1631 3361 1700 ἀνοιγομένων.
3393 1631 3554 1684 Οὐδὲν
3589 1630 3900 1700 περιττότε-

2350 1741 2439 1793 ρον
2482 1723 2578 1792 τῆς
2617 1725 2819 1794 χρείας,
2870 1720 2992 1774 οὕτε
3045 1721 3146 1791 μὴν
3207 1719 3441 1772 ἐλλείπόν
3484 1737 3586 1771 τινι
3635 1720 3744 1771 τῶν
3783 1721 3902 1772 ἁνα-

695 1808 918 1862 reclusis
969 1808 1316 1863 foraminibus
1367 1826 1552 1865 rursus
1597 1811 1949 1866 reviviscunt.
1996 1812 2138 1866 Inter
2181 1826 2242 1865 ea

2350 1813 2550 1880 γκαίων
2582 1815 2608 1864 6
2630 1814 2759 1876 Θεὸς
2796 1812 2952 1883 ἡμῶν
2985 1811 3181 1865 ἔκτισε.
3235 1810 3401 1861 Πάλιν
3433 1808 3498 1861 τὰ
3532 1809 3771 1878 φίλυδρα
3802 1809 3902 1860 τῶν

695 1916 812 1970 qua:
844 1901 980 1955 Deus
1007 1913 1190 1956 noster
1216 1904 1439 1965 creavit,
1489 1905 1619 1956 nihil
1665 1913 1747 1957 est
1781 1906 1913 1958 citra
1958 1905 2243 1958 necessita-

694 2002 823 2055 tem,
851 1993 981 2046 nihil
1013 1994 1162 2046 deest
1209 1994 1653 2046 necessariorum.
1700 1993 1904 2047 Rursus
1955 1995 1998 2048 si
2043 1995 2246 2048 anima-

694 2084 764 2137 lia
802 2098 953 2150 aquze
983 2083 1218 2135 amantia
1253 2084 1637 2148 considerabis,
1667 2085 1826 2138 aliam
1866 2085 1916 2138 in
1949 2086 2077 2153 ipsis
2107 2095 2247 2138 stru-

693 2185 899 2226 (:turatn
934 2173 1263 2241 comperies:
1322 2176 1485 2242 pedes
1527 2174 1772 2230 videlicet
1821 2176 2040 2231 minime
2086 2175 2250 2231 ditiis-

691 2280 805 2330 eos,
835 2266 973 2320 velut
1003 2267 1271 2319 cornicis:
1310 2282 1411 2320 non
1453 2266 1707 2330 aduncos,
1752 2268 1894 2321 velut
1933 2269 2245 2322 caroivoro-

697 2374 848 2411 rum:
892 2360 984 2412 sed
1020 2359 1156 2411 latos
1196 2373 1258 2411 ac
1300 2359 1759 2424 membranaceos,
1801 2369 1858 2412 ut
1897 2358 2048 2414 facile
2096 2361 2248 2415 undis

696 2453 962 2512 innatent,
1008 2449 1200 2516 pedum
1253 2449 1580 2502 membranis
1619 2450 1763 2501 velut
1806 2451 2124 2517 quibusdam
2165 2467 2250 2504 re-

697 2542 799 2594 mis
853 2554 1044 2608 aquam
1108 2540 1457 2609 impelle-otes.
1511 2539 1657 2605 Quod
1689 2539 1732 2593 si
1774 2540 2250 2604 animadverteris,

695 2633 1140 2700 qucmadmolutu
1183 2646 1382 2702 cycmts
1425 2633 1562 2685 collo
1609 2633 1662 2684 in
1710 2632 2025 2700 profundam
2057 2648 2248 2699 aquam

693 2723 952 2788 immisso,
983 2724 1048 2779 ab
1079 2724 1185 2777 imo
1213 2724 1389 2777 cibum
1429 2724 1529 2778 sibi
1571 2723 1791 2777 efferat:
1844 2732 1967 2777 tunc
2020 2722 2111 2777 Dei
2157 2723 2250 2776 de-

697 2817 1060 2885 prehensurus
1082 2830 1140 2869 es
1167 2816 1504 2885 sapientiam,
1532 2818 1618 2883 qui
1650 2817 1847 2870 scilicet
1878 2815 2067 2870 collum
2098 2815 2250 2884 pedi-

698 2909 796 2961 bus
825 2908 1033 2976 longius
1059 2907 1176 2961 ideo
1215 2909 1422 2971 tribuit,
1473 2917 1529 2960 ut
1578 2908 1700 2961 illud
1744 2909 1884 2962 velut
1929 2908 2120 2960 lineam
2172 2908 2251 2975 pi-

697 3001 980 3053 scatoriam
1034 3001 1338 3064 demittens,
1385 3014 1562 3054 escam
1610 3000 1662 3054 in
1711 3000 1817 3054 imo
1854 3001 2248 3058 delitescentem

698 3093 940 3159 exquirat
971 3107 1033 3144 ac
1056 3092 1320 3146 extrahat.

2347 1903 2501 1969 ζώων
2554 1905 2907 1973 καταμαθὼν,
2959 1905 3150 1975 ἑτέραν
3209 1903 3265 1954 ἐν
3326 1901 3502 1962 αὑτοῖς
3565 1903 3901 1969 κατασκευὴν

2344 1998 2633 2068 εὑρήσεις·
2681 1996 2844 2058 πόδας
2881 1995 3000 2048 οὗτε
3042 1992 3475 2064 διεσχισμένους,
3521 1989 3596 2052 ὡς
3639 1991 3768 2053 τοὺς
3814 1993 3902 2060 τῆς

2344 2087 2610 2159 κορώνης,
2637 2086 2758 2139 οὔτε
2796 2086 3080 2155 ἀγκύλους,
3107 2087 3181 2150 ὡς
3208 2086 3334 2148 τοὺς
3364 2083 3469 2136 τῶν
3504 2081 3869 2153 σαρκοφάγων
3887 2099 3898 2110 ·

2346 2181 2481 2233 ἀλλὰ
2504 2181 2720 2244 πλατεῖς
2754 2180 2848 2233 καὶ
2875 2178 3182 2248 ὑμενώδεις,
3210 2179 3293 2232 ἵνα
3321 2177 3512 2248 ῥᾳδίως
3543 2176 3902 2243 ἐπινήχωνται

2345 2271 2422 2340 τῷ
2459 2270 2629 2333 ὕδατι,
2665 2271 2824 2323 οἱονεὶ
2857 2268 3068 2332 κώπαις
3098 2270 3207 2320 τισὶ
3240 2271 3349 2330 τοῖς
3395 2266 3499 2319 τῶν
3533 2266 3712 2319 ποδῶν
3751 2265 3902 2334 ὑμέσι

2345 2365 2405 2417 τὸ
2438 2362 2600 2433 ὑγρὸν
2651 2361 3016 2432 διωθούμενοι.
3063 2361 3184 2413 Ἐὰν
3230 2361 3288 2413 δὲ
3331 2359 3683 2430 καταμάθῃς,
3727 2360 3898 2420 ὅπως,

2347 2457 2424 2516 είς
2470 2453 2629 2523 βάθος
2675 2456 2702 2507 6
2747 2453 2941 2516 κύκνος
3001 2452 3206 2516 καθιεὶς
3246 2451 3335 2504 τὸν
3387 2451 3618 2520 αὑχένα,
3669 2450 3902 2503 κάτωθεν

2351 2543 2524 2611 ἑαυτῷ
2551 2543 2646 2612 τὴν
2691 2544 2894 2612 τροφὴν
2940 2543 3220 2611 ἀναφέρει,
3254 2543 3371 2594 τότε
3413 2542 3664 2612 εὑρήσεις
3691 2543 3791 2611 τὴν
3820 2559 3901 2593 σο-

2353 2635 2478 2701 φίαν
2514 2633 2605 2685 τοῦ
2651 2635 2951 2695 κτίσαντος,
2982 2634 3060 2686 ὅτι
3106 2633 3193 2685 διὰ
3229 2633 3383 2685 τοῦτο
3434 2634 3766 2704 μακρότεῳν
3806 2633 3901 2685 τῶν

2353 2723 2526 2776 ποδῶν
2545 2723 2634 2774 τὸν
2650 2721 2849 2791 αὐχένα
2867 2722 3217 2792 προσέθηκεν,
3242 2723 3345 2783 ἵνα,
3369 2722 3514 2773 ὥσπε
3523 2739 3553 2790 ρ
3570 2724 3691 2773 τινὰ
3711 2722 3901 2791 ὁρμιάν

2353 2814 2624 2882 κατάγων,
2680 2814 2775 2885 τὴν
2828 2815 2884 2866 ἐν
2942 2813 3017 2883 τῷ
3072 2812 3220 2883 βάθει
3275 2811 3661 2883 κεκρυμμένην
3708 2813 3900 2884 τροφὴν

2353 2909 2707 2980 ἐκπορίςηται

772 3149 828 3233 ἑ.
863 3180 1028 3233 Verba
1064 3181 1355 3246 Scriptura:
1376 3181 1423 3233 si
1452 3181 1762 3248 simpliciter
1786 3182 2049 3249 legantur,
2077 3198 2249 3249 parvze

2422 3184 2473 3238 8.
2517 3184 2722 3246 Ἀπλῶς
2755 3182 3224 3252 ἀναγινωσκόμενα
3257 3181 3322 3234 τὰ
3368 3182 3585 3252 ῥήματα
3628 3179 3729 3250 τῆς
3767 3179 3896 3249 Γρα-

702 3273 942 3340 quaedam
986 3279 1109 3323 sunt
1154 3271 1407 3334 syllabaa:
1463 3270 1764 3322 Praducant
1820 3288 1970 3338 aqua:
2022 3272 2253 3326 volatilia

702 3362 930 3416 volantia
964 3378 1117 3430 super
1146 3372 1337 3416 terram
1374 3363 1655 3415 secundum
1683 3361 2070 3429 ﬁrmamentum
2101 3365 2211 3417 coeli
2234 3379 2254 3417 :

701 3454 796 3507 sed
848 3469 967 3505 cum
1025 3454 1308 3507 verborum
1365 3454 1750 3522 pervestigatur
1797 3454 2080 3518 sententia,
2133 3465 2255 3507 tunc

705 3558 952 3610 magnum
998 3544 1274 3611 sapientiae
1324 3547 1614 3599 conditoris
1659 3544 1974 3598 miraculum
2011 3558 2248 3614 apparet.

705 3636 845 3701 Quot
903 3634 1193 3686 Volatilinm
1269 3637 1509 3703 prsevidit
1576 3636 1929 3690 discrimina?
1991 3639 2254 3704 quomodo

702 3726 808 3781 'alia
840 3726 908 3778 ab
958 3725 1076 3776 aliis
1119 3724 1264 3791 juxta
1312 3739 1477 3792 genus
1520 3725 1786 3792 seiunxit?
1827 3729 2092 3795 quomodo
2139 3731 2250 3781 sin-

707 3817 826 3886 gula
886 3815 1157 3868 distinctis
1216 3814 1632 3882 proprietatibus
1696 3818 2009 3882 insignivit?
2070 3819 2255 3874 Deficit

706 3923 792 3960 me
828 3910 942 3960 dies
987 3909 1128 3960 aeria
1155 3907 1308 3960 vobis
1338 3904 1598 3959 miracula
1640 3919 2016 3972 exponentem.
2068 3911 2254 3966 Invitat

705 4013 806 4054 nos
837 4001 947 4067 ipsa
993 4001 1274 4051 continens
1315 4001 1379 4052 ad
1424 3995 1567 4050 feras
1611 3997 1924 4065 reptiliaque
1963 4010 2016 4053 et
2060 4017 2254 4068 pecora

707 4091 762 4144 in
792 4090 1023 4142 medium
1054 4089 1370 4156 proferenda
1398 4107 1410 4140 :
1436 4089 1865 4157 quandoquidem
1894 4089 2091 4157 aliquid
2118 4095 2255 4159 quod

707 4180 908 4247 plantis
934 4188 986 4232 et
1015 4179 1320 4232 natatilium
1372 4180 1554 4248 generi
1595 4190 1650 4233 et
1700 4179 1907 4233 cunctis
1957 4180 2258 4237 volatilibus

708 4273 878 4339 impar
907 4286 1011 4325 non
1045 4272 1135 4333 sit,
1167 4272 1402 4325 vicissim
1447 4271 1703 4326 exhibere
1750 4282 1935 4341 parata
1978 4281 2077 4325 est.
2125 4271 2258 4325 Pro-

704 4366 858 4415 ducat
884 4372 1024 4415 terra
1056 4363 1283 4414 animam
1311 4364 1558 4415 viventem
1601 4380 1844 4429 pecorum
1884 4374 1929 4417 et
1976 4364 2256 4417 bestiarum

2354 3274 2476 3344 φῆς,
2510 3274 2761 3327 συλλαϐαί
2801 3274 2941 3334 τινές
2983 3274 3086 3324 είσι
3135 3274 3322 3342 μικραί
3360 3273 3502 3341 (89)’
3545 3269 3901 3340 Ἐξατατ-έτω

2354 3366 2425 3416 τὰ
2447 3361 2630 3416 ὕδατα
2656 3362 2887 3414 πετεινὰ
2924 3362 3210 3428 πετόμενα
3239 3363 3333 3412 ἐπὶ
3382 3360 3489 3424 τῆς
3519 3360 3633 3426 γῆς
3664 3364 3812 3412 κατὰ
3839 3361 3898 3411 τὸ

2355 3453 2651 3522 στερέωμα
2677 3452 2780 3505 τοῦ
2806 3451 3060 3520 οὐρανοῦ
3084 3469 3096 3481 '
3127 3452 3494 3522 ἐρευνωμὲνης
3518 3450 3574 3502 δὲ
3601 3453 3704 3520 τῆς
3724 3453 3780 3503 ἐν
3798 3454 3901 3512 τοῖς

2357 3545 2559 3615 ῥήμασι
2601 3542 2852 3606 διανοίας,
2895 3542 3016 3594 τότε
3065 3543 3376 3610 ἐκφαίνεται
3423 3541 3484 3594 τὸ
3539 3541 3682 3611 μέγα
3728 3541 3900 3610 θαῦμα

2353 3637 2447 3707 τῆς
2470 3635 2656 3704 σοφίας
2688 3634 2779 3688 τοῦ
2810 3634 3106 3698 κτίσαντος.
3141 3636 3315 3699 Πόσας
3347 3633 3621 3706 προείδετο
3648 3633 3900 3705 διαφορὰς

2355 3726 2600 3797 πτηνῶν;
2634 3728 2780 3788 ὅπως
2813 3725 2946 3777 αὑτὰ
2981 3725 3120 3777 κατὰ
3160 3724 3310 3791 γένος
3355 3724 3632 3793 διέστησεν
3685 3725 3779 3776 ἀπ’
3817 3723 3902 3776 ἁλο

2355 3817 2524 3890 ληλων
2553 3835 2566 3883 ;
2600 3817 2715 3879 πῶς
2760 3817 2983 3869 ’ἑκαστον
3028 3814 3441 3887 κεχωρισμένοις
3483 3816 3902 3885 ἐχαρακτήρισεν

2359 3907 2667 3976 ἱδιώμασιν;
2718 3905 3011 3956 Ἐπιλείπει
3042 3906 3148 3973 (θυ)
3203 3921 3266 3973 με
3295 3905 3326 3972 ἡ
3354 3904 3551 3972 ἡμέρα,
3589 3904 3657 3955 τὰ
3691 3905 3903 3974 ἐναέρια

2356 3998 2479 4065 ὑμῖν
2511 3995 2758 4063 θαύματα
2772 3992 2954 4062 διηγού
2964 4011 3137 4060 μενον.
3167 3993 3335 4045 Καλεῖ
3358 3996 3500 4061 ἡμᾶς
3521 3995 3762 4064 ήχέρσος
3780 3997 3904 4066 πρὸς

2354 4089 2452 4157 τὴν
2473 4085 2578 4137 τῶν
2615 4085 2814 4154 θηρίων
2847 4086 2938 4138 καὶ
2981 4083 3219 4152 ἑρπετῶν
3259 4086 3350 4136 καὶ
3397 4085 3756 4152 βοσκημάτων
3791 4088 3902 4139 ἐπί-

2355 4176 2536 4242 δειξιν,
2571 4175 2797 4245 ἑτοίμως
2841 4174 3032 4244 ἔχουσα
3068 4175 3298 4244 ὀμότιμα
3336 4177 3445 4236 τοῖς
3488 4179 3672 4242 φυτοῖς
3716 4180 3808 4229 καί
3838 4177 3906 4246 τῷ

2358 4268 2548 4338 πλωτῷ
2575 4267 2717 4335 γένει
2748 4266 2839 4318 καὶ
2855 4269 2966 4328 τοῖς
2995 4268 3213 4335 πτηνοῖς
3238 4266 3400 4318 πᾶσιν
3427 4265 3903 4328 ἀντεπιδείξασθαι.

2369 4360 2726 4430 Ἐξαγαγέτω
2768 4362 2805 4428 ἡ
2848 4359 2921 4429 γῆ
2961 4358 3171 4428 ψυχὴν
3201 4357 3390 4418 ζῶσαν
3418 4356 3650 4422 κτηνῶν
3678 4359 3779 4411 καὶ
3807 4362 3904 4426 θη-

702 4464 750 4506 et
779 4453 1034 4520 replilium
1059 4453 1219 4520 juxta
1252 4469 1429 4519 genus.
1463 4453 1599 4518 Quid
1634 4454 1809 4507 dicitis
1843 4471 1934 4508 vos
1963 4457 2050 4524 qui
2094 4456 2248 4507 [idem

2350 4455 2495 4520 ρίων
2526 4454 2622 4506 καὶ
2657 4452 2914 4519 ἑρπετῶν
2951 4451 3096 4503 κατὰ
3151 4449 3338 4519 γένος.
3381 4449 3444 4499 Τί
3477 4465 3630 4516 φατε,
3686 4452 3738 4502 οἱ
3788 4453 3906 4504 ἀπι-

705 4562 811 4598 non
849 4546 1056 4598 habetis
1084 4542 1268 4602 Paulo,
1308 4545 1449 4596 circa
1485 4561 1602 4597 eam
1633 4560 1750 4613 qua:
1775 4546 1825 4597 in
1862 4548 2252 4599 resurrectione

707 4638 799 4689 fiet
842 4637 1212 4699 mutationem,
1271 4651 1391 4687 cum
1441 4635 1603 4687 multa
1664 4638 1807 4690 aeria
1858 4637 2057 4691 formas
2107 4654 2255 4692 eom-

705 4729 967 4782 mutantia
1009 4728 1275 4782 videatis?
1314 4727 1498 4792 Qualia
1547 4729 1706 4781 etiam
1755 4731 1818 4783 de
1861 4729 2038 4785 lmlico
2073 4746 2255 4784 verme

703 4819 982 4886 cornigero
1033 4828 1337 4880 narrantur,
1385 4815 1493 4886 79
1539 4818 1625 4884 qui
1655 4822 1882 4884 primum
1930 4820 1981 4872 in
2036 4836 2252 4874 erucatn

703 4920 1118 4970 ιηηεηιυιειιυε,
1146 4907 1336 4961 deinde
1368 4907 1624 4975 temporis
1658 4924 1932 4976 progressu
1958 4909 2256 4979 bombylins

707 5004 806 5056 fit:
842 5014 939 5053 nec
969 5000 1019 5052 in
1067 5000 1168 5051 hac
1211 4997 1376 5051 forma
1424 5007 1627 5061 ntanet,
1675 4999 1768 5050 sed
1816 5000 1963 5058 laxas
2012 5011 2064 5052 et
2117 5003 2253 5055 latas

707 5097 948 5146 bracteas
981 5106 1074 5160 pro
1121 5090 1218 5142 aiis
1266 5090 1508 5158 suscipit.
1551 5091 1682 5144 Cum
1730 5090 1892 5156 igitur
1926 5108 2018 5145 vos
2062 5093 2252 5146 mulie-

708 5185 794 5236 res
820 5184 1036 5245 sedetis,
1067 5182 1255 5235 horum
1303 5195 1463 5247 opera
1507 5191 1714 5245 nentes,
1759 5182 1841 5233 lila
1887 5184 2090 5237 scilicet
2131 5184 2252 5236 dico

704 5288 824 5344 quae
869 5275 934 5328 ad
977 5290 1071 5328 vos
1113 5272 1480 5325 transmittunt
1531 5276 1688 5328 Seres
1727 5273 1794 5328 ad
1839 5275 2024 5328 molles
2077 5285 2251 5329 vestes

775 5459 889 5533 (89)
915 5457 1012 5533 Sic
1040 5457 1211 5533 codex
1260 5455 1501 5533 C_ombcf.
1549 5472 1671 5511 cum
1717 5458 1838 5512 aliis
1866 5465 2092 5527 quatuor
2125 5472 2257 5512 mss.

704 5528 926 5587 Αἴτιᾱίῑὶ
957 5531 1062 5599 εἰσὶ
1100 5528 1322 5599 μακραί.

778 5601 885 5667 (90)
924 5598 1070 5652 Unus
1102 5596 1516 5665 ιιιεξὲπιλείψει.
1548 5597 1827 5662 Aliquanto
1858 5609 1970 5664 post
2003 5613 2130 5652 mss.
2163 5613 2252 5652 sex

707 5672 862 5734 καλεῖ
890 5671 1035 5739 ἡμᾶς
1066 5671 1096 5738 ὴ
1130 5671 1336 5739 χέρσος.
1377 5669 1510 5720 Editi
1544 5668 1686 5736 ἡμᾶς
1715 5669 1746 5737 ἡ
1779 5668 2016 5737 ἤπειρος.

783 5741 890 5811 (9i)
935 5739 1083 5811 Regii
1124 5741 1332 5799 tertius,
1374 5740 1589 5809 quintus
1619 5749 1672 5793 et
1702 5748 1918 5791 octavus
1952 5754 2070 5792 cum
2102 5739 2249 5792 Coll).

2355 4545 2599 4606 στοῦντες
2632 4544 2705 4613 τῷ
2747 4543 2940 4612 Παύλῳ
2974 4543 3096 4612 περὶ
3138 4541 3236 4610 τῆς
3287 4538 3427 4591 κατὰ
3468 4539 3564 4610 τὴν
3613 4543 3906 4595 ἀνάστασιν

2348 4633 2698 4694 ἀλλοιώσεως,
2733 4631 2962 4702 ὁρῶντες
3009 4631 3175 4683 πολλὰ
3204 4630 3308 4682 τῶν
3343 4630 3536 4699 ἀερίων
3570 4631 3668 4693 τὰς
3695 4633 3904 4700 μορφὰς

2353 4724 2779 4797 μεταϐάλλοντα;
2826 4723 3011 4775 Ὀποῖα
3071 4724 3162 4776 καὶ
3218 4723 3342 4791 περὶ
3389 4723 3479 4774 τοῦ
3537 4723 3762 4775 Ἰνδικοῦ
3800 4723 3903 4791 (91)

2353 4819 2626 4886 σκώληκος
2656 4817 2938 4887 ἱστορεῖται
2963 4815 3054 4869 τοῦ
3086 4816 3445 4886 κερασφόρου·
3471 4815 3548 4878 ὃς,
3575 4817 3655 4877 εἰς
3681 4817 3903 4884 κάμπην

2351 4907 2419 4959 τὰ
2443 4907 2633 4976 πρῶτα
2657 4907 2983 4977 μεταϐαλὼν,
3006 4905 3122 4960 εἶτα
3151 4906 3348 4977 προῖὼν
3372 4907 3654 4977 βομϐυλιὸς
3680 4907 3899 4972 γίνεται·

2353 5002 2445 5053 καὶ
2474 5001 2590 5053 οὑδὲ
2617 5003 2704 5053 ἐπὶ
2730 4999 2929 5069 ταύτης
2960 5001 3169 5052 ἵσταται
3204 4998 3304 5068 τῆς
3345 4999 3570 5069 μορφῆς,
3609 4996 3746 5049 ἀλλὰ
3776 4999 3902 5068 χαύ-

2354 5111 2461 5156 νοις
2491 5094 2584 5146 καὶ
2612 5093 2832 5145 πλατέσι
2885 5093 3133 5153 πετάλοις
3175 5091 3586 5162 ὑποπτεροῦται.
3626 5090 3794 5144 Ὅταν
3817 5087 3904 5144 οὖν

2353 5184 2650 5255 καθέζησθε
2683 5186 2777 5255 τὴν
2806 5184 3005 5237 τούτων
3041 5184 3298 5251 ἐργασίαν
3335 5182 3817 5252 ἀναπηνιζόμεναι,
3851 5185 3901 5234 αἱ

2349 5280 2620 5347 γυναῖκες,
2649 5277 2716 5330 τὰ
2743 5279 2952 5347 νήματα
2981 5275 3088 5346 (92)
3118 5276 3277 5344 λέγω,
3305 5275 3338 5328 ἃ
3368 5273 3668 5343 πέμπουσιν
3701 5277 3830 5344 ὑμῖν
3855 5276 3904 5327 οί

2363 5461 2598 5513 secundo
2631 5460 2722 5513 τοῦ
2767 5457 3003 5515 Ἰνδικοῦ.
3041 5459 3177 5515 Editi
3207 5477 3325 5514 cum
3357 5475 3461 5512 uno
3492 5460 3775 5513 autaitero
3803 5478 3901 5514 ms.

2359 5530 2450 5582 τοῦ
2480 5531 2658 5584 Ἰνδοῦ.
2685 5535 2810 5596 Qua?
2845 5533 3086 5598 leguntur
3105 5535 3167 5586 de
3193 5545 3369 5582 verme
3401 5531 3487 5581 illo
3513 5533 3650 5595 apud
3674 5532 3902 5598 Ambro-

2361 5602 2495 5653 sium
2530 5615 2583 5654 et
2616 5602 2749 5668 apud
2789 5601 3144 5666 Eustathium,
3172 5602 3376 5656 mendis
3401 5616 3501 5653 non
3533 5613 3741 5656 carent.
3765 5597 3903 5672 Lege

2358 5669 2514 5724 Pra‘f.
2549 5688 2690 5724 num.
2723 5671 2810 5723 28.

2431 5688 2514 5723 TI.
2549 5688 2690 5725 num.
2723 5688 2810 5723 ΖΗ.

2430 5742 2538 5810 (92;
2576 5740 2650 5794 Ita
2686 5757 2775 5795 sex
2819 5754 2944 5794 mss.
2985 5740 3118 5794 Editi
3160 5739 3226 5792 τὰ
3253 5742 3462 5811 νήματα
3498 5737 3550 5791 ἆ.
