4092 6318
153 387 269 441 185

1247 377 1538 435 HOMlLlA
1575 376 1688 432 Vill
1731 376 1795 430 ΙΝ
1841 371 2336 429 HEXAEMERON.

3299 370 3398 426 188

149 504 338 573 διῆρες
388 501 521 571 πρὸς
577 501 673 572 τὴν
724 501 831 553 τῶν
888 497 1143 570 μαλακῶν
1202 497 1512 568 ἐνδυμάτων
1571 511 1726 547 κατα-

1843 492 2265 552 concinnandas,
2298 498 2407 541 tum
2452 484 2698 540 animalis
2752 485 2910 556 hujus
2949 485 3298 547 mulationem
3343 484 3396 538 in

152 595 386 664 σκευὴν,
423 593 760 664 μεμνημέναι
793 592 892 661 τῆς
936 590 1076 643 κατά
1108 590 1167 642 τὸ
1215 588 1353 654 ζῶον
1381 587 1537 640 τοῦτο
1569 603 1736 656 μετα-

151 684 348 754 ϐολῆς,
396 686 594 756 ἐναργῆ
636 685 937 754 λαμϐάνετε
982 683 1080 753 τῆς
1126 681 1466 742 ἀναστάσεως
1508 678 1736 740 ἔννοιαν,

155 780 257 832 καὶ
285 778 358 850 μὴ
395 779 670 831 ἀπιστεῖτε
705 777 812 846 (95)
854 778 919 846 τῇ
954 774 1160 844 ἀλλαγῇ
1199 773 1264 842 ἢν
1303 770 1514 833 Παῦλος
1567 771 1738 824 ἅπασι

157 870 677 940 κατεπαγγέλλεται.
724 869 882 922 Ἀλλά
928 870 1035 940 γὰρ
1077 865 1399 934 αἰσθάνομαι
1439 863 1533 915 τοῦ
1576 862 1738 929 λόγου

155 964 262 1034 τὴν
311 962 646 1034 συμμετρίαν
683 961 1038 1022 ὲκὸαίνοντος.
1071 960 1234 1011 Ὅταν
1291 957 1388 1027 μὲν
1434 951 1525 1008 οὖν
1564 953 1738 1007 ἀπίδω

156 1053 302 1123 πρὸς
337 1052 396 1104 τὸ
433 1051 632 1122 πλῆθος
676 1051 783 1103 τῶν
826 1049 1147 1120 εἰρημένων,
1196 1047 1300 1112 ἔξω
1348 1047 1581 1116 ἐμαυτὸν
1626 1042 1738 1113 ὁρῶ

152 1144 256 1196 τοῦ
307 1145 501 1214 μέτρου
539 1144 866 1215 φερόμενονο
908 1142 1032 1193 ὅταν
1064 1139 1121 1193 δὲ
1157 1140 1317 1192 πάλιν
1357 1140 1488 1210 πρὸς
1524 1137 1583 1190 τὸ
1618 1153 1737 1189 ποι-

157 1236 314 1288 κίλον
340 1235 436 1305 τῆς
467 1235 523 1288 ὲν
553 1237 662 1297 τοῖς
705 1233 1146 1303 δημιουργήμασι
1187 1230 1376 1300 σοφίας
1424 1227 1733 1297 ἀποϐλέψω,

155 1325 284 1377 οὐδὲ
312 1322 507 1396 ἦρχθαι
541 1324 742 1394 νομίζω
785 1323 882 1393 τῆς
930 1322 1251 1393 διηγήσεως.
1287 1321 1438 1390 ’Ἅμα
1470 1318 1525 1371 δὲ
1555 1319 1646 1370 καὶ
1676 1319 1737 1370 τὸ

161 1419 562 1487 παρακατέχειν
591 1417 732 1486 ὑμᾶς
760 1414 851 1466 ἐπὶ
877 1413 1057 1466 πλεῖον
1084 1413 1182 1465 οὐκ
1211 1412 1499 1482 ἄχρηστον.
1532 1408 1594 1460 Τί
1628 1408 1736 1480 γὰρ

157 1509 226 1562 ἄν
257 1526 342 1571 τις
390 1509 482 1562 καὶ
522 1510 663 1559 ποιοῖ
703 1506 793 1559 τὸν
853 1506 1014 1576 μέχρι
1069 1506 1166 1575 τῆς
1219 1503 1456 1573 ἑσπέρας
1502 1500 1732 1570 χρόνον;

156 1601 275 1653 Ούκ
302 1599 605 1666 ἐπείγουσιν
652 1597 795 1668 ὑμᾶς
841 1599 891 1649 oi
934 1598 1286 1664 ἑστιάτορες·
1332 1594 1431 1645 οὐκ
1478 1591 1733 1662 ἀναμένει

157 1674 414 1761 ὑμᾶς’τὰ
464 1689 758 1760 συμπόσια.
791 1688 975 1752 Ὅθεν,
1027 1688 1074 1739 εἰ
1113 1687 1290 1749 δοκεῖ,
1328 1687 1393 1755 τῇ
1446 1684 1732 1753 σωματικῇ

154 1781 385 1851 νηστεία
416 1782 494 1844 είς
528 1780 624 1851 τὴν
649 1780 753 1834 τῶν
793 1779 978 1850 ψυχῶν
1023 1776 1359 1848 εὐφροσύνην
1410 1773 1735 1844 ἀποχρησώ-

159 1873 324 1944 μεθα.
373 1873 637 1937 Πολλάκις
690 1873 1038 1943 ὑπηρετήσας
1089 1872 1153 1938 τῇ
1211 1868 1374 1940 σαρκὶ
1425 1868 1560 1939 πρὸς
1604 1867 1726 1921 ἀπό-

1840 1868 1960 1922 visti
2030 1867 2183 1922 carni
2257 1865 2324 1921 ad
2408 1866 2737 1936 voluptatem
2798 1867 3170 1935 capiendam:

153 1965 371 2029 λαυσιν,
402 1967 636 2036 σήμερον
662 1968 727 2035 τῇ
763 1964 1007 2034 διακονίᾳ
1042 1963 1375 2032 παράμεινον
1408 1961 1506 2031 τῆς
1534 1961 1728 2032 ψυχῆς.

151 2059 632 2126 Κατατρύερησον
666 2055 771 2109 τοῦ
800 2058 1038 2124 Κυρίου,
1069 2052 1166 2106 καὶ
1199 2052 1376 2106 δώσει
1408 2053 1515 2123 (94)
1541 2068 1638 2106 σοι
1663 2053 1733 2106 τὰ

153 2147 452 2217 αἰτήματα
481 2145 588 2215 τῆς
613 2147 854 2214 καρδίας
877 2163 1013 2198 σου.
1041 2145 1103 2198 Ei
1129 2143 1477 2212 φιλόπλουτος
1504 2138 1572 2206 εί,
1593 2142 1732 2212 ἔχεις

153 2239 390 2293 πλοῦτον
427 2239 812 2309 πνευματικόν·
856 2239 931 2291 Τὰ
961 2237 1212 2305 κρίματα
1237 2235 1456 2303 Κυρίου
1492 2235 1561 2286 τὰ
1587 2235 1731 2299 ἁλη-

148 2331 312 2396 θινὰ,
369 2331 440 2386 τὰ
482 2331 899 2401 δεδικαιωμένα
943 2327 1288 2388 ἐπιτοαυτὸ,
1324 2327 1397 2378 τὰ
1449 2326 1731 2392 ἐπιθυμη-

149 2421 228 2475 τὰ
265 2420 378 2491 (95)
408 2421 560 2490 ὑπὲρ
582 2422 837 2490 χρυσίον
867 2419 963 2473 καὶ
997 2419 1167 2472 λίθον
1193 2417 1385 2485 τίμιον
1408 2417 1622 2468 πολύν.
1664 2416 1729 2468 Et

149 2513 553 2575 ἀπολαυστικὸς
582 2513 674 2564 καὶ
705 2511 998 2581 φιλήδονος,
1023 2509 1165 2580 ἔχεις
1188 2508 1255 2562 τὰ
1283 2509 1438 2578 λόγια
1469 2509 1561 2562 τοῦ
1595 2508 1728 2562 Θεοῦ

148 2603 232 2671 τῷ
258 2602 356 2671 τὴν
389 2599 756 2671 πνευματικὴν
785 2600 1035 2670 αἴσθησιν
1069 2599 1363 2672 ὲῤῥωμένῳ
1399 2601 1732 2669 γλυκύτερα

151 2692 305 2744 ὄντα
329 2691 480 2758 ὑπὲρ
509 2692 646 2760 μέλι
690 2692 785 2745 καὶ
817 2693 1044 2760 κηρίον.
1081 2693 1203 2745 Ἐἀν
1239 2692 1379 2762 ὑμᾶς
1411 2689 1606 2756 διαφῶ,
1635 2689 1729 2742 καὶ

150 2782 392 2835 διαλύσω
416 2782 506 2834 τὸν
539 2782 810 2851 σύλλογον,
847 2785 893 2836 oi
931 2784 1028 2853 μὲν
1077 2783 1169 2835 ἐπὶ
1206 2784 1332 2846 τοὺς
1371 2780 1570 2843 κύϐους
1601 2780 1730 2850 δρα-

155 2873 385 2943 μοῦνται
421 2873 550 2944 (96).
578 2875 766 2943 Ὅρκοι
799 2875 933 2937 ἐκεῖ,
979 2873 1073 2925 καὶ
1128 2870 1445 2940 φιλονεικίαι
1474 2867 1725 2938 χαλεπαὶ,

151 2967 250 3018 καὶ
296 2966 729 3036 φιλοχρηματίας
778 2965 982 3028 ὠδῖνες.
1010 2963 1226 3033 Δαίμων
1279 2961 1612 3030 παρέστηκε,
1643 2959 1730 3013 διὰ

149 3057 263 3110 τῶν
303 3056 740 3127 κατεστιγμένων
761 3057 960 3110 ὀστέων
987 3055 1084 3126 τὴν
1116 3054 1309 3125 μανίαν
1337 3052 1604 3115 ἐξάπτων,
1635 3053 1728 3107 καὶ

148 3147 221 3200 τὰ
252 3147 394 3200 αύτά
440 3149 698 3218 χρήματα
733 3147 865 3218 πρὸς
896 3148 1153 3215 ἑκάτερον
1191 3145 1353 3215 μέρος
1397 3143 1724 3213 μετατιθεὶς,

1841 582 2156 636 memoriam
2229 589 2567 643 revocantes,
2641 577 2980 632 manifestam
3039 577 3399 632 resurrectio-

1841 674 1924 728 nis
1957 675 2227 727 notionem
2274 671 2575 740 accipiatis,
2611 684 2780 739 neque
2821 671 2977 725 tidem
3020 669 3070 723 ei
3111 667 3397 723 mutationi

1839 780 1998 834 quam
2063 763 2260 818 Paulus
2316 762 2567 833 omnibus
2612 764 2914 824 annuntiat,
2967 762 3264 830 denegatis.
3305 762 3400 814 At-

1838 858 1927 925 qui
1982 857 2284 911 orationem
2339 870 2512 909 meam
2565 855 2779 908 modum
2831 853 3090 909 excedere
3150 854 3396 908 adverto.

1840 949 1971 1004 Cum
2007 949 2168 1018 igitur
2189 949 2254 1001 ad
2289 963 2475 1002 eorum
2505 963 2624 1017 qua:
2663 947 2801 1002 dicta
2850 955 2974 1000 sunt
3018 947 3224 1014 copiam
3274 961 3399 1000 ocu-

1839 1040 1918 1094 los
1949 1039 2198 1107 coniicio,
2230 1037 2365 1091 ultra
2401 1038 2533 1093 lines
2581 1046 2637 1093 et
2675 1038 2887 1091 modum
2913 1036 3040 1090 ferri
3084 1053 3168 1092 me
3208 1037 3394 1094 video:

1838 1146 1959 1185 cum
2000 1139 2178 1184 autem
2217 1129 2412 1183 iterum
2453 1128 2518 1182 ad
2547 1129 2826 1196 sapientia:
2866 1128 2918 1180 in
2948 1129 3177 1195 opiliciis
3215 1127 3395 1197 splen-

1838 1223 2107 1277 descentis
2161 1221 2484 1276 varietatem
2530 1219 2779 1288 respicio,
2836 1233 2902 1273 ne
2953 1219 3237 1287 inccepisse
3278 1220 3400 1289 qui-

1838 1316 1956 1367 dem
2008 1313 2374 1366 narrationem
2426 1310 2685 1364 arbitror.
2746 1310 2924 1378 Atquc
2980 1309 3138 1364 etiam
3199 1309 3400 1364 diutius

1836 1403 2076 1458 detinere
2133 1418 2226 1457 vos
2283 1419 2389 1459 non
2436 1403 2599 1458 fuerit
2643 1401 2848 1456 inutile.
2898 1400 3034 1468 Quid
3085 1402 3225 1456 enim
3279 1402 3401 1471 quis

1834 1497 1900 1548 ab
1933 1497 2034 1550 hoc
2065 1507 2303 1565 tempore
2331 1498 2396 1550 ad
2436 1511 2608 1566 usque
2645 1509 2925 1564 vesperam
2966 1494 3143 1549 facere
3190 1494 3401 1562 possit?

1836 1586 1942 1642 Vos
1986 1603 2090 1642 non
2145 1597 2337 1657 urgent
2376 1590 2776 1649 convivatores,
2830 1602 2932 1641 non
2980 1602 3071 1641 vos
3128 1597 3401 1656 compota-

1838 1681 2013 1736 tiones
2041 1691 2375 1749 exspectant.
2408 1679 2582 1745 Unde,
2614 1679 2661 1734 si
2691 1681 2919 1742 videtur,
2957 1679 3222 1750 corporali
3256 1679 3398 1749 jeju-

1837 1775 1928 1830 nio
1969 1775 2034 1829 ad
2074 1773 2456 1828 exitilarandas
2502 1775 2710 1827 animas
2753 1782 2987 1828 utemur.
3034 1773 3185 1843 Smpe
3238 1774 3400 1829 inser-

3243 1868 3401 1922 hodie

1832 1956 2027 2010 animte
2057 1956 2264 2010 servire
2299 1970 2602 2026 persevera.
2652 1955 2916 2011 Delectare
2960 1957 3011 2011 in
3059 1955 3304 2022 Domino,
3351 1968 3400 2012 et

1833 2048 1974 2101 dabit
2010 2048 2100 2101 tibi
2139 2048 2412 2117 petitiones
2456 2049 2627 2102 cordis
2655 2048 2729 2101 tui
2762 2049 2803 2102 ⁷.
2840 2048 2895 2103 Si
2945 2049 3252 2104 divitiarum
3287 2060 3400 2104 stu-

1834 2141 2018 2196 diosus
2062 2156 2145 2205 es,
2199 2141 2366 2196 habes
2418 2140 2634 2194 divitias
2663 2141 3008 2210 spirituales:
3039 2141 3254 2196 Iudicia
3291 2142 3400 2197 Do-

1835 2232 1967 2284 mini
1992 2249 2131 2295 vera,
2157 2232 2454 2301 justiﬁcala
2483 2232 2538 2284 in
2582 2231 2808 2299 idipsum
2831 2249 2851 2286 :
2894 2233 3267 2288 desiderabilia
3310 2251 3399 2288 su-

1828 2337 1924 2388 per
1958 2339 2147 2376 aurum
2189 2335 2235 2376 et
2281 2324 2504 2392 lapidem
2542 2324 2824 2390 pretiosum
2852 2326 3075 2378 multum
3104 2327 3144 2382 ⁸.
3181 2327 3236 2382 Si
3266 2328 3401 2383 doli-

1834 2413 1938 2468 ciis
1983 2416 2190 2470 deditus
2234 2430 2313 2479 es,
2360 2426 2415 2470 et
2457 2415 2746 2486 voluptatis
2786 2431 2972 2470 amans
3009 2432 3022 2468 :
3065 2417 3155 2470 tibi
3201 2428 3398 2487 praesto

1835 2517 1961 2559 sunt
1991 2506 2083 2560 Dei
2122 2508 2359 2576 eloquia,
2405 2523 2524 2576 quae
2571 2510 2684 2562 viro
2727 2508 3033 2576 Spiritnales
3075 2524 3266 2565 sensus
3307 2526 3397 2565 sa-

1829 2610 1927 2650 nos
1978 2596 2194 2650 habenti
2250 2598 2490 2650 dulciora
2559 2608 2684 2651 sunt
2730 2615 2883 2667 super
2927 2598 3028 2652 mel
3067 2609 3117 2653 et
3149 2601 3323 2669 favum
3354 2602 3396 2657 ’.

1829 2686 1887 2742 Si
1943 2688 2197 2742 dimisero
2250 2703 2366 2752 vos,
2419 2703 2481 2741 ac
2536 2689 2849 2742 concionem
2907 2690 3222 2756 dissolvcro,
3276 2704 3399 2748 sunt

1828 2778 1917 2847 qui
1944 2779 2008 2832 ad
2035 2787 2268 2834 tesseras
2301 2786 2542 2834 current.
2567 2778 2880 2834 Juramenta
2922 2792 3046 2835 sunt
3087 2782 3218 2847 illic,
3271 2800 3396 2854 gra-

1827 2886 2026 2940 vesque
2079 2872 2473 2937 contentiones,
2529 2882 2584 2928 et
2642 2873 2882 2929 avaritia:
2942 2875 3165 2930 stimuli.
3241 2878 3396 2932 Astat

1828 2964 2034 3020 daemon
2088 2979 2184 3034 per
2240 2980 2362 3021 ossa
2414 2977 2734 3036 compuncta
2787 2967 3024 3023 furorem
3070 2971 3394 3036 accendens,

1833 3065 1889 3110 et
1921 3058 2135 3111 easdem
2170 3057 2428 3128 pecunias
2469 3060 2536 3112 ad
2584 3069 2874 3128 utramque
2917 3069 3123 3129 partem
3163 3063 3395 3117 transle-

1829 3163 1974 3203 rens.
2004 3147 2159 3203 Modo
2205 3150 2358 3204 ell‘ert
2403 3151 2546 3203 hunc
2600 3151 2850 3217 victoria,
2897 3151 3056 3207 modo
3103 3152 3175 3207 illi
3228 3155 3396 3210 tristi—

148 3241 249 3294 νῦν
297 3240 487 3292 τοῦτον
539 3239 774 3308 ἐπαίρων
819 3241 883 3307 τῇ
933 3237 1086 3309 νίκῃ,
1144 3236 1377 3304 κάκείνῳ
1428 3238 1726 3307 κατήφειαν

1831 3241 1956 3294 tiam
1984 3253 2130 3296 creat
2155 3258 2168 3306 ;
2207 3257 2395 3296 rursus
2419 3251 2596 3295 autem
2627 3241 2773 3296 illum
2804 3245 3227 3314 superbientem,
3252 3247 3394 3303 hunc

150 3332 420 3402 ἐμποιῶν,
453 3330 612 3382 πάλιν
661 3329 716 3380 δὲ
763 3331 965 3381 ἐκεῖνον
1012 3327 1320 3398 γαυριῶντα
1359 3327 1592 3390 δεικνὺς,
1636 3329 1728 3381 καὶ

147 3421 341 3476 τοῦτον
377 3417 824 3491 κατῃσχυμμένον
852 3418 982 3490 (97).
1017 3418 1080 3470 Τί
1112 3417 1301 3486 ὄφελος
1340 3416 1620 3488 νηστεύειν
1650 3417 1728 3488 τῷ

151 3513 391 3584 σώματι,
419 3510 516 3580 τὴν
549 3510 605 3562 δὲ
639 3509 812 3581 ψυχὴν
846 3511 1050 3582 μυρίων
1086 3508 1269 3562 κακῶν
1307 3507 1724 3578 ὲμπεπλῆσθαι;

160 3606 221 3658 '0
251 3605 328 3674 μὴ
357 3601 622 3667 κυϐεύων,
654 3603 846 3674 σχολὴν
872 3603 926 3656 δὲ
958 3601 1130 3664 ἄλλως
1165 3601 1333 3668 ἄγων,
1369 3600 1421 3651 τί
1457 3601 1517 3652 ού
1566 3599 1728 3668 φθέγ-

147 3712 306 3763 γεται
351 3693 459 3746 τῶν
496 3696 772 3764 ματαίων;
821 3693 874 3745 τί
911 3693 1009 3745 οὐκ
1063 3691 1249 3744 ἀκούει
1298 3690 1406 3743 τῶν
1468 3689 1722 3752 ἀτόπων;

145 3787 323 3858 Σχολὴ
345 3788 455 3862 γὰρ
483 3789 608 3842 ἄνευ
632 3786 792 3854 φόϐου
823 3785 954 3840 Θεοῦ
984 3783 1244 3855 πονηρίας
1271 3781 1585 3845 διδάσκαλος
1613 3785 1724 3846 τοῖς

146 3879 571 3952 ἀκαιρουμένοις
609 3876 743 3928 ἐστὶ.
779 3878 932 3947 Τάχα
982 3876 1078 3946 μὲν
1118 3871 1210 3930 οὖν
1238 3893 1290 3928 τι
1323 3874 1415 3927 καὶ
1451 3873 1638 3944 ὄφελος
1669 3877 1725 3929 ὲν

143 3973 259 4034 τοῖς
293 3969 607 4038 λεγομένοις
633 3969 921 4040 εὑρήσεται
949 3969 1087 4038 (98)·
1117 3970 1162 4021 εἰ
1190 3970 1245 4022 δὲ
1283 3969 1378 4040 μὴ,
1407 3968 1540 4023 ἀλλά
1571 3969 1632 4022 τό
1660 3986 1723 4038 γε

147 4062 222 4132 μὴ
271 4060 606 4131 ἁμαρτάνειν
654 4061 718 4113 ὲκ
763 4059 860 4131 τῆς
905 4058 1138 4112 ἐνταῦθα
1178 4061 1305 4129 ὑμῖν
1351 4059 1602 4130 ἀσχολίας
1631 4076 1725 4112 πε-

148 4153 376 4222 ρίεστιν.
405 4152 567 4205 ’Ὢστε
597 4152 658 4205 τὸ
686 4153 776 4205 ἐπὶ
794 4152 955 4205 πλέον
977 4152 1248 4223 κατέχειν,
1274 4154 1366 4205 ἐπὶ
1394 4152 1553 4204 πλέον
1578 4153 1723 4205 ἐστὶν

146 4246 291 4315 ὑμᾶς
312 4245 423 4298 τῶν
446 4246 628 4298 κακῶν
652 4244 958 4313 ὑπεξάγειν.
999 4245 1178 4298 Ἰκανά
1204 4245 1342 4316 [καὶ]
1373 4244 1439 4297 τὰ
1460 4246 1722 4316 εἰρημένα

145 4335 451 4405 εὐγνώμονι
481 4339 659 4406 κριτῇ,
695 4336 790 4388 ἐὰν
835 4336 905 4405 μή
947 4353 1030 4399 τις
1079 4335 1213 4406 πρὸς
1244 4335 1334 4386 τὸν
1374 4334 1596 4388 πλοῦτον
1625 4335 1721 4404 τῆς

146 4427 380 4488 κτίσεως
402 4427 700 4498 ἀποϐλέπῃ,
724 4426 858 4479 ἀλλὰ
887 4427 1021 4496 πρὸς
1049 4427 1107 4479 τὸ
1142 4427 1238 4497 τῆς
1265 4426 1538 4497 ἡμετέρας
1564 4427 1721 4479 δυνά-

147 4534 292 4588 μεως
327 4517 570 4580 ἀσθενὲς,
608 4519 701 4570 καὶ
732 4517 865 4588 πρὸς
891 4516 952 4569 τὸ
982 4515 1253 4585 αὔταρκες
1282 4519 1361 4579 είς
1382 4517 1718 4587 εὐφροσύνην

144 4608 250 4662 τῶν
286 4608 738 4679 συνεληλυθότων.
782 4610 844 4661 Ἦ
885 4609 956 4678 γῆ
1005 4610 1147 4678 ὑμᾶς
1186 4611 1306 4670 ταῖς
1337 4609 1560 4669 οἰκείαις
1591 4608 1716 4677 sia-

146 4716 299 4764 σταις
337 4701 447 4772 (99)
491 4699 838 4765 ἐδεξιώσατο·
896 4702 928 4770 ἡ
987 4700 1227 4754 Θάλασσα
1279 4703 1390 4763 τοῖς
1435 4699 1657 4770 ἰχθύσιν,
1688 4703 1717 4753 ὁ

145 4795 251 4865 ἀὴρ
277 4798 392 4857 τοῖς
422 4798 656 4866 πτηνοῖς.
697 4793 916 4864 Ἐτοίμη
952 4794 984 4861 ὴ
1014 4793 1205 4862 χέρσος
1247 4792 1483 4862 ὁμότιμα
1511 4793 1715 4856 τούτοις

143 4886 633 4952 ἀντεπιδείξασθαι.
677 4886 835 4940 Ἀλλά
868 4883 1023 4937 τοῦτο
1058 4883 1252 4954 μέτρον
1282 4884 1420 4936 ἔστω
1441 4885 1536 4954 τῆς
1562 4885 1715 4936 ἑωθι-

218 4999 240 5031 ⁷
263 4995 409 5052 Psal.
439 5011 623 5060 xxxvi,
655 4997 707 5049 4.
781 4995 802 5027 ⁸
831 4994 970 5048 Psal.
1003 5008 1156 5056 xvttt,
1187 4993 1272 5047 10.
1348 4995 1368 5025 ⁹
1410 4992 1540 5049 ibid.
1585 4995 1665 5052 ll.

213 5111 322 5181 (95)
369 5111 607 5182 Quatuor
640 5128 771 5166 mss.
816 5113 909 5164 καὶ
963 5111 1036 5182 μὴ
1089 5111 1376 5182 ἀπιστῆτε.
1416 5112 1555 5166 Editi
1588 5129 1709 5167 cum

147 5195 250 5233 uno
283 5181 589 5253 ant_altero
617 5197 733 5253 ms.
765 5184 858 5235 καὶ
890 5181 972 5253 μὴ
993 5184 1291 5237 ἀπιστεῖτε.
1326 5181 1446 5236 Mox
1475 5195 1712 5250 quatuor

149 5265 275 5320 mss.
308 5250 520 5314 Παῦλος
551 5251 704 5303 πᾶσι.
740 5250 1031 5305 Ειιίῑίςίιιη
1067 5254 1195 5315 Reg.
1227 5254 1416 5320 quinto
1445 5253 1631 5306 ἀπασι.

213 5319 326 5441 (94(
367 5321 438 5371 Ita
477 5323 622 5389 Regii
661 5322 864 5391 primus
890 5333 943 5375 et
965 5332 1146 5376 sextus
1178 5319 1408 5377 et’Colb.
1442 5325 1709 5379 secundus

217 5406 264 5441 m
324 5388 465 5441 .XX.
497 5389 637 5441 Editi
686 5406 812 5441 vero
856 5407 975 5441 cum
1011 5392 1189 5441 Regiis
1220 5396 1381 5441 tertio
1417 5406 1471 5441 et
1522 5404 1709 5441 oetam

149 5405 264 5443 eum
301 5388 465 5442 LXX.
497 5388 637 5444 Editi
663 5388 812 5443 'vero
856 5407 975 5444 cum
1011 5392 1189 5459 Regiis
1220 5396 1381 5446 tertio
1417 5406 1471 5445 et
1522 5404 1709 5449 octavo

147 5462 237 5545 ita}
266 5459 379 5545 ἔφη
419 5476 520 5511 σοι.
555 5460 684 5532 Reg.
713 5462 930 5530 quintus
954 5463 1367 5531 κατατρύφησον
1386 5463 1465 5535 τῷ
1495 5463 1704 5536 Κυρίῳ,

149 5532 235 5583 καὶ
265 5532 428 5583 δώσει
464 5546 575 5582 σου.

216 5602 325 5668 (95)
365 5603 453 5671 Sic
486 5600 647 5652 ambo
674 5602 807 5671 Duc.
835 5609 888 5654 et
917 5601 1002 5654 alii
1032 5611 1263 5671 quatuor
1285 5618 1405 5655 cum
1439 5602 1600 5657 LXX.
1636 5607 1705 5657 At

152 5670 268 5722 e'liti
319 5670 708 5740 ἐπιθυμητικά.
753 5671 873 5724 Mox
920 5670 1060 5725 editi
1096 5672 1489 5734 ἀπολαυστικός
1541 5691 1622 5738 τις
1656 5673 1708 5729 εἴ

153 5741 258 5793 καί.
293 5741 405 5800 Illa,
437 5736 519 5804 τις
551 5736 620 5807 εἴ,
649 5742 917 5795 dt'suntjn
953 5757 1043 5794 sex
1083 5759 1212 5796 mss.

217 5812 324 5880 (96)
370 5810 458 5866 Sic
501 5816 738 5880 quinque
770 5829 895 5865 mss.
945 5812 1082 5866 Editi
1118 5827 1239 5866 cum
1281 5812 1432 5867 Colb.
1465 5815 1703 5870 secundo

1828 3349 1959 3389 vero
2008 3334 2415 3389 erubescentem
2468 3333 2663 3389 reddit.
2719 3334 2855 3402 Quid
2903 3339 3141 3406 prodest,
3190 3353 3393 3408 quaeso,

1827 3440 2054 3493 corpore
2099 3425 2364 3495 jejunare,
2408 3428 2642 3480 animam
2701 3441 2828 3480 vero
2875 3428 3176 3483 innumeris
3233 3431 3392 3485 malis

1831 3517 2081 3571 refertam
2123 3517 2285 3572 esse?
2325 3519 2424 3582 Qui
2467 3533 2595 3572 vero
2642 3517 2858 3572 tesseris
2901 3532 3006 3570 non
3050 3519 3203 3581 ludit,
3253 3519 3389 3572 alias

1826 3617 2003 3660 autem
2047 3609 2213 3661 otium
2252 3609 2380 3677 agit,
2431 3608 2557 3675 quid
2605 3623 2710 3663 non
2760 3607 3002 3678 loquitur
3045 3611 3214 3664 vani?
3258 3611 3388 3680 quid

1827 3698 2044 3752 absurdi
2113 3714 2218 3753 non
2275 3701 2583 3756 auscultat?
2637 3701 2770 3757 Nam
2821 3705 3014 3768 otium,
3059 3702 3154 3758 Dei
3196 3706 3391 3761 titnoro

1824 3787 2160 3855 destitutum,
2185 3789 2273 3861 iis,
2319 3794 2410 3861 qui
2452 3802 2691 3861 tempore
2727 3794 2802 3847 uti
2852 3808 2957 3848 non
3005 3805 3222 3861 norunt,
3275 3811 3388 3849 ma-

1825 3881 1992 3950 gister
2019 3892 2103 3936 est
2131 3883 2433 3951 pravitatis.
2471 3882 2742 3938 For-lassis
2793 3884 2953 3953 igitur
3001 3884 3176 3950 aliqua
3222 3886 3384 3938 etiant

1828 3973 2035 4027 utilitas
2074 3989 2139 4027 ex
2171 3974 2237 4027 iis
2270 3989 2388 4042 qua:
2413 3976 2686 4040 dicuntur,
2719 3975 3058 4044 percipienda
3082 3975 3234 4030 vobis
3263 3987 3383 4032 est:

1825 4063 1907 4116 sin
1938 4064 2135 4129 minus,
2164 4061 2356 4118 saltem
2388 4063 2514 4119 licet
2549 4065 2701 4117 vobis
2734 4078 2830 4132 per
2865 4074 3183 4131 praesentem
3227 4082 3386 4118 occu-

1822 4153 2089 4221 pationem
2119 4169 2222 4209 non
2262 4169 2508 4224 peccare.
2545 4154 2722 4220 Quare
2756 4155 2956 4209 diutius
2983 4170 3077 4209 vos
3121 4156 3383 4217 detinere,

1821 4254 1906 4298 est
1930 4246 2131 4300 diutius
2163 4261 2253 4302 vos
2303 4262 2332 4301 a
2385 4247 2595 4302 delictis
2637 4263 2908 4304 amovere.
2960 4250 3214 4303 Attamen
3264 4263 3382 4317 qua:

1823 4349 2118 4394 memorata
2176 4349 2321 4403 sunt,
2383 4340 2516 4395 satis
2571 4353 2694 4397 sunt
2739 4357 2893 4410 aequo
2947 4342 3279 4401 aestimaturi,
3337 4341 3382 4394 si

1826 4431 1989 4483 modo
2022 4445 2128 4484 non
2161 4430 2416 4500 respiciat
2444 4432 2565 4502 quis
2593 4434 2657 4486 ad
2690 4431 2905 4486 divitias
2929 4433 3235 4499 creationis,
3288 4435 3382 4487 sed

1821 4519 1886 4572 ad
1930 4531 2235 4574 nostrarum
2285 4522 2480 4575 virium
2521 4520 2963 4584 imbecillitatem,
2993 4533 3047 4577 et
3078 4523 3144 4576 ad
3170 4537 3232 4578 ea
3263 4538 3383 4591 quae

1825 4610 2114 4678 voluptatis
2172 4627 2302 4680 ergo
2362 4611 2803 4667 convenientibus
2845 4611 3090 4667 sullicere
3135 4623 3377 4682 possunt.

1822 4700 2045 4770 Excepit
2092 4719 2189 4757 vos
2228 4703 2514 4757 continens
2551 4705 2784 4773 propriis
2835 4705 3182 4774 gerntinibus,
3229 4721 3380 4762 mare

1820 4793 2077 4858 piscibus.
2108 4809 2200 4848 aer
2229 4795 2554 4850 volatilibus.
2601 4796 2796 4850 Parata
2825 4804 2907 4849 est
2942 4801 3084 4849 terra
3123 4810 3218 4851 sua
3263 4798 3379 4850 vice

1821 4887 1888 4942 iis
1917 4901 2019 4941 non
2049 4887 2274 4956 imparia
2315 4889 2591 4944 exhibere.
2636 4888 2740 4943 Sed
2786 4888 2875 4943 hic
2918 4888 3041 4944 linis
3082 4891 3380 4960 modusque

1809 5115 2253 5190 διαδραμοῦνται.
2288 5119 2402 5190 Mox
2434 5118 2604 5190 editio
2647 5119 2809 5173 Basil.
2861 5128 2915 5172 et
2967 5119 3203 5190 quinque
3243 5137 3372 5177 mss.

1808 5186 2013 5262 δαίμων
2034 5206 2186 5262 πῖαρ.
2227 5188 2402 5262 Editio
2434 5186 2604 5262 Paris.
2637 5190 2842 5262 δαίμων
2868 5208 2950 5244 τε.

1881 5258 1989 5324 (97)
2032 5257 2168 5310 Editi
2202 5274 2320 5310 cum
2353 5257 2508 5313 Coll).
2547 5257 2780 5315 sccumlo
2810 5271 2863 5312 et
2895 5275 3017 5315 cum
3050 5260 3180 5328 Reg.
3211 5263 3370 5315 tertio

1808 5327 2041 5400 δεικνύς,
2077 5330 2321 5400 κάκεῖνον
2343 5345 2501 5400 κατῃ.
2543 5332 2641 5382 Alii
2675 5340 2781 5383 tres
2814 5346 2941 5384 mss.
2978 5327 3212 5384 melioris
3238 5342 3376 5387 unus

1805 5397 2015 5462 δεικνὺς
2051 5399 2379 5472 καὲητοῦτον.
2419 5397 2506 5472 s11.
2520 5403 2607 5472 tim
2641 5401 2809 5454 codex
2830 5401 3069 5455 Contbel‘.
3095 5400 3370 5472 cumReg.

1804 5481 1994 5521 Octavo
2024 5471 2208 5524 κακῶν
2241 5470 2630 5538 ἐμπίπλασθαι.

1878 5541 1987 5610 (98)
2025 5543 2150 5610 Reg.
2186 5543 2402 5610 quintus
2447 5541 2727 5611 εὑρήσετε.
2775 5538 2926 5594 Colb.
2970 5543 3240 5598 secundus
3277 5543 3370 5598 εὑ·-

1809 5611 2072 5680 ρίσκεται.

1879 5682 1992 5755 (99)
2035 5682 2158 5755 Reg.
2184 5681 2389 5750 primus
2419 5679 3058 5755 roig‘oixslomﬁldarox.
3084 5683 3371 5755 Aliquanto

1807 5765 1926 5820 post
1964 5753 2113 5808 Colb.
2149 5756 2416 5809 secundus
2449 5750 2656 5816 τούτοις
2685 5751 2805 5806 τινὰ
2835 5753 3023 5806 ἀντεπ.
