4092 6318
699 317 799 373 187

2005 324 2059 378 S.
2108 322 2347 379 BASlLll
2389 322 2603 379 MAGNI

3843 328 3927 381 183

694 447 814 490 esto
840 438 1084 490 matutini
1120 437 1276 493 istius
1322 438 1576 501 convivii,
1621 450 1678 494 ut
1728 455 1793 494 ne
1831 443 2052 497 satietas
2090 444 2252 498 nimia

2368 445 2452 514 θῆς
2489 445 2802 506 ἑστιάσεως,
2832 447 2915 496 ἵνα
2953 444 3025 515 μὴ
3069 447 3096 497 ὁ
3135 442 3487 515 ὑπερϐάλλων
3525 441 3693 514 κόρος
3731 443 3918 513 ἀμϐλυ-

697 526 998 581 hebetiores
1035 543 1128 582 vos
1158 529 1222 582 ad
1257 531 1589 598 veSpertinas
1615 533 1801 601 epulas
1837 533 1948 603 80
1973 542 2258 594 sumendas

698 617 914 672 cﬂiciat.
942 619 1110 674 Porro
1139 622 1228 690 qui
1266 638 1359 676 sua
1403 624 1676 678 creatione
1725 629 1904 679 omnia
1951 628 2255 698 complevit,

699 720 862 778 atque
896 711 946 764 in
993 713 1246 767 omnibus
1286 714 1565 782 perspicua
1607 715 1988 770 miraculorum
2037 733 2256 773 suorum

697 813 1050 857 monumenta
1107 807 1259 859 nobis
1309 806 1562 874 reliquit,
1620 807 1826 876 repleat
1874 810 2034 864 corda
2081 821 2260 866 vestra

695 909 840 958 omni
876 906 1056 959 lzrtitia
1085 908 1334 975 spiritali,
1375 910 1424 961 in
1459 907 1671 962 Christo
1724 903 1851 960 Jesu
1893 907 2116 960 Domino
2156 919 2252 958 nov

698 1006 832 1062 stro,
865 1000 946 1051 cui
982 1000 1146 1068 gloria
1177 1009 1231 1056 et
1261 1000 1542 1070 imperium
1572 1000 1624 1054 in
1656 998 1851 1054 sazcula
1918 997 2253 1053 saeculorum.

697 1094 887 1147 Amen.

1282 1333 1554 1389 HOMILIA
1597 1334 1686 1388 lX.

1251 1426 1324 1479 De
1357 1429 1711 1480 terrestribus.

776 1517 821 1568 l.
853 1515 1038 1581 Qualis
1075 1517 1223 1572 vobis
1266 1520 1526 1571 matutina
1569 1533 1875 1572 sermonum
1932 1532 2113 1571 mensa
2151 1519 2266 1570 visa

701 1608 822 1660 est?
884 1606 1011 1660 Mihi
1069 1609 1318 1676 equidem
1375 1610 1520 1661 venit
1579 1611 1629 1661 in
1686 1619 1913 1662 mentem
1967 1608 2264 1661 orationem

702 1711 873 1749 meam
907 1714 1026 1750 cum
1069 1699 1316 1765 pauperis
1366 1697 1642 1764 cujusdam
1691 1698 2052 1752 convivatoris
2102 1698 2266 1752 bene-

2362 531 2550 600 τέρους
2585 534 2726 603 ὑμᾶς
2753 535 2888 605 πρὸς
2915 537 3010 606 τὴν
3038 535 3143 589 τῶν
3170 536 3469 607 ἑσπερινῶν
3502 536 3815 588 ἀπόλαυσιν
3843 554 3928 587 κα-

2362 629 2624 701 ταστήσῃ.
2680 629 2737 681 Ὀ
2789 629 2845 681 δὲ
2897 630 2965 683 τὰ
3016 631 3189 683 πάντα
3239 629 3533 700 πληρώσας
3581 630 3688 699 τῆς
3751 629 3930 682 ἑαυτσῦ

2364 721 2609 785 κτίσεως,
2645 722 2738 773 καὶ
2771 724 2829 773 ἑν
2857 722 3020 773 πᾶσιν
3063 723 3192 792 ἡμῖν
3236 721 3340 774 τῶν
3387 723 3610 774 οἰκείων
3646 721 3933 790 θαυμάτων

2361 811 2562 883 ἐναργῆ
2618 812 2686 864 τὰ
2737 812 3102 883 ὑπομνήματα
3157 811 3485 876 καταλιπὼν,
3532 811 3835 882 πληρούτω
3868 811 3933 878 (1)

2365 902 2516 972 ὑμῶν
2552 902 2649 966 τάς
2692 904 2912 974 καρδίας
2949 905 3129 974 πάσης
3175 904 3507 974 εὐφροσύνης
3551 905 3936 974 πνευματικῆς

2365 995 2421 1046 ἑν
2454 997 2668 1066 Χριστῷ
2709 997 2879 1068 Ἰησοῦ
2911 998 2987 1067 τῷ
3018 999 3204 1070 Κυρίῳ
3234 997 3408 1068 ἡμῶν,
3441 992 3486 1064 ᾧ
3519 1000 3550 1068 ἡ
3597 999 3730 1062 δόξα
3770 999 3864 1052 καί
3885 998 3937 1049 τὸ

2371 1088 2567 1158 κράτος
2599 1093 2676 1152 είς
2703 1091 2826 1153 τοὺς
2850 1091 3048 1152 αἰῶνας
3069 1090 3174 1143 τῶν
3199 1089 3425 1143 αἰώνων.
3470 1091 3666 1160 Ἀμήν.

2988 1331 3228 1383 ΟΜΙΛΙΑ
3258 1331 3333 1384 Θ’.

2859 1424 2993 1490 Περί
3020 1426 3310 1492 χερσαίων
3339 1426 3433 1492 (2).

2437 1518 2486 1570 1.
2526 1515 2648 1579 Πῶς
2683 1515 2808 1585 ὑμῖν
2847 1517 2878 1586 ἡ
2913 1517 3102 1586 ἑωθινὴ
3138 1519 3245 1570 τῶν
3299 1519 3466 1586 λόγων
3507 1517 3770 1589 τράπεζα
3817 1536 3938 1571 κατ·

2364 1609 2535 1678 εφάνη
2564 1626 2576 1672 ;
2623 1608 2772 1676 Ἐμοὶ
2807 1607 2902 1678 μὲν
2934 1606 3040 1677 γὰρ
3084 1608 3312 1678 ἐπῆλθεν
3355 1611 3570 1665 εἰκάσαι
3603 1610 3934 1682 τάῑὲμαυτοῦ

2365 1701 2591 1772 πένητός
2620 1718 2761 1763 τινος
2802 1699 3108 1771 ἑστιάτορος
3141 1700 3522 1774 φιλοφροσύνῃ·
3569 1705 3654 1768 ὃς,
3696 1705 3811 1755 τῶν
3857 1704 3937 1754 εὑο

702 1789 934 1841 volentia
967 1804 1321 1858 comparare:
1357 1791 1447 1860 qui
1494 1791 1617 1843 dum
1666 1791 1804 1844 inter
1842 1806 1935 1844 eos
1977 1790 2068 1858 qui
2115 1804 2264 1842 men-

2368 1794 2649 1864 τραπέλων
2702 1810 2783 1856 τις
2842 1788 2978 1845 εἶναι
3035 1791 3506 1862 φιλοτιμούμενος,
3568 1796 3786 1866 ἀπορία
3839 1793 3934 1846 τῶν

701 1894 788 1932 sas
819 1880 1039 1949 opipare
1084 1889 1392 1944 exstruunt,
1449 1881 1716 1934 numerari
1763 1882 1928 1948 cupit,
1969 1879 2038 1933 ob
2083 1895 2260 1933 rerum

706 1981 1129 2038 sumptuosarum
1179 1973 1454 2038 penuriam
1501 1987 1734 2026 maerore
1776 1971 2256 2028 aﬂicitconvivas:

700 2071 920 2128 propter
987 2077 1048 2115 ca
1112 2064 1251 2131 quod
1316 2078 1514 2116 mensa:
1593 2076 1907 2130 apparatum
1975 2078 2261 2132 pauperem

701 2153 981 2208 alllucnter
1037 2155 1218 2219 infert,
1279 2157 1412 2209 adeo
1458 2167 1514 2209 ut
1564 2159 1614 2210 in
1665 2158 1871 2225 ineptia:
1920 2157 2172 2224 probrum
2215 2156 2263 2210 ei

701 2246 819 2314 ejus
846 2247 1066 2300 ambitio
1090 2250 1263 2301 cedat.
1292 2249 1444 2302 Esset
1471 2259 1617 2302 certe
1645 2249 1747 2303 tale
1782 2248 1983 2316 aliquid
2027 2247 2139 2300 haec
2177 2263 2264 2300 no-

703 2345 814 2390 stra
847 2339 1033 2406 agendi
1066 2340 1219 2404 ratio,
1246 2339 1344 2391 nisi
1374 2355 1467 2393 vos
1486 2340 1612 2407 quid
1667 2339 1809 2391 aliud
1841 2341 2041 2394 dicitis.
2069 2338 2261 2392 Verum

701 2432 1094 2500 qualiacunque
1135 2434 1349 2484 tandem
1397 2435 1506 2485 sint
1561 2433 1693 2495 haec,
1750 2432 2062 2500 neutiquam
2114 2433 2264 2485 vobis

701 2533 827 2577 sunt
889 2524 1208 2593 spernenda.
1270 2523 1451 2592 Neque
1496 2525 1634 2577 enim
1681 2524 1927 2578 Elisaeum
1973 2535 2029 2576 ut
2070 2526 2264 2576 malum

701 2616 1106 2669 convivatorem
1132 2616 1519 2670 aversabantur
1539 2617 1609 2670 illi
1630 2618 1946 2685 quibuscum
1969 2616 2198 2678 vivebat,
2215 2623 2269 2668 et

701 2718 880 2762 tamen
907 2708 1144 2763 oleribus
1177 2710 1508 2765 silvestribus
1535 2711 1839 2778 excipiebat
1874 2711 2094 2764 amicos.
2131 2708 2264 2764 Novi

704 2800 848 2869 leges
873 2800 1164 2866 allegoriae,
1188 2802 1398 2854 etiamsi
1422 2817 1514 2855 eas
1537 2816 1637 2854 non
1663 2819 1729 2854 ex
1757 2817 1838 2854 me
1863 2803 1976 2868 ipso
1996 2801 2267 2871 excogita-

703 2894 828 2956 rim,
857 2894 948 2944 sed
1000 2893 1051 2944 in
1095 2893 1320 2944 aliorum
1371 2893 1645 2946 inciderim
1682 2893 1910 2946 labores.
1941 2890 2084 2956 Quas
2119 2892 2266 2944 Scri-

702 2994 982 3055 pturarum
1016 3000 1335 3040 communes
1386 2989 1629 3039 notiones
1664 2985 1755 3054 qui
1802 3000 1904 3037 non
1946 2983 2266 3052 suscipiunt,

703 3091 896 3144 aquam
943 3092 1046 3129 non
1092 3091 1284 3144 aquam
1317 3078 1518 3141 dicunt,
1543 3078 1635 3130 sed
1670 3077 1827 3129 aliam
1863 3075 2150 3144 quamdam
2184 3090 2271 3127 na-

2367 1886 2830 1956 πολυτελεστέρων
2892 1884 3173 1937 ἀποκναίει
3239 1885 3360 1946 τοὺς
3417 1887 3796 1956 δαιτυμόνας,
3850 1887 3934 1955 τὴν

2368 1977 2625 2046 πενιχρὰν
2683 1977 3032 2048 παρασκευὴν
3087 1975 3318 2045 δαψιλῶς
3369 1978 3648 2048 ἐπιφέρων
3693 1982 3764 2049 τῇ
3814 1996 3933 2048 τρα-

2368 2070 2544 2143 πέζῃ·
2593 2069 2731 2121 ὥστε
2779 2070 3154 2142 περιίστασθαι
3213 2067 3356 2138 αὑτῷ
3418 2071 3495 2131 εἰς
3549 2071 3935 2142 ἀπειροκαλίας

2365 2161 2563 2223 ὅνειδος
2593 2160 2652 2212 τὸ
2686 2161 2984 2230 φιλότιμον.
3020 2160 3268 2214 Τοιοῦτον
3298 2161 3359 2230 δή
3409 2177 3461 2212 τι
3500 2162 3595 2212 καὶ
3638 2163 3702 2214 τὸ
3748 2163 3936 2233 ἡμέτε-

2369 2274 2480 2326 ρον,
2516 2257 2562 2307 εί
2601 2256 2671 2325 μή
2711 2273 2763 2306 τι
2811 2255 2965 2324 ὑμεῖς
3007 2255 3132 2308 ἄλλο
3169 2255 3370 2322 λέγετε.
3426 2252 3574 2322 Πλὴν
3616 2255 3784 2308 ὁποῖά
3830 2256 3935 2306 ποτ’

2366 2347 2429 2399 ἂν
2514 2348 2609 2416 (5),
2634 2347 2731 2399 οὑκ
2763 2346 3137 2409 ἑξουδενωτέον
3159 2347 3304 2416 ὑμῖν.
3332 2344 3462 2398 Οὐδὲ
3488 2342 3597 2414 γὰρ
3641 2344 3940 2397 Ἐλισσαῖον

2367 2438 2440 2500 ὡς
2477 2439 2675 2505 φαῦλον
2706 2438 2988 2509 ἑστιάτορα
3016 2439 3354 2508 παρῃτοῦντο
3386 2437 3433 2490 οἱ
3458 2435 3601 2497 τότε,
3643 2437 3744 2486 καὶ
3779 2437 3939 2489 ταῦτα

2367 2526 2615 2596 λαχάνοις
2660 2530 2868 2598 ἀγρίοις
2924 2529 3182 2582 ἑστιῶντα
3237 2530 3360 2591 τοὺς
3413 2527 3623 2597 φίλους.
3684 2522 3820 2578 Οἶδα
3861 2527 3935 2578 vdo

2372 2635 2502 2687 μους
2535 2617 2877 2687 ἀλληγορίας,
2905 2619 2952 2668 εἰ
2997 2619 3089 2669 καὶ
3133 2619 3205 2688 μὴ
3243 2619 3316 2688 (4)
3360 2618 3486 2688 παρ’
3517 2615 3770 2686 ἐμαυτοῦ
3795 2617 3933 2680 ἐξευ-

2373 2709 2498 2780 ρὼν,
2540 2709 2673 2762 ἀλλὰ
2716 2713 2825 2771 τοῖς
2859 2709 2985 2778 παρ’
3026 2709 3222 2776 ἑτέρων
3265 2709 3666 2777 πεπονημένοις
3716 2724 3934 2778 περιτυ-

2368 2802 2496 2873 χών.
2535 2804 2630 2866 "Ag
2647 2805 2694 2855 οἰ
2722 2804 2794 2872 μὴ
2813 2801 3227 2870 καταδεχόμενοι
3243 2801 3338 2862 τάς
3359 2801 3541 2863 κοινὰς
3563 2802 3679 2854 τῶν
3701 2820 3936 2873 γεγραμ-

2373 2897 2543 2967 μένων
2578 2896 2780 2957 ἑννοίας
2807 2895 2866 2946 τὸ
2893 2893 3032 2964 ὓδωρ
3063 2894 3159 2962 οὑχ
3189 2891 3329 2962 ὕδωρ
3357 2891 3626 2958 λέγουσιν’
3665 2896 3807 2946 ἀλλά
3830 2910 3940 2947 τινα

2369 2987 2529 3056 ἄλλην
2559 2987 2714 3054 φύσιν
2750 2985 2845 3055 (5).
2885 2985 2977 3037 καί
3010 2984 3173 3051 φυτὸν
3221 2983 3313 3035 καὶ
3351 2982 3498 3051 ἰχθὺν
3543 2984 3686 3053 πρὸς
3725 2986 3788 3036 τὸ
3816 2987 3933 3038 ἑαυ-

2370 3078 2478 3138 τοῖς
2529 3077 2714 3128 δοκοῦν
2755 3073 3133 3146 ἑρμηνεύουσι,
3175 3074 3265 3126 καὶ
3312 3070 3557 3142 ἑρπετῶν
3600 3072 3825 3138 γένεσιν
3851 3063 3937 3126 καί

706 3180 903 3230 turam,
947 3179 1001 3219 et
1031 3168 1262 3234 plantam
1299 3178 1351 3222 et
1380 3171 1578 3236 piscem
1625 3169 1914 3223 secundum
1949 3184 2099 3220 suam
2132 3168 2264 3235 ipso‘

2375 3168 2574 3238 θηρίων
2609 3170 2700 3220 ἐπὶ
2727 3169 2822 3231 ’τὰς
2857 3167 3061 3229 οἰκείας
3090 3165 3338 3228 ὑπονοίας
3369 3164 3828 3236 παρατρέψαντες
3858 3167 3936 3230 ἑξ-

709 3277 826 3314 ruin
881 3261 1207 3314 sententiam
1257 3261 1697 3330 interpretantur.
1724 3263 1859 3327 Quin
1903 3262 2064 3314 etiam
2109 3262 2271 3329 repti-

705 3349 834 3403 lium
887 3359 937 3404 et
989 3366 1244 3420 pecorum
1296 3351 1692 3421 generationem
1736 3354 1801 3403 ad
1834 3365 1957 3404 suas
1991 3351 2270 3420 allegorias

706 3447 975 3499 detortam
1018 3444 1239 3512 perinde
1270 3454 1564 3512 exponunt,
1596 3453 1652 3496 ut
1693 3444 1906 3512 quidam
1941 3458 2119 3496 rerum
2151 3457 2270 3497 sese

708 3536 1077 3605 imaginationi
1110 3552 1205 3605 per
1235 3552 1483 3590 somnum
1519 3536 1890 3602 objicieutium
1930 3535 2267 3604 interpretes,

711 3627 800 3695 qui
835 3643 957 3681 suas
991 3628 1464 3695 interpretationes
1513 3630 1576 3681 ad
1620 3629 1896 3696 proprium
1931 3642 2149 3695 scopum
2183 3644 2270 3681 ac-

708 3721 1073 3774 commodant.
1127 3719 1236 3791 Ego
1286 3736 1414 3774 vero
1465 3737 1584 3774 cum
1635 3720 1816 3774 fenum
1870 3721 2049 3783 audio,
2093 3718 2268 3772 fenum

710 3812 982 3881 intelligo;
1028 3820 1081 3864 et
1107 3810 1363 3879 plantam,
1401 3821 1452 3863 et
1485 3814 1703 3878 piscem,
1741 3820 1794 3864 et
1833 3811 2056 3864 bestiam
2096 3818 2148 3862 et
2189 3825 2274 3876 pe-

709 3920 830 3967 cus,
873 3906 1054 3958 omnia
1097 3904 1169 3956 uti
1218 3905 1357 3958 dicta
1405 3913 1550 3965 sunt,
1584 3904 1661 3956 sic
1705 3903 1928 3970 accipio.
1975 3902 2096 3955 Non
2135 3903 2271 3954 enim

707 3995 951 4048 erubesco
992 3994 1330 4064 Evangelium
1360 3995 1424 4048 ¹⁰.
1459 3992 1644 4062 Neque
1677 3995 1927 4061 quoniam
1964 3996 2056 4062 qui
2093 4009 2176 4047 res
2206 3993 2270 4046 ad

710 4086 967 4136 mundum
1003 4086 1333 4150 pertinentes
1373 4085 1764 4152 conscripsere,
1801 4083 1964 4135 multa
2003 4087 2067 4136 de
2117 4094 2271 4137 terra:

709 4177 897 4245 ﬁguris
951 4176 1343 4240 disseruerunt,
1385 4188 1564 4231 utrum
1617 4188 1756 4230 terra
1813 4176 2019 4243 sphaera
2075 4176 2165 4239 sit,
2203 4191 2269 4228 an

708 4269 1006 4337 cylindrus,
1041 4280 1217 4322 utrum
1248 4270 1317 4322 sit
1346 4271 1495 4324 disco
1527 4271 1718 4324 similis
1751 4279 1804 4323 et
1830 4285 1895 4323 ex
1924 4283 2076 4336 aequo
2106 4271 2272 4322 unde-

709 4359 838 4413 libet
881 4369 1114 4423 tornata,
1147 4378 1212 4414 an
1256 4361 1487 4429 speciem
1540 4362 1733 4416 habeat
1783 4361 1968 4422 vanni,
2005 4362 2178 4427 sitque
2219 4361 2269 4414 in

708 4452 886 4505 medio
923 4468 1153 4505 concava
1190 4455 1462 4521 (nimirum
1498 4455 1562 4506 ad
1603 4455 1697 4508 has
1742 4469 1931 4507 omnes
1979 4453 2271 4507 sententias

2373 3260 2651 3330 ηγοῦνται,
2695 3261 2880 3330 ὥσπερ
2921 3262 2969 3312 οἱ
3014 3263 3370 3330 ὀνειροκρῖται
3415 3258 3523 3310 τῶν
3565 3259 3847 3327 φανέντων
3885 3260 3936 3309 εν

2371 3352 2491 3411 ταῖς
2523 3348 2640 3401 καθ’
2668 3346 2831 3400 ὑπνον
2869 3349 3182 3415 φαντασίαις
3213 3349 3344 3417 πρὸς
3379 3349 3470 3401 τὸν
3503 3351 3712 3402 οἰκεῖον
3746 3350 3938 3402 σκοπὸν

2370 3441 2466 3504 τὰς
2490 3440 2772 3510 ἐξηγήσεις
2801 3437 3128 3506 ποιούμενοι.
3174 3437 3310 3504 Ἐγὼ
3341 3439 3418 3501 δὲ,
3453 3439 3654 3510 χόρτον
3685 3441 3936 3501 ἀκούσας,

2372 3534 2558 3604 χόρτον
2602 3532 2726 3592 νοῶ,
2766 3531 2859 3583 καὶ
2903 3530 3084 3598 φυτὸν,
3132 3528 3224 3580 καὶ
3270 3528 3438 3595 ἰχθὺν,
3474 3531 3569 3582 καὶ
3598 3530 3815 3601 θηρίον,
3851 3531 3938 3582 καί

2371 3625 2584 3693 κτῆνος,
2641 3625 2813 3676 πάντα
2852 3623 2963 3691 (6),
3010 3620 3084 3683 ὡς
3124 3619 3355 3690 εἴρηται,
3399 3619 3571 3680 οὑτως
3623 3621 3934 3691 ἐκδέχομαι.

2371 3718 2479 3769 Καὶ
2511 3717 2618 3784 γὰρ
2657 3719 2764 3769 οὐκ
2795 3715 3227 3782 ἐπαισχύνομαι
3272 3711 3336 3763 τὸ
3364 3710 3768 3778 Εὺαγγέλιον.
3813 3712 3939 3765 osa;

2375 3811 2555 3878 ἐπειδὴ
2611 3813 2658 3862 οἱ
2699 3809 2766 3861 τά
2824 3809 2952 3877 περί
2999 3807 3200 3877 κόσμου
3244 3805 3550 3876 γράψαντες
3595 3801 3774 3855 πολλὰ
3824 3805 3938 3872 περί

2375 3905 2664 3973 σχημάτων
2697 3904 2797 3972 γῆς
2830 3900 3198 3970 διελέχθησαν,
3235 3901 3342 3952 εἴτε
3376 3899 3580 3970 σφαῖρά
3623 3899 3799 3960 ἑστιν,
3838 3898 3937 3949 εἴτε

2373 3995 2669 4066 κύλινδρος,
2713 3995 2819 4046 εἴτε
2853 3995 2946 4045 καὶ
2983 3991 3148 4061 δίσκῳ
3187 3992 3332 4045 ἐστὶν
3377 3990 3623 4061 ἐμφερὴς
3658 3994 3693 4062 ἡ
3728 3991 3822 4060 γῆ,
3853 3988 3938 4042 καὶ

2372 4087 2547 4152 ἑξίσου
2608 4085 2865 4139 πάντοθεν
2913 4086 2989 4155 (7)
3035 4085 3502 4152 ἀποτετόρνευται,
3564 4084 3597 4152 ἦ
3638 4085 3936 4151 λικνοειδῂς

2373 4179 2506 4240 ἐστι,
2537 4179 2627 4229 καὶ
2663 4175 2968 4246 μεσόκοιλος
3012 4177 3166 4244 (πρὸς
3210 4175 3386 4235 πάσας
3432 4173 3541 4243 γὰρ
3595 4175 3805 4236 ταύτας
3846 4176 3934 4235 τὰς

2373 4270 2624 4331 ὑπονοίας
2677 4271 2723 4320 οί
2773 4267 2839 4319 τὰ
2867 4268 2940 4337 (8)
2971 4268 3098 4338 περὶ
3134 4265 3224 4319 τοῦ
3258 4266 3458 4335 κόσμου
3489 4265 3810 4334 γράψαντες
3845 4267 3936 4317 ὑπο

2371 4362 2690 4435 ηνέχθησαν,
2716 4361 2783 4413 τὰ
2812 4360 3049 4432 ἀλλήλων
3075 4360 3299 4422 ἕκαστος
3325 4358 3728 4427 καταλύοντες),
3756 4359 3817 4411 οὑ
3843 4375 3934 4410 πα-

2377 4454 2442 4523 ρὰ
2463 4453 2617 4505 τοῦτο
2651 4451 3059 4522 προαχθήσομαι
3100 4450 3424 4518 ἀτιμοτέραν
3457 4450 3628 4500 εἰπεῖν
3681 4449 3779 4518 τὴν
3806 4451 3934 4519 ἡμε-

707 4544 760 4597 hi
791 4545 878 4612 qui
914 4544 980 4598 de
1013 4545 1212 4598 mundo
1256 4547 1540 4613 scripsere,
1571 4545 1770 4615 delapsi
1813 4556 1954 4609 sunt,
1993 4545 2080 4598 alii
2131 4545 2264 4599 alio-

2371 4548 2531 4618 τέραν
2563 4544 2934 4616 κοσμοποιίαν,
2986 4543 3167 4611 ἐπειδὴ
3204 4541 3354 4594 οὐδὲν
3396 4540 3522 4611 περί
3563 4543 3863 4608 σχημάτων
3909 4540 3935 4590 ὁ

707 4651 824 4689 rum
877 4637 1070 4705 placita
1105 4637 1503 4707 dissolventes),
1536 4639 1736 4693 idcirco
1787 4639 2021 4692 adducar
2070 4646 2126 4691 ut
2175 4653 2269 4692 no-

780 4746 822 4774 ¹⁰
847 4745 1002 4798 Rom.
1037 4761 1074 4810 I,
1104 4747 1188 4799 16.

779 4836 852 4904 (1)
892 4837 1114 4912 Codices
1149 4854 1240 4892 sex
1275 4839 1577 4912 πληρώσαι,
1627 4849 1718 4890 aut
1760 4838 2063 4912 πληρῶσαι.
2092 4840 2266 4894 Editio

708 4906 876 4960 Paris.
929 4909 1213 4979 πληρώτω.
1280 4906 1408 4979 Ηυξ.
1471 4914 1687 4980 quintus
1734 4906 2072 4963 καταλείπων
2131 4913 2265 4980 πλη-

709 4994 887 5046 ρωσει.

772 5046 1174 5125 (2)_Iu_Regiis
1213 5061 1364 5125 sexto
1409 5060 1462 5104 et
1506 5061 1697 5125 octavo
1740 5054 1877 5125 inest
1925 5055 2012 5107 hic
2057 5053 2264 5125 titulus,

702 5118 797 5192 τοῦ
827 5118 991 5192 Δαὑτοῦ
1024 5122 1099 5192 εἰς
1129 5122 1224 5192 τὴν
1255 5123 1471 5174 Γένεσιν
1494 5122 1695 5190 ὁμιλία.
1732 5124 1942 5177 Titulus
1982 5123 2155 5176 nullus
2184 5135 2266 5176 est

704 5189 756 5242 in
790 5189 1256 5264 aliisquibusdatn
1289 5209 1415 5245 mss.
1441 5189 1603 5246 Coisl.
1638 5195 1840 5264 primus
1866 5194 2048 5264 ὁμιλία
2078 5194 2259 5262 ἐνάτη.

775 5261 848 5327 (5)
891 5258 1304 5335 QiiatuorJuss.
1347 5264 1504 5315 ὁποῖά
1551 5263 1665 5314 ποτ’
1715 5263 1778 5316 ἂν
1825 5258 1930 5335 εἴη.
1968 5266 2101 5335 ῌςιίιί
2143 5258 2262 5317 cum

706 5328 842 5405 [tegi
870 5328 1192 5405 sexto
1229 5334 1422 5386 Ibidem
1455 5345 1686 5402 quatuor
1714 5351 1838 5387 mss.
1871 5328 2261 5403 ἐξουδενητέον.

705 5399 844 5452 Editi
882 5415 1002 5452 cum
1034 5399 1181 5455 (Julii.
1217 5408 1450 5456 secundo
1473 5399 1881 5469 ἑξουδενωτέον.

776 5469 936 5543 (4)Ιι;ι
968 5473 1131 5543 editio
1156 5473 1314 5526 Basil.
1338 5491 1455 5526 cum
1486 5477 1719 5543 quinque
1745 5493 1869 5529 mss.
1901 5476 2072 5530 Editio
2089 5473 2259 5526 Paris.

703 5539 860 5622 είμη
896 5540 1006 5594 καί,
1047 5545 1237 5596 Statim
1269 5545 1417 5598 Coll).
1457 5539 1719 5599 secundus
1749 5549 1929 5614 κοινᾲς
1952 5547 2055 5599 τῶν
2082 5561 2262 5614 γραμι

707 5626 908 5679 ματων.

775 5681 850 5750 (5)
890 5681 977 5734 Sic
1016 5701 1140 5736 mss.
1196 5701 1314 5739 cum
1363 5687 1594 5739 editione
1644 5685 1808 5741 Basil.
1855 5689 2033 5740 Editio
2085 5687 2260 5740 Paris.

705 5753 986 5805 oscitantia
1029 5758 1339 5825 typographi
1385 5757 1545 5826 ἄλλην
1576 5758 1744 5826 χύσιν.
1786 5758 1902 5813 Mox
1940 5774 2065 5813 mss.
2101 5759 2258 5812 Com-

2367 4637 2459 4690 τοῦ
2488 4637 2620 4689 Θεοῦ
2661 4635 2908 4706 θεράπων
2954 4631 3190 4702 Μωὺσῆς
3228 4632 3301 4701 (9)
3343 4630 3607 4701 διελέχθη,
3651 4628 3774 4681 οὑδὲ
3819 4625 3933 4680 εἷπε

2370 4841 2477 4894 bet“.
2528 4855 2647 4893 cum
2699 4839 2847 4894 Coll).
2896 4837 3128 4892 secundo
3169 4845 3223 4891 et
3266 4852 3386 4890 cum
3437 4836 3570 4904 Reg.
3615 4849 3814 4892 octavo
3845 4837 3932 4891 καὶ

2370 4912 2530 4978 φυτὸν
2578 4912 2670 4963 καὶ
2719 4910 2887 4979 ἰχθύν.
2938 4909 3096 4963 Deest
3143 4907 3306 4977 φυτόν
3341 4910 3392 4962 in
3425 4909 3582 4962 editis
3618 4919 3676 4962 et
3721 4911 3770 4961 in
3816 4915 3930 4978 qui-

2371 4985 2590 5035 busdam
2628 4997 2752 5035 mss.

2439 5053 2515 5120 (6)
2557 5053 2704 5104 Cotti.
2751 5051 3013 5105 secundus
3051 5049 3145 5102 καὶ
3188 5049 3385 5103 πάντα.
3419 5047 3619 5103 Ibidem
3649 5059 3762 5105 tres
3802 5065 3926 5105 mss.

2368 5122 2554 5192 ὥσπερ
2594 5123 2823 5191 εἴρηται.

2439 5190 2532 5258 (7)“
2557 5190 2666 5246 Duo
2701 5190 2825 5246 mss.
2858 5190 3208 5259 πανταχόθεν.

2437 5269 2510 5333 (8)
2555 5265 2625 5316 Ita
2663 5279 2789 5317 mss.
2840 5265 3079 5330 plerique
3100 5274 3314 5333 omnes.
3363 5259 3520 5312 Deest
3560 5263 3630 5315 τά
3667 5261 3720 5314 in
3753 5264 3923 5316 editis.

2362 5332 2515 5386 llaud
2554 5333 2720 5388 multo
2755 5347 2874 5401 post
2910 5332 3150 5386 nonnulli
3186 5347 3315 5384 mss.
3344 5334 3823 5402 προσαχθήσομαι.

2432 5405 2504 5469 t9)
2542 5405 2692 5458 Coll).
2746 5405 3185 5473 secunduScum
3249 5404 3377 5468 Reg.
3439 5414 3629 5459 Octavo
3682 5405 3926 5473 θεράπων

2359 5476 2616 5544 Μωῦσῆς.
2660 5476 2808 5535 lllttd,
2859 5472 3118 5541 Μωῦσῆς,
3149 5475 3296 5525 deest
3331 5473 3574 5544 it_i_edi=is
3624 5484 3680 5527 ct
3723 5472 3771 5524 in
3813 5479 3926 5525 aliis

2365 5561 2490 5597 MISS.
2526 5542 2690 5599 Paulo
2726 5554 2842 5613 post
2877 5545 3007 5614 Reg.
3047 5555 3230 5597 sextus
3255 5542 3482 5594 σταδίων
3511 5545 3611 5612 τὴν
3645 5545 3928 5613 διάμετρον

2361 5614 2520 5683 ἔχειν.
2568 5619 2677 5669 Duo
2727 5632 2864 5669 mss;
2897 5616 2993 5685 τὴν
3040 5615 3387 5686 περίμετρον.
3423 5615 3567 5668 Editt
3601 5633 3723 5670 cum
3761 5619 3923 5669 tribus

2362 5703 2490 5743 mss.
2520 5689 2580 5740 τὸ
2608 5687 2958 5757 περίμετρον.
