4092 6318
144 355 255 407 189

1224 361 1504 415 llOMlLIA
1546 361 1612 411 IX
1657 362 1715 412 ΙΝ
1761 362 2249 420 lIEXAEMEltUN.

3264 371 3361 422 19‘.)

135 472 285 525 δέκα
314 479 402 526 καὶ
431 475 568 526 ὀκτὼ
595 475 854 542 μυριάδας
882 476 1105 528 σταδίων
1137 477 1195 528 τὸ
1216 478 1543 548 περίμετρον
1567 477 1685 546 ἕχειι

1812 492 1977 530 stram
2013 480 2077 530 dc
2118 480 2298 531 mundi
2340 489 2605 532 structura
2647 481 3008 533 narrationem
3059 481 3365 536 inferiorem

132 563 247 634 τῆς
283 567 385 634 γῆς
409 584 422 597 ·
465 567 557 619 καὶ
589 566 649 617 τὸ
685 567 776 621 ἀπ’
803 569 969 636 αὐτῆς
1005 568 1243 639 σκίασμα
1289 573 1346 620 ἐν
1382 571 1447 638 τῇ
1482 570 1583 622 ὑπὸ
1609 572 1709 638 γῆν

132 656 242 708 τοῦ
267 657 417 726 ἡλίου
443 658 648 728 κινήσει
685 661 776 712 ἐπὶ
820 658 981 709 πόσον
1009 665 1175 731 χωρεῖ
1218 659 1311 710 τοῦ
1348 657 1505 730 ἀέρος
1542 662 1600 713 οὐ
1635 661 1709 712 δι-

134 750 420 818 εμέτρησε
440 765 453 778 ·
489 752 577 804 καὶ
611 750 726 812 πῶς
744 750 898 802 τοῦτο
921 755 986 823 τῇ
1015 753 1208 822 σελήνῃ
1231 753 1585 822 προσενεχθὲν
1609 753 1706 813 τὰς

135 839 418 906 ἐκλείψεις
467 845 626 894 ποιεῖ.
685 840 896 912 Ἐπειδὴ
949 843 1016 895 τὰ
1068 842 1231 911 μηδὲν
1280 842 1414 913 πρὸς
1457 844 1601 912 ἡμᾶς
1633 843 1708 904 ὡς

133 930 396 1001 ἄχρηστα
427 937 554 1004 ἡμῖν
580 933 988 1006 ἀπεσιώπησενσ
1031 931 1138 1001 ἆρα
1161 933 1348 988 τούτου
1383 934 1493 1005 (10)
1524 934 1705 986 ἕνεκεν

134 1026 446 1098 ἀτιμότερα
473 1028 743 1097 ἡγήσομαι
779 1030 872 1099 τῆς
910 1028 1280 1099 μωρανθείσης
1315 1029 1503 1098 σοφίας
1521 1029 1587 1082 τά
1610 1028 1702 1082 τοῦ

134 1116 456 1190 Πνεύματος
480 1119 665 1186 λόγια;
711 1121 741 1191 ἢ
784 1122 981 1190 μᾶλλον
1012 1118 1214 1183 δοξάσω
1254 1123 1340 1174 τὸν
1374 1121 1446 1190 μὴ
1475 1122 1705 1190 άπασχο-

132 1207 383 1279 λήσαντα
419 1211 506 1262 τὸν
535 1211 653 1263 νοῦν
692 1212 843 1282 ἡμῶν
873 1213 964 1262 ἐπὶ
998 1210 1064 1262 τά
1093 1212 1312 1281 μάταια,
1361 1209 1496 1262 ἀλλὰ
1529 1211 1702 1262 πάντα

131 1303 220 1365 εἰς
282 1301 560 1374 οἰκοδομὴν
603 1306 696 1358 καὶ
749 1303 1114 1374 καταρτισμὸν
1162 1304 1269 1357 τῶν
1319 1303 1504 1372 ψυχῶν
1544 1303 1700 1373 ἡμῶν

131 1393 417 1462 γραφῆναι
455 1397 915 1466 οίκονομήσαντα;
957 1396 1024 1447 Ὂ
1069 1415 1157 1466 μοι
1195 1394 1409 1449 δοκοῦσι
1461 1392 1533 1464 μὴ
1571 1410 1699 1444 συν·

131 1485 344 1548 araora;
405 1490 562 1551 τινὲς,
622 1490 972 1556 παραγωγαῖς
1030 1506 1136 1541 τισι
1185 1488 1278 1540 καὶ
1322 1485 1699 1556 τροπολογίαις

131 1576 447 1648 σεμνότητά
508 1595 626 1630 τινα
685 1581 747 1630 ἐκ
811 1581 910 1649 τῆς
971 1580 1170 1641 οἰκείας
1241 1577 1415 1630 αὐτῶν
1462 1576 1696 1638 διανοίας

128 1669 497 1740 ἐπεχείρησαν
545 1669 653 1740 (11)
715 1674 826 1733 τοῖς
887 1671 1291 1741 γεγραμμένοις
1344 1671 1692 1739 ἐπιφημίσαι.

141 1761 312 1813 Ἀλλά
339 1760 493 1814 τοῦτό
532 1762 675 1814 ἐστιν
721 1764 910 1815 ἑαυτὸν
950 1763 1248 1833 σοφώτερον
1289 1780 1560 1824 ποιουντος
1588 1761 1694 1813 τῶν

1812 584 1931 622 esse
1959 570 2158 631 dicam,
2187 570 2310 636 quia
2348 569 2549 623 nullmn
2580 573 2644 624 de
2676 571 2856 638 ﬁguris
2882 573 3101 623 verbum
3131 573 3223 623 Dei
3252 587 3366 624 ser-

1808 673 1906 714 vus
1940 659 2148 729 Moyses
2187 660 2310 712 fecit
2343 679 2355 714 :
2388 668 2479 712 aut
2508 662 2630 726 quia
2667 679 2767 715 non
2808 661 2938 714 dixit
2978 669 3133 714 terra:
3172 663 3370 715 circui-

1810 763 1918 806 tum
1949 764 2163 806 centum
2208 761 2261 804 et
2305 757 2571 822 octoginta
2599 753 2894 807 stadiorum
2929 752 3087 805 millia
3122 753 3321 806 habere
3350 771 3364 806 :

1807 857 1898 899 aut
1937 847 2057 913 quia
2092 860 2194 898 non
2231 844 2505 898 dimensus
2538 853 2618 897 est
2663 845 2712 898 in
2747 854 3005 914 quantum
3055 847 3192 898 aeris
3238 862 3364 913 spa-

1806 937 1934 992 tium
1982 939 2236 1008 procedat
2277 937 2392 1003 ejus
2431 941 2615 989 umbra
2671 945 2777 989 tum
2820 953 2938 991 cum
2982 937 3056 990 sol
3094 937 3189 989 sub
3222 944 3365 990 terra

1806 1042 2050 1083 movetur
2084 1049 2096 1083 :
2131 1042 2221 1084 aut
2255 1029 2522 1097 quomodo
2570 1028 2754 1082 eadem
2807 1029 2942 1084 luna:
2988 1028 3194 1095 objecta
3240 1044 3366 1096 pro-

1809 1129 1957 1172 creet
1993 1120 2247 1188 dcliquia,
2283 1118 2578 1186 prazsertim
2612 1133 2732 1170 cum
2772 1133 2831 1170 ea
2861 1135 2975 1186 qua:
3010 1120 3074 1173 ad
3110 1134 3206 1172 nos
3235 1117 3362 1171 nihil

1803 1211 2054 1271 attinent,
2092 1223 2344 1278 tanquam
2387 1209 2542 1262 nobis
2593 1210 2794 1262 inutilia
2833 1211 2938 1278 81
2981 1212 3193 1265 silentio
3226 1226 3363 1280 prac-

1803 1301 2092 1356 termiserit
2124 1319 2136 1356 :
2171 1318 2292 1354 num
2333 1303 2475 1364 ideo,
2512 1316 2708 1368 quaeso.
2757 1301 2988 1370 Spiritus
3035 1305 3205 1359 sancti
3249 1305 3361 1357 elo-

1803 1396 1926 1461 quia
1995 1407 2255 1447 ccnsuero
2329 1393 2587 1447 inlatuata
2647 1394 2903 1461 sapientia
2963 1410 3080 1449 esse
3135 1396 3362 1450 viliora?

1801 1485 1988 1539 Nonne
2036 1485 2211 1553 petius
2256 1483 2299 1537 ei
2347 1485 2541 1539 dedero
2587 1484 2833 1553 gloriam,
2867 1485 2954 1553 qui
2994 1476 3223 1539 mentem
3265 1504 3360 1539 no-

1801 1591 1966 1630 strain
2001 1578 2051 1629 in
2084 1591 2259 1628 rerum
2303 1589 2555 1628 vanarum
2592 1579 2941 1644 occupatione
2971 1593 3073 1632 non
3108 1578 3355 1642 detinuit,

1799 1671 1890 1723 sed
1913 1669 2088 1723 omnia
2122 1667 2185 1720 ad
2217 1668 2622 1720 aediﬁcationem
2659 1679 2709 1722 et
2739 1671 3117 1735 perfectionem
3153 1670 3359 1722 anima-

1799 1777 1913 1814 rum
1947 1773 2249 1817 nostrarum
2296 1762 2558 1814 conscribi
2608 1763 2820 1815 sanxit?
2866 1762 2920 1815 Id
2962 1766 3098 1832 quod
3135 1765 3353 1833 quidam

125 1853 331 1920 λογίων
378 1853 468 1906 τοῦ
504 1856 834 1926 ῐΙνεύματος,
882 1856 975 1909 καὶ
1015 1857 1069 1907 ἐν
1113 1857 1466 1927 προσποιήσει
1506 1854 1685 1924 ἐξηγή-

1801 1856 1928 1908 tnibi
1989 1857 2232 1910 videntur
2285 1869 2388 1908 non
2446 1854 2775 1908 intellexisse
2819 1874 2831 1908 :
2874 1855 2961 1924 qui
3018 1857 3354 1922 captionibus

125 1963 275 2007 σεως
319 1945 385 1997 τὰ
423 1948 611 2001 ἐαυτοῦ
653 1949 1092 2021 παρεισάγοντος.
1133 1947 1373 2004 Νοείσοω
1408 1948 1584 2001 τοίνυν
1621 1946 1694 2008 ὡς

122 2036 460 2103 γέγραπται.

1802 1945 2117 2013 quibusdam
2156 1958 2316 2013 atque
2355 1947 2660 2016 trapulogiis
2691 1963 2753 1999 ex
2787 1961 2883 2000 suo
2931 1948 3165 2014 ipsorum
3209 1946 3356 2012 inge-

1819 2037 1890 2090 iio
1923 2035 2120 2104 aliquid
2163 2035 2453 2105 Scripturis
2496 2041 2760 2093 asciscere
2795 2038 3131 2093 auctoritatis
3172 2037 3352 2092 conati

123 2137 282 2178 sunt.
311 2124 503 2180 Verum
539 2127 588 2180 id
615 2130 662 2182 ei
727 2131 1000 2196 competit,
1065 2133 1154 2200 qui
1204 2148 1259 2185 sc
1312 2134 1483 2201 ipsum
1528 2133 1759 2202 Spiritus
1798 2129 1966 2183 sancti
2012 2125 2241 2180 oraculis
2285 2129 2562 2180 constituit
2608 2130 3010 2194 sapientiorem,
3036 2131 3234 2199 quique
3265 2132 3352 2184 iu-

120 2223 537 2290 terpretationis
567 2232 820 2291 prietextu
850 2235 1147 2279 commenta
1186 2243 1278 2280 sua
1310 2229 1533 2297 inducit.
1575 2229 1696 2281 llaec
1731 2229 1930 2289 itaque,
1961 2232 2017 2275 ut
2046 2223 2242 2289 scripta
2268 2231 2413 2281 sunt.
2449 2222 2829 2289 intelligantur.

201 2314 258 2368 Ξ.
313 2315 672 2386 Ἐξαγαγέτω
717 2320 754 2386 ἠ
812 2318 888 2387 γῆ
946 2319 1156 2387 ψυχὴν·
1215 2318 1409 2380 ζῶσαν
1460 2317 1690 2386 κτηνῶν

117 2408 227 2459 καὶ
270 2409 482 2471 θηρίων
534 2410 627 2462 καὶ
669 2411 947 2477 ἑρπετῶν.
1002 2413 1208 2482 Νόησον
1240 2414 1387 2483 ῥῆμα
1419 2411 1551 2464 Θεοῦ
1602 2410 1689 2463 διὰ

117 2495 224 2564 τῆς
258 2495 484 2558 κτίσεως
509 2499 717 2567 τρέχον,
762 2503 852 2552 καὶ
890 2501 1007 2553 τότε
1040 2502 1359 2572 ἀρξάμενον,
1402 2502 1494 2555 καὶ
1527 2501 1689 2572 μέχρι

117 2585 221 2638 νῦν
257 2588 530 2658 ἐνεργοῦν,
565 2590 655 2641 καὶ
684 2593 761 2652 εἰς
793 2591 939 2654 τέλος
971 2592 1158 2656 δεξιὸν,
1202 2595 1303 2656 ’έως
1339 2595 1404 2648 ἂν
1435 2597 1462 2646 ὁ
1487 2595 1689 2661 κόσμος

120 2680 522 2752 συμπληρωϐῇ.
561 2682 645 2745 Ὡς
673 2684 778 2754 γάρ
823 2685 854 2753 ἡ
892 2686 1110 2754 σφαῖρα,
1159 2686 1375 2738 ἐπειδὰν
1416 2686 1516 2738 ὑπό
1547 2703 1688 2748 τινος

117 2773 355 2842 ἀπωσθῇ
402 2775 530 2840 (1'2),
586 2773 701 2828 εἶτα
747 2777 980 2847 πρανοῦς
1027 2794 1168 2840 τινος
1216 2778 1461 2847 λάϐηται,
1499 2779 1599 2829 ὑπό
1631 2796 1686 2830 τε

116 2863 224 2932 τῆς
258 2865 463 2926 οίκείας
489 2869 828 2937 κατασκευῆς
877 2869 969 2920 καὶ
1010 2869 1105 2938 τῆς
1136 2869 1567 2940 ἐπιτηδειότητος
1596 2870 1686 2923 τοῦ

117 2956 325 3026 χωρίου
353 2957 570 3028 φέρεται
598 2959 731 3028 πρὸς
756 2960 816 3011 τὸ
851 2961 1127 3025 κάταντες,
1164 2964 1222 3014 οὐ
1246 2964 1504 3034 πρότερον
1535 2969 1684 3018 ἱστα-

120 3049 264 3120 μένη
316 3050 444 3120 πρὶν
490 3051 553 3103 ἄν
599 3068 650 3103 τι
689 3050 797 3103 τῶν
835 3053 1087 3107 ίσοπέδων
1123 3055 1290 3125 αὐτὴν
1333 3055 1680 3126 ὑποδέξηται·

1860 2316 1914 2367 ‘2.
1958 2313 2222 2368 Producut
2270 2323 2410 2368 terra
2463 2313 2690 2367 animam
2734 2314 2983 2367 viventem
3023 2330 3263 2382 pecorum
3303 2325 3352 2369 et

1793 2403 2069 2456 bestiarum
2118 2417 2162 2456 et
2211 2404 2471 2468 reptilium
2503 2405 2566 2459 “.
2597 2404 2882 2458 Considera
2917 2405 3007 2459 Dei
3044 2421 3225 2460 vocem
3257 2423 3352 2476 per
3396 2394 3402 2399 ’

1791 2509 1876 2548 res
1923 2502 2132 2547 creatas
2178 2499 2574 2560 pervadentem,
2607 2511 2724 2563 quae
2781 2504 2836 2549 et
2880 2504 3005 2550 tunc
3047 2497 3265 2566 incepit,
3297 2509 3352 2554 et

1793 2602 1962 2656 usque
1993 2588 2163 2641 adhuc
2197 2586 2379 2641 efﬁcax
2411 2597 2512 2651 est,
2542 2605 2605 2642 ac
2635 2590 2686 2642 in
2719 2589 2874 2644 linem
2916 2592 3201 2645 transitura
3245 2603 3346 2657 est,

1791 2681 1965 2750 quoad
1999 2691 2399 2734 consummatus
2435 2678 2592 2733 fuerit
2623 2686 2870 2736 mundus.
2894 2682 3346 2748 Quemadmodum

1792 2773 1934 2824 enim
1960 2771 2172 2839 globus,
2201 2787 2319 2824 cum
2354 2786 2382 2824 a
2411 2773 2653 2840 quopiam
2688 2772 2846 2827 fuerit
2873 2784 3068 2838 motus,
3101 2790 3163 2828 ac
3193 2776 3349 2828 dein-

1793 2877 1919 2930 ceps
1947 2862 2202 2915 declivem
2255 2862 2484 2930 aliquem
2527 2862 2697 2916 locum
2747 2873 2936 2917 nactus
2978 2864 3156 2927 fuerit,
3191 2872 3244 2917 et
3279 2879 3346 2916 ex

1791 2953 2002 3022 propria
2064 2965 2353 3019 struetura,
2385 2963 2438 3006 et
2480 2969 2542 3007 ex
2596 2955 2694 3008 loci
2742 2955 3139 3023 opportunitate
3188 2956 3346 3008 deor-

1791 3061 1907 3100 sum
1952 3046 2139 3106 l‘crtur,
2169 3061 2270 3100 nec
2316 3045 2464 3113 prius
2506 3047 2755 3113 quiescit,
2782 3061 2941 3115 quam
2975 3047 3221 3114 planities
3252 3027 3345 3100 ali-

114 3139 266 3192 οὕτω
295 3143 326 3209 ή
357 3141 513 3210 φύσις
545 3143 649 3195 τῶν
670 3142 856 3205 ὄντων,
889 3145 969 3196 ἐνὶ
1003 3146 1379 3216 προστάγματι
1404 3148 1508 3215 (15)
1546 3167 1685 3217 κινη-

1789 3154 1890 3206 qua
1934 3139 2103 3207 ipsum
2142 3139 2413 3206 exceperit
2445 3155 2457 3202 ;
2489 3138 2557 3190 ita
2602 3151 2775 3191 rerum
2827 3148 3014 3190 natura
3063 3153 3166 3191 uno
3204 3155 3340 3207 pra:-

117 3229 300 3293 θεῖσα,
333 3233 429 3301 τὴν
476 3235 530 3285 ἐν
571 3236 635 3304 τῇ
674 3235 883 3301 γενέσει
917 3236 1008 3288 καὶ
1044 3235 1215 3306 φθορᾷ
1255 3235 1429 3288 κτίσιν
1472 3236 1687 3305 ὁμαλῶς

112 3319 477 3391 διεξέρχεται,
504 3323 599 3385 τὰς
626 3323 731 3376 τῶν
758 3325 927 3392 γενῶν
953 3326 1266 3389 ἀκολουθίας
1291 3326 1357 3378 δι’
1377 3328 1687 3396 ὁμοιότητος

116 3411 502 3477 ἁποσώζουσα,
535 3413 639 3477 ἕως
671 3416 734 3468 ἂν
769 3418 902 3486 πρὸς
928 3419 1057 3470 αὐτὸ
1087 3420 1395 3490 καταντήσῃ
1426 3419 1486 3471 τὸ
1511 3418 1681 3482 τέλος.

116 3504 316 3555 Ἵππον
365 3503 462 3572 μὲν
503 3505 608 3576 γὰρ
639 3507 803 3559 ἵππου
832 3511 1057 3561 ποιεῖται
1081 3510 1340 3579 διάδοχον,
1376 3511 1468 3563 καὶ
1500 3510 1685 3563 λέοντα

115 3592 352 3656 λέοντος,
385 3593 478 3646 καὶ
505 3595 658 3648 ἀετὸν
685 3597 839 3649 ἀετοῦ
861 3615 873 3626 ·
906 3601 996 3651 καὶ
1017 3600 1241 3652 ἕκαστον
1260 3599 1367 3652 τῶν
1391 3599 1540 3662 ζώων
1567 3604 1683 3666 ταῖς

116 3685 312 3755 ἐφεξῆς
333 3686 597 3756 διαδοχαῖς
626 3688 1049 3760 συντηρούμενον
1077 3692 1235 3762 μέχρι
1256 3691 1355 3760 τῆς
1378 3692 1680 3756 συντελείας

112 3777 203 3827 τοῦ
237 3779 440 3841 παντὸς
470 3781 844 3852 παραπέμπει.
878 3784 1063 3846 Οὐδεὶς
1097 3785 1282 3854 χρόνος
1311 3785 1677 3855 διεφθαρμένα

113 3863 142 3934 ἢ
162 3865 386 3935 ἐξίτηλα
403 3872 544 3920 ποιεῖ
560 3871 668 3940 (14)
684 3871 787 3923 τῶν
807 3871 957 3934 ζώων
978 3874 1044 3925 τὰ
1063 3873 1344 3942 ἰδιώματα,
1364 3871 1474 3926 ἀλλ’
1493 3873 1678 3942 ὥσπερ

110 3957 232 4022 ἇρτι
259 3958 628 4028 καθισταμένη
667 3963 698 4030 ἡ
732 3963 888 4030 φύσις
916 3964 1000 4015 ἀεὶ
1028 3964 1195 4033 νεαρὰ
1225 3963 1302 4032 τῷ
1331 3963 1503 4032 χρόνῳ
1545 3979 1680 4030 συμ-

112 4050 468 4120 παρατρέχει.
513 4050 865 4120 Ἐξαγαγέτω
900 4056 935 4121 ἡ
969 4054 1043 4122 γῆ
1073 4054 1281 4122 ψυχὴν
1302 4053 1512 4113 ζῶσαν.
1545 4052 1671 4104 Τοῦ-

111 4158 170 4193 το
200 4144 524 4212 ἐναπέμεινε
556 4147 621 4214 τῇ
645 4147 714 4214 γῇ
745 4145 1087 4215 πρόσταγμα,
1129 4147 1220 4197 καὶ
1244 4143 1300 4197 οὗ
1333 4144 1559 4198 παύεται
1590 4145 1677 4210 ἐξ-

115 4233 527 4303 υπηρετουμένη
565 4234 640 4304 τῷ
671 4236 910 4287 κτίσαντι
936 4235 1067 4305 (15).
1101 4236 1180 4287 Τὰ
1216 4237 1310 4305 μὲν
1344 4236 1450 4305 γάρ
1485 4237 1545 4286 ἐκ
1577 4233 1676 4302 τῆς

111 4323 363 4393 διαδοχῆς
404 4326 508 4378 τῶν
543 4327 994 4398 προϋπαρχόντων
1024 4329 1356 4399 παράγεται*
1392 4326 1457 4378 τὰ
1505 4326 1560 4377 δὲ
1597 4325 1674 4377 ἔτι

111 4416 201 4466 καὶ
241 4416 338 4468 νῦν
389 4417 447 4480 ἐξ
479 4419 643 4489 αὐτῆς
674 4420 771 4490 τῆς
802 4420 903 4489 γῆς
938 4420 1339 4490 ζωογονούμενα
1380 4418 1669 4471 δείκνυται.

1787 3240 1942 3296 cepto
1990 3231 2230 3292 incitata,
2270 3245 2354 3282 res
2401 3231 2645 3283 conditas
2679 3230 3010 3297 aequabiliter
3040 3231 3089 3282 in
3119 3247 3343 3299 genera-

1787 3319 1930 3372 tione
1959 3328 2010 3372 et
2046 3319 2098 3371 in
2132 3321 2475 3387 corruptione
2523 3330 2786 3388 penetrat,
2817 3331 3097 3390 servatque
3137 3339 3230 3391 per
3267 3327 3344 3377 si-

1785 3409 2140 3463 militudinem
2170 3411 2537 3464 successiones
2564 3426 2842 3481 generum,
2872 3413 3039 3466 donec
3069 3413 3135 3466 ad
3169 3415 3340 3483 ipsmn

1784 3502 2089 3570 pervenerit
2145 3501 2323 3556 ﬁnem.
2363 3501 2493 3555 Nam
2547 3518 2741 3571 equum
2797 3505 2918 3571 equi
2973 3519 3340 3560 successorem

1783 3594 1934 3657 facit,
1970 3594 2178 3648 leonem
2225 3594 2414 3659 leonis,
2444 3593 2677 3658 aquilam
2715 3595 2906 3664 aquilae
2937 3617 2948 3650 ;
2989 3595 3094 3649 imo
3135 3596 3340 3665 singula

1782 3686 2032 3739 animalia
2063 3689 2508 3755 consequentibus
2539 3689 2967 3742 successionibus
2994 3699 3336 3752 conservata,

1781 3791 1950 3841 usque
2011 3776 2078 3828 ad
2139 3776 2371 3828 universi
2430 3777 2945 3829 consummationem
3004 3778 3332 3833 transmittit.

1780 3864 2008 3931 Tempus
2054 3865 2251 3918 nullum
2297 3865 2525 3918 destruit
2570 3865 2878 3917 animalium
2926 3868 3276 3934 proprietates

1776 3955 1870 4008 sed
1915 3964 2166 4021 tanquam
2213 3969 2380 4022 nuper
2424 3957 2713 4008 constituta
2762 3968 2949 4010 natura
2992 3957 3082 4022 sit,
3123 3974 3333 4024 semper

1779 4059 1968 4097 recens
2014 4060 2116 4096 una
2163 4059 2281 4097 cum
2326 4054 2562 4112 tempore
2591 4046 2846 4099 excurrit.
2885 4046 3149 4099 Producal
3193 4058 3335 4101 terra

1777 4138 2004 4190 animam
2051 4139 2314 4192 viventem.
2360 4137 2470 4191 lloc
2519 4146 2837 4206 prmceptmn
2889 4148 3045 4191 terrae
3095 4141 3329 4204 inlnrsit,

1777 4244 1876 4283 nec
1941 4244 2004 4282 ea
2054 4230 2294 4283 Creatori
2345 4229 2540 4283 desinit
2593 4228 2860 4281 famulari.
2911 4229 3028 4284 Alia
3076 4232 3215 4285 enim
3265 4246 3331 4285 ex

1778 4322 2120 4377 successione
2161 4336 2344 4376 eorum
2384 4335 2501 4390 quae
2534 4323 2680 4390 prius
2715 4322 2990 4386 exstitere,
3024 4324 3331 4391 producun-

1778 4423 1862 4467 tur
1895 4433 1906 4468 :
1942 4415 2047 4467 alia
2074 4429 2200 4470 vero
2233 4430 2295 4470 ex
2335 4415 2442 4483 ipsa
2489 4424 2628 4468 terra
2657 4414 2818 4468 etiam
2855 4430 2998 4468 nunc
3037 4416 3211 4469 adhuc
3250 4417 3332 4468 vi-

112 4508 181 4558 υὺ
211 4509 320 4577 γὰρ
356 4509 510 4577 μόνον
541 4485 785 4579 τέττιγας
815 4485 888 4566 -ἐν
929 4485 1249 4584 ἐπομϐρίαίς
1284 4513 1513 4581 ἀνίησιν,
1553 4512 1671 4565 οὐδὲ

1789 4518 1884 4562 Lam
1919 4509 2162 4578 accipere
2192 4520 2519 4578 compertum
2555 4520 2654 4563 est.
2685 4509 2801 4562 Non
2831 4485 2988 4562 enim‘
3010 4507 3181 4562 solum
3211 4508 3327 4577 plu-

112 4597 240 4651 ἄλλα
277 4600 449 4668 μυρία
475 4601 602 4670 γένη
627 4602 730 4654 τῶν
762 4603 1142 4675 ἐμφερομένων
1175 4605 1250 4674 τῷ
1277 4605 1395 4676 ἀέρι
1428 4603 1663 4674 πτηνῶν,

110 4685 179 4744 ῶν
205 4695 620 4764 άκατονόμαστά
643 4697 755 4747 ἐστι
776 4696 841 4747 τά
862 4697 1082 4750 πλεῖστα
1104 4699 1190 4750 διὰ
1208 4699 1527 4766 λεπτότητα,
1553 4697 1664 4750 ἀλλ’

112 4783 206 4853 ἤδη
245 4787 342 4838 καὶ
380 4786 480 4854 μῦς
526 4788 616 4839 καὶ
651 4788 949 4859 βατράχους
1000 4787 1058 4853 ἐξ
1107 4793 1272 4861 αὐτῆς
1311 4792 1621 4844 ἀναδίδωσιν
1646 4808 1660 4822 ·

111 4875 234 4928 ὅπου
260 4895 326 4945 γε
369 4879 493 4947 περὶ
520 4879 698 4951 Θήϐας
723 4880 820 4944 τὰς
846 4882 1161 4950 Αἰγυπτίας,
1189 4882 1400 4935 ἐπειδὰν
1434 4883 1532 4953 ὕσῃ
1567 4883 1660 4935 λά-

112 4965 248 5033 δρως
281 4970 345 5020 ἐν
379 4969 665 5039 καύμασιν,
716 4972 874 5036 εὐθὺς
918 4974 1222 5044 ἀρουραίων
1265 4973 1412 5043 μυῶν
1445 4976 1476 5041 ἠ
1510 4972 1660 5041 χώρα

110 5061 566 5130 καταπληροῦται.
628 5063 737 5130 Τάς
786 5067 839 5119 δὲ
883 5067 1118 5137 ἐγχέλεις
1169 5066 1277 5138 (16)
1325 5065 1443 5117 οὑδέ
1493 5064 1664 5124 ἄλλως

167 5219 201 5250 ¹¹
223 5221 362 5276 Gen.
397 5237 436 5288 t,
461 5223 547 5277 24.

175 5338 280 5417 (10)
304 5341 459 5417 _T_res
490 5359 617 5398 mss.
653 5340 760 5416 ἆρα
782 5347 967 5402 τούτου
989 5367 1070 5417 γε.
1093 5348 1224 5417 Reg.
1256 5357 1437 5402 sextus
1461 5345 1646 5400 τούτου

109 5410 208 5483 καί.
237 5411 384 5483 Editi
423 5428 541 5466 cum
569 5410 883 5483 quibusdam
921 5410 1049 5473 mss.
1085 5410 1271 5472 τούτου
1304 5418 1504 5470 ἕνεκεν.

171 5481 276 5560 (ll)
320 5482 427 5535 Sex
478 5481 612 5560 mss.
657 5502 779 5560 cum
829 5504 928 5543 ms.
979 5490 1215 5545 Combet'.
1267 5489 1643 5560 ἐπεχείρησαν.

109 5545 245 5624 Editi
258 5545 628 5624 ἐπιχειρῆσαι,
645 5558 804 5610 male.

307 5624 401 5701 §ic
428 5621 555 5679 mss.
594 5626 762 5701 multi.
799 5627 969 5701 Editio
992 5628 1162 5683 Paris.
1197 5631 1410 5701 ἀπωθῇ.

169 5691 272 5759 (15.)
313 5693 442 5772 Reg.
471 5707 652 5772 sextus
675 5696 849 5772 ὄντων
863 5700 919 5752 ἐν
952 5701 1344 5771 προστάγματι.
1363 5691 1500 5758 "Mox
1527 5701 1644 5772 p‘lu-

113 5769 184 5813 res
217 5777 342 5819 tuss.
374 5765 471 5834 τὴν
501 5768 558 5820 ἐν
584 5770 649 5836 τῇ
678 5785 787 5837 γεν.
820 5769 974 5828 Deest
995 5765 1071 5841 ’τῇ
1110 5765 1361 5832 in‘éditis.

1776 4603 1863 4657 vio
1900 4612 2135 4672 tempore
2165 4604 2275 4657 edit
2304 4605 2537 4668 cicadas,
2566 4614 2656 4654 aut
2689 4602 2790 4654 alia
2830 4602 3106 4656 innumera
3135 4603 3328 4656 volati-

1774 4692 1900 4746 lium
1953 4695 2004 4746 in
2054 4709 2175 4748 aere
2221 4695 2528 4763 vagantium
2578 4708 2792 4761 genera,
2829 4709 3051 4763 quorum
3098 4694 3324 4764 plurima

1770 4796 1985 4856 propter
2040 4788 2352 4841 tenuitatem
2412 4796 2536 4839 sunt
2594 4801 2855 4856 auonyma
2915 4804 2929 4841 :
2990 4787 3082 4841 sed
3144 4801 3326 4840 mures

1767 4877 1926 4932 etiam
1959 4887 2009 4930 et
2045 4894 2200 4932 ranas
2232 4894 2297 4932 ex
2344 4894 2401 4932 se
2440 4879 2551 4946 ipsa
2588 4879 2809 4946 profert.
2839 4878 2971 4932 Nam
3010 4879 3155 4933 circa
3183 4877 3327 4931 The-

1771 4970 1862 5023 bas
1901 4968 2204 5038 Egyptians,
2236 4970 2324 5022 ubi
2381 4970 2432 5022 in
2485 4971 2700 5024 aestibus
2760 4971 2904 5037 large
2948 4970 3105 5040 pluit,
3140 4970 3322 5024 statim

1769 5060 2156 5129 campestribus
2194 5062 2430 5116 muribus
2461 5065 2606 5134 regio
2645 5065 2958 5132 completur.
2994 5063 3132 5128 Quin
3159 5061 3320 5117 etiam

1827 5363 1938 5434 (M)
1977 5363 2054 5418 Ita
2085 5365 2252 5419 codex
2298 5365 2537 5421 Combel.
2585 5383 2705 5420 cum
2749 5368 2881 5436 Reg.
2929 5380 3138 5426 octavo.
3170 5367 3315 5423 Editi

1751 5449 2031 5510 vero___cu_m
2068 5438 2275 5490 cazteris
2312 5452 2436 5510 mss.
2476 5438 2663 5508 χρόνος
2689 5439 2908 5510 ἐξίτηλα
2941 5442 3100 5493 ποιεῖ.

1823 5505 1933 5581 (15)
1958 5505 2092 5581 Reg.
2122 5517 2303 5581 sextus
2337 5505 2905 5581 ἐξυπηρετουμένητῴ
2932 5510 3312 5581 προστάγματι

1749 5575 1852 5697 ὶιτοῦ⁸
1882 5577 2182 5641 κτίσαντος,
2222 5575 2329 5630 Nec
2364 5575 2630 5633 Creatoris
2658 5575 2888 5650 i'mpei'io'
2910 5575 3098 5634 desinit
3131 5575 3309 5650 famu-

1771 5663 1876 5697 an.

1771 5663 1876 5700 art.

1820 5705 1928 5787 (16)
1967 5717 2076 5773 Duo
2106 5733 2236 5774 mss.
2271 5718 2367 5783 τὰς
2395 5719 2450 5772 δὲ
2481 5719 2723 5791 ἐγχέλυς·
