4100 6312
767 353 863 408 ιιιι
2068 352 2122 407 S.
2168 352 2409 408 BASlLll
2442 352 2654 409 MAGNI
3886 358 3976 412 £92

761 474 1025 546 anguillas
1064 474 1295 529 vidimus
1330 490 1433 529 non
1473 475 1633 531 aliter
1659 490 1819 545 quam
1857 490 1921 530 ex
1957 475 2084 529 limo
2123 478 2321 532 consti-

2427 478 2637 547 ὁρῶμεν
2669 477 2700 548 ἢ
2737 479 2798 529 ὲκ
2827 476 2921 547 τῆς
2967 476 3107 539 ίλύος
3146 478 3567 549 συνιςιττςιμένιις⁸
3604 492 3679 529 ων
3720 476 3845 528 οὕτε
3886 480 3976 531 ὠὸν

763 567 874 632 tui,
925 581 988 620 ac
1039 568 1284 636 generari
1338 586 1352 622 :
1409 582 1635 634 quarum
1699 570 2098 623 successionem
2153 584 2325 638 neque

760 672 941 719 Ovum,
976 671 1148 726 neque
1193 658 1332 713 ullus
1376 658 1509 711 alius
1553 658 1739 713 modus
1792 659 2029 722 coniicit,
2060 661 2152 712 sed
2200 662 2325 730 ipsa:

760 762 829 803 ex
881 760 1020 802 terra
1068 761 1251 805 ortum
1302 749 1519 803 habent.
1569 749 1834 803 Producat
1884 760 2021 803 terra
2072 751 2321 804 animum.

766 839 962 895 Pecora
996 852 1124 897 sunt
1156 842 1451 902 terrestria,
1482 851 1536 896 et
1582 856 1768 896 versus
1802 853 1996 896 terram
2029 843 2277 898 inclinata
2308 862 2322 898 :

766 930 925 985 homo
957 948 1083 986 vero
1111 931 1199 1000 qui
1230 932 1409 999 planta
1436 932 1672 987 coalesus
1698 943 1802 995 est,
1827 943 2025 999 quanto
2058 950 2327 1003 corporea:

762 1023 1212 1078 conformationis
1256 1020 1447 1087 forma,
1495 1032 1640 1075 tanto
1689 1022 1850 1075 etiam
1902 1021 2095 1074 animae
2149 1024 2325 1094 digni-

762 1123 873 1168 tate
900 1122 1133 1183 praestat.
1161 1111 1343 1179 Qualis
1368 1122 1450 1165 est
1475 1110 1878 1181 quadrupedum
1912 1111 2126 1167 forma?
2156 1118 2326 1181 Caput

760 1204 999 1275 ipsorum
1054 1205 1105 1258 iu
1159 1216 1355 1256 terram
1412 1218 1637 1272 pronum
1684 1214 1788 1266 est,
1821 1204 2040 1273 respicit
2090 1209 2155 1261 ad
2199 1222 2324 1259 ven-

765 1309 925 1360 trem,
960 1296 1182 1363 ejusque
1230 1295 1636 1349 delectationem
1694 1297 2003 1351 omnimodo
2049 1299 2325 1368 prosequi-

764 1402 870 1445 tur.
908 1389 1153 1443 Erectum
1187 1397 1268 1442 est
1297 1388 1359 1439 ad
1391 1388 1587 1439 coelum
1639 1397 1798 1455 caput
1841 1397 1986 1443 tuum
2022 1390 2200 1444 :oculi
2248 1389 2321 1442 tui

762 1497 991 1550 superna
1045 1482 1337 1534 intuentur.
1369 1478 1522 1545 Quod
1577 1480 1619 1533 si
1674 1494 1907 1546 unquam
1952 1493 2005 1535 et
2048 1491 2100 1534 tu
2144 1482 2324 1536 carnis

765 1572 1136 1626 all‘ectionibus
1175 1583 1223 1625 te
1256 1574 1364 1640 ipse
1400 1573 1834 1637 dedecoraveris,
1866 1574 2144 1641 ventrique
2177 1582 2231 1627 et
2259 1575 2325 1631 iis

760 1677 880 1731 qua:
924 1663 1023 1717 sub
1080 1673 1266 1716 ventre
1317 1674 1462 1726 sunt,
1503 1664 1758 1719 servieris
1805 1683 1818 1721 :
1865 1664 2208 1732 Comparalus
2265 1683 2323 1724 es

758 1755 1005 1824 iumentis
1059 1754 1441 1823 insipientibus,
1487 1766 1534 1810 et
1577 1757 1766 1811 similis
1812 1757 1981 1825 [actus
2023 1771 2080 1810 es
2124 1757 2318 1817 illis“.

2425 567 2544 621 οὔτε
2571 584 2653 632 τις
2684 569 2836 630 ἄλλος
2863 566 3060 638 τρόπος
3102 566 3198 637 τὴν
3224 566 3467 639 διαδοχὴν
3502 568 3838 637 συνίστησιν,
3876 571 3975 622 ἀλλ’

2424 660 2490 712 ἐκ
2520 658 2617 728 τῆς
2647 664 2748 731 γῆς
2778 662 2920 712 ἐστιν
2952 660 3134 724 αὐτοῖς
3162 660 3193 729 ἡ
3224 658 3433 727 γένεσις
3455 662 3588 727 (l7).
3628 658 3977 728 Ἐξαταγ-ἐτω

2424 754 2464 815 ἡ
2495 752 2569 822 γῆ
2596 754 2823 822 ψυχήν.
2852 750 2931 805 Τὰ
2962 752 3129 823 κτήνη
3149 754 3311 822 γήινα
3339 756 3586 826 καὶπρὸς
3607 754 3711 824 γῆν
3744 755 3979 805 νενευκὸ-

2424 861 2491 895 τα
2510 861 2523 874 ο
2554 842 2688 896 ἀλλὰ
2707 845 2765 897 τὸ
2789 844 3033 915 οὐράνιον
3064 846 3225 913 φυτὸν
3248 845 3275 895 ὀ
3297 843 3391 897 ἄνθ
3399 862 3580 913 ρωπος
3608 848 3733 899 ὅσον
3756 843 3834 914 τῷ
3862 848 3976 913 σχή-

2428 953 2555 1005 ματι
2599 936 2695 1006 τῆς
2738 936 3046 1008 σωματικῆς
3093 937 3450 999 διαπλάσεως,
3485 938 3738 992 τοσοῦτον
3786 937 3880 990 καὶ
3914 938 3979 1005 τῷ

2422 1026 2691 1097 ἀξιώματι
2725 1030 2822 1101 τῆς
2861 1030 3035 1098 ψυχῆς
3074 1028 3361 1102 διενήνοχε.
3396 1029 3513 1080 Τῶν
3550 1032 3898 1103 τετραπόδων
3928 1033 3978 1083 τὸ

2426 1120 2607 1189 σχῆμα
2642 1120 2914 1182 ποταπόνς
2957 1118 3019 1169 Ἠ
3050 1119 3255 1189 κεφαλὴ
3289 1117 3593 1173 αύτῶν’ὲπ“ι
3626 1121 3734 1190 γῆν
3765 1118 3978 1191 προσνέ-

2422 1228 2608 1267 νευκεν
2634 1211 2766 1282 (l8),
2796 1212 2885 1265 ἐπὶ
2911 1209 3148 1280 γαστέρα
3177 1211 3381 1280 βλέπει.
3415 1211 3506 1262 καὶ
3544 1212 3608 1263 τὸ
3650 1214 3856 1283 ταύτης
3893 1213 3977 1282 ἡδὺ

2423 1308 2486 1358 ὲκ
2508 1302 2704 1366 παντὸς
2728 1305 2926 1375 τρόπου
2948 1301 3149 1355 διώκει.
3187 1304 3247 1355 'H
3280 1305 3345 1375 σὴ
3368 1301 3570 1370 κεφαλὴ
3602 1304 3742 1373 πρὸς
3763 1303 3978 1374 ούρανόν

2423 1394 2766 1466 διανέστηκεν
2785 1414 2798 1427 ο
2830 1396 2878 1447 οἱ
2901 1392 3163 1463 ὀφθαλμοί
3184 1411 3276 1446 σου
3306 1396 3371 1447 τὰ
3401 1396 3509 1448 ἄνω
3536 1392 3827 1459 βλέπουσιν
3855 1396 3978 1462 (19)·

2421 1489 2514 1552 ὡς,
2547 1487 2641 1540 ὲάν
2678 1507 2804 1542 ποτε
2838 1488 2931 1541 καὶ
2964 1488 3026 1539 σὺ
3057 1489 3166 1547 τοῖς
3193 1486 3385 1538 πάθεσι
3432 1486 3530 1555 τῆς
3566 1487 3772 1556 σαρκὸς
3800 1487 3981 1539 ἑαυτὸν

2422 1580 2711 1652 ἀτιμάσῃς,
2745 1579 2940 1651 γαστρὶ
2986 1577 3247 1631 δουλεύων
3307 1581 3399 1631 καὶ
3443 1582 3552 1642 τοῖς
3588 1577 3695 1630 ὑπὸ
3724 1582 3977 1651 γαστέρα,

2422 1672 2959 1740 Παρασυνεϐλήθης
2989 1670 3113 1736 τοῖς
3145 1669 3387 1737 κτήνεσι
3412 1671 3532 1734 τοῖς
3555 1668 3859 1735 ἀνικήτοις,
3890 1674 3978 1725 καὶ

2421 1763 2719 1835 ὡμοιώθης
2742 1764 2959 1829 αὐτοῖς.
2986 1763 3153 1833 Ἀλλη
3192 1781 3270 1817 σοι
3317 1762 3553 1834 μέριμνα
3586 1764 3897 1833 πρέπουσα,
3919 1765 3982 1815 τὰ

764 1850 924 1903 Decet
956 1857 1007 1902 te
1041 1848 1143 1901 alia
1172 1862 1323 1915 cura,
1350 1864 1591 1917 quaerere
1625 1850 1876 1903 nimirum
1928 1862 1991 1901 ea
2032 1847 2161 1913 Qum
2206 1867 2321 1903 sur-

2424 1856 2541 1910 ᾶνω
2588 1853 2788 1926 ζητεῖν,
2821 1851 2891 1911 οὗ
2921 1854 3029 1925 (20)
3052 1858 3083 1907 ό
3116 1854 3364 1923 Χριστός
3394 1856 3581 1919 ἐστιν,
3612 1855 3757 1926 ὑπὲρ
3782 1854 3847 1907 τά
3872 1856 3984 1923 γήι-

762 1956 877 1993 sum
908 1949 1049 2002 sunt,
1088 1941 1171 1992 ubi
1203 1940 1442 1993 Christus
1469 1952 1541 1993 est
1576 1940 1636 2001 ”,
1667 1954 1729 1991 ac
1758 1946 1987 1991 tuentem
2020 1953 2180 2007 super
2204 1951 2324 1995 ter-

764 2033 952 2085 restria
1008 2034 1297 2101 sun-igere.
1337 2030 1405 2085 Ut
1452 2029 1821 2082 conformatus
1879 2044 1971 2093 es,
2034 2030 2107 2083 ita
2163 2033 2325 2087 etiam

762 2126 985 2192 dispone
1017 2136 1162 2179 tuam
1212 2124 1376 2195 ipsius
1403 2124 1610 2179 .vitam.
1644 2120 1997 2177 Conversatio
2034 2130 2123 2177 tua
2162 2124 2233 2179 sit
2272 2125 2325 2179 in

759 2217 911 2271 cmlis
946 2218 988 2247 ιλ
1024 2236 1035 2270 :
1069 2233 1191 2269 vera
1241 2224 1326 2268 tua
1367 2216 1539 2284 patria
1595 2223 1677 2267 est
1716 2228 1945 2282 superna
1991 2212 2321 2280 Jerusalem;

758 2309 904 2362 cives
942 2319 995 2361 et
1046 2306 1288 2373 tribules,
1326 2307 1666 2377 primogeniti
1719 2306 1816 2374 ipsi
1854 2324 1866 2361 :
1908 2304 2011 2372 Qui
2048 2307 2326 2374 conscripti

758 2411 879 2457 sunt
911 2404 962 2454 in
988 2401 1126 2455 cali:
1163 2401 1227 2456 ".

831 2496 941 2568 82
970 2496 1022 2551 5.
1055 2493 1319 2549 Producat
1350 2503 1487 2549 terra
1517 2494 1745 2547 animam
1772 2494 2040 2547 viventem.
2065 2490 2191 2556 Oua‘.
2222 2491 2325 2561 igi-

767 2599 853 2642 tur
882 2590 1160 2643 brutorum
1209 2592 1386 2641 anima
1430 2588 1673 2649 emersit,
1707 2600 1767 2639 ea
1814 2601 1916 2638 non
1947 2594 2064 2639 erat
2098 2586 2148 2636 in
2182 2593 2325 2636 terra

765 2680 1065 2743 recondita;
1102 2679 1192 2732 sed
1226 2677 1383 2731 simul
1430 2692 1548 2728 cum
1597 2684 1862 2741 przecepto
1906 2683 2083 2724 ortum
2118 2673 2320 2725 habuit.

768 2771 879 2824 Una
908 2781 1085 2821 autem
1122 2776 1204 2820 est
1243 2768 1519 2819 brutorum
1555 2765 1771 2827 anima;
1802 2762 2064 2829 siquidem
2099 2760 2323 2815 rationis

759 2860 1007 2929 privatio,
1042 2858 1182 2913 illius
1210 2859 1495 2911 character
1521 2866 1605 2910 est
1630 2873 1644 2909 :
1671 2855 1900 2910 diversis
1927 2867 2053 2906 vero
2081 2851 2322 2919 proprie-

763 2953 958 3006 tatibus
1007 2950 1210 3019 singula
1266 2948 1666 3018 distinguuntur
1712 2944 1986 2999 animalia.
2038 2944 2131 2997 Est
2177 2943 2319 2996 enim

761 3042 859 3096 bos
885 3050 1138 3095 constans
1168 3048 1221 3094 et
1256 3038 1464 3103 ﬁrmus,
1496 3040 1680 3093 asinus
1711 3038 1880 3107 piger,
1913 3037 2109 3090 ardens
2153 3049 2322 3102 equus

760 3133 829 3186 ad
882 3132 1231 3201 appetendam
1281 3130 1568 3194 feminam,
1626 3130 1810 3199 nequit
1859 3127 2085 3182 cicurari
2134 3124 2320 3195 lupus,

2427 1966 2489 2001 να
2518 1941 2653 2000 εἶναι
2700 1952 2764 2021 τῇ
2794 1946 3015 2017 διανοίᾳ..
3054 1946 3139 2010 Ὠς
3163 1948 3649 2020 ,διεσχηματίσθης,
3691 1949 3840 2001 οὕτω
3878 1948 3981 1999 διά-

2428 2040 2516 2093 θου
2546 2040 2770 2092 σεαυτοῦ
2803 2043 2892 2093 καὶ
2912 2039 2999 2092 τὸν
3028 2036 3158 2107 βίον.
3191 2036 3262 2090 Τὸ
3293 2039 3589 2109 πολίτευμα
3615 2040 3707 2109 ἔχε
3738 2042 3797 2092 ἐν
3835 2042 3985 2109 ούρα-

2428 2138 2551 2197 νοῐς.
2589 2134 2835 2206 Ἀληθινή
2874 2152 2965 2188 σου
2996 2134 3189 2200 πατρὶς
3213 2134 3246 2201 ἡ
3280 2132 3390 2185 ἄνω
3433 2133 3817 2203 Ἰερουσαλὴμ,
3849 2135 3983 2185 πολί-

2425 2244 2512 2279 ται
2536 2226 2628 2279 καὶ⁹
2651 2228 2987 2296 συμφυλέται
3009 2228 3058 2280 οἱ
3088 2224 3432 2294 πρωτότοκοι,
3457 2228 3520 2278 Οἱ
3543 2225 3983 2293 daora-pappe-

2426 2338 2514 2375 νοι
2544 2320 2613 2373 ἐν
2640 2320 2935 2386 οὐρανοῖς.

2495 2505 2545 2558 5.
2594 2500 2946 2571 Ἐξαγιιγέτω
2996 2503 3034 2570 ἡ
3079 2499 3153 2572 γῆ
3186 2501 3396 2571 ψυχὴν
3426 2502 3639 2563 ᾇῖισαν.
3694 2504 3784 2556 Ού·
3816 2504 3981 2555 τοίνυν

2425 2596 2815 2666 ὲναποκειμένη
2954 2598 3022 2667 γῇ
3070 2597 3105 2667 ἡ
3153 2595 3297 2668 ψυχὴ
3336 2596 3443 2648 τῶν
3477 2597 3684 2663 ἀλόγων
3720 2595 3977 2664 ἐξεφάνη·

2423 2685 2535 2736 ἀλλ’
2556 2684 2688 2754 ὁμοῦ
2722 2684 2798 2754 τῷ
2828 2686 3208 2756 προστάγματι
3237 2686 3557 2755 συνυπέστη.
3602 2685 3719 2737 Μία
3761 2684 3821 2736 δὲ
3852 2685 3981 2753 duxi;

2422 2774 2528 2825 τῶν
2556 2776 2782 2843 ἀλόγων.
2823 2776 2917 2827 Ἓν
2948 2776 3057 2845 γὰρ
3082 2774 3247 2845 αὐτὴν
3293 2773 3353 2826 τὸ
3384 2773 3792 2846 χαρακτηρίζον
3826 2775 3979 2835 ἐστὶν,

2420 2865 2452 2934 ἠ
2490 2864 2697 2933 ἀλογία.
2744 2864 3012 2935 Ἰδιὼμασι
3046 2865 3099 2917 δὲ
3126 2865 3395 2936 διαφόροις
3430 2866 3658 2919 ἕκαστον
3692 2864 3809 2918 τῶν
3839 2865 3981 2930 ζώων

2422 2957 2667 3027 κέκριται
2704 2957 2832 3028 (21).
2865 2958 3144 3029 Εὑσταθὴς
3176 2959 3273 3029 μὲν
3305 2957 3411 3030 γὰρ
3434 2958 3461 3009 ὁ
3493 2957 3640 3028 βοῦς,
3674 2959 3858 3030 νωθὴς
3884 2960 3934 3014 δὲ
3958 2964 3983 3013 ὸ

2420 3051 2559 3114 δνος,
2607 3050 2805 3124 θερμὸς
2847 3051 2903 3105 δὲ
2942 3053 2970 3105 ὁ
3023 3051 3186 3116 ἵππος
3233 3051 3368 3123 πρὸς
3418 3052 3713 3122 ἐπιθυμίαν
3760 3054 3856 3107 τοῦ
3896 3054 3983 3124 θή-

2422 3143 2539 3207 λεος
2563 3143 2695 3215 (22),
2726 3143 3108 3208 ἁτιθάσσευτος
3144 3146 3172 3198 ὁ
3199 3143 3381 3209 λύκος,
3415 3145 3507 3198 καὶ
3532 3143 3752 3215 δολερὸν
3783 3148 3818 3216 ἡ
3856 3146 3985 3199 ἀλώ-

760 3221 944 3276 dolosa
968 3232 1051 3275 est
1072 3221 1279 3291 vulpes,
1303 3220 1523 3276 timidus
1550 3235 1759 3284 cervus,
1783 3219 2001 3274 lormica
2034 3216 2319 3285 laboriosa,

2424 3203 2754 3309 micet:th
2783 3240 2810 3291 ὁ
2842 3238 3057 3309 ἔλαφος,
3165 3203 3382 3309 μύρμηξ
3428 3203 3732 3307 φιλόπονος,
3776 3203 3986 3308 εύχάριο

758 3316 912 3371 canis
942 3325 1129 3385 gratus
1158 3325 1260 3381 est,
1292 3327 1346 3369 et
1384 3315 1634 3369 amicitiae
1678 3329 1906 3369 memor.
1937 3312 2222 3367 Enimvero
2251 3310 2326 3365 si-

764 3409 1037 3477 mulatque
1085 3408 1360 3476 quodlibet
1406 3408 1603 3460 animal
1656 3416 1893 3460 creatqu
1941 3414 2060 3469 est,
2110 3404 2323 3457 inducta

761 3509 842 3553 est
874 3499 921 3553 ei
954 3509 1160 3551 natura:
1187 3513 1296 3552 suae
1319 3504 1640 3567 prOprietas.
1665 3498 1928 3552 Producta
1959 3507 2039 3551 est
2066 3513 2168 3550 una
2201 3513 2322 3551 cum

768 3587 921 3642 leone
956 3587 1293 3642 vehementia
1324 3588 1511 3653 animi,
1536 3587 1747 3640 vivendi
1781 3586 1915 3640 ratio
1948 3585 2207 3648 solitaria,
2237 3586 2320 3637 iu-

765 3679 915 3734 doles
940 3680 1181 3748 quadam
1206 3694 1325 3733 eum
1354 3680 1466 3733 suis
1498 3679 1780 3733 tribulibus
1809 3675 2157 3733 insociabilis.
2188 3674 2320 3728 Nam

768 3772 913 3827 velut
964 3773 1179 3843 quidam
1231 3774 1507 3828 brutarum
1561 3774 1908 3827 animantium
1950 3781 2227 3842 tyrannus,
2256 3769 2323 3823 ob

777 3874 980 3918 natura:
1014 3865 1340 3933 superbiam,
1377 3864 1571 3918 multos
1600 3864 1698 3918 sibi
1731 3877 1885 3933 pares
1912 3876 2028 3916 esse
2054 3869 2107 3916 et
2140 3875 2323 3930 aequa-

771 3953 851 4009 les
879 3970 983 4008 non
1013 3956 1159 4011 sinit.
1188 3955 1287 4021 Qui
1318 3970 1447 4009 sane
1476 3970 1646 4023 neque
1680 3956 1987 4009 hesternum
2016 3952 2322 4008 alimentum

760 4048 1016 4109 admittit,
1054 4063 1225 4116 neque
1268 4049 1333 4101 ad
1368 4064 1479 4102 suae
1508 4049 1697 4117 praedae
1744 4048 1994 4116 reliquias
2028 4048 2167 4101 redit
2195 4067 2206 4101 :
2238 4046 2321 4099 cui

760 4139 924 4191 etiam
968 4146 1113 4190 tanta
1162 4139 1306 4192 vocis
1349 4153 1550 4207 organa
1603 4139 1790 4191 indidit
1831 4145 2042 4200 natura,
2075 4146 2133 4190 ιιι
2171 4137 2321 4205 plura

761 4228 1011 4282 animalia
1047 4229 1201 4299 longe
1233 4230 1348 4300 ipso
1374 4231 1665 4289 velociora,
1694 4228 1808 4283 solo
1848 4242 1988 4297 saepe
2035 4228 2207 4296 rugitu
2238 4242 2321 4281 ca-

760 4324 993 4390 piantur.
1024 4320 1328 4377 Vehemens
1360 4334 1443 4377 est
1480 4323 1762 4391 panthera,
1792 4333 1848 4377 et.
1874 4323 1938 4377 ad
1974 4321 2206 4390 impetus
2237 4334 2319 4372 re-

761 4413 1008 4476 pentinos
1048 4412 1291 4481 espedita
1327 4434 1340 4467 :
1376 4429 1570 4481 corpus
1610 4413 1836 4483 agilitati
1882 4422 1937 4469 et
1976 4411 2179 4466 levitati
2215 4410 2320 4465 ido-

2425 3344 2547 3384 στον
2575 3332 2603 3383 ὀ
2636 3331 2778 3384 κύων
2821 3332 2914 3384 καὶ
2945 3331 3081 3401 πρὸς
3112 3330 3291 3398 φιλίαν
3322 3330 3671 3399 μνημονικόν.
3712 3330 3883 3398 Ὁμοῦ
3924 3347 3980 3382 τε

2422 3419 2529 3489 γὰρ
2566 3420 2784 3488 ἐκτίσθη
2814 3420 3060 3480 ἕκαστον,
3092 3419 3185 3469 καὶ
3215 3416 3618 3485 συνεπηγάγετο
3650 3414 3764 3487 (-23)
3815 3417 3984 3487 ἑαυτῷ

2419 3510 2517 3577 τῆς
2547 3510 2759 3579 φύσεως
2802 3510 2861 3562 τὸ
2885 3508 3096 3579 ἰδίωμα.
3140 3507 3583 3579 Συναπεγεννήθη
3632 3510 3663 3561 ὁ
3706 3508 3882 3579 θυμὸς
3912 3510 3983 3577 τῷ

2420 3600 2613 3664 λέοντι,
2648 3602 2706 3655 τὸ
2743 3601 3061 3672 μοναστικὸν
3094 3601 3254 3653 αὑτοῦ
3279 3600 3378 3671 τῆς
3403 3600 3565 3671 ζωῆς,
3591 3600 3655 3653 τὸ
3681 3602 3981 3672 ἀκοινώνη-

2418 3709 2509 3745 τον
2555 3692 2692 3762 πρὸς
2739 3692 2799 3745 τὸ
2836 3691 3121 3762 ὁμόφυλον.
3160 3688 3285 3745 Οἴον
3321 3692 3432 3763 γάρ
3461 3710 3544 3755 τις
3579 3691 3847 3761 τύραννος
3883 3694 3983 3744 τῶν

2421 3784 2654 3853 ἀλόγων,
2686 3785 2773 3839 διὰ
2798 3785 2895 3855 τὴν
2923 3787 2987 3839 ὲκ
3006 3785 3215 3855 φύσεως
3241 3784 3537 3855 ὑπεροψίαν
3567 3784 3666 3854 τὴν
3702 3784 3843 3853 πρὸς
3865 3786 3983 3847 τους

2424 3877 2646 3941 πολλοὺς
2668 3877 2951 3948 ὁμοτιμίαν
2990 3879 3049 3931 οὐ
3081 3876 3448 3945 καταδέχεται.
3491 3877 3587 3935 '0;
3614 3891 3678 3943 γε
3713 3876 3836 3929 οὐδὲ
3877 3877 3983 3946 19t-

2422 3971 2519 4041 ζὴν
2546 3972 2748 4041 τροφὴν
2775 3986 3073 4040 προσιεται,
3100 3968 3209 4021 οὐδ’
3239 3967 3303 4020 ἂν
3329 3957 3645 4036 τὰλείψανα
3672 3969 3774 4037 τῆς
3797 3966 3980 4019 ἑαυτἿῦ

2422 4063 2592 4134 θήρας
2614 4062 2853 4116 ἐπέλθοι·
2952 4062 3043 4114 καὶ
3062 4060 3361 4131 τηλικαῦτα
3385 4061 3483 4129 τῆς
3510 4059 3697 4129 φωνῆς
3722 4060 3793 4113 τὰ
3824 4060 3981 4130 ὀργα-

2418 4173 2485 4210 να
2529 4157 2561 4226 ἡ
2597 4155 2756 4223 φύσις
2784 4154 3058 4223 ἐνέθηκεν,
3092 4152 3253 4216 ὥστε,
3289 4152 3457 4205 πολλὰ
3493 4151 3601 4204 τῶν
3629 4150 3788 4215 ζώων
3818 4152 3977 4223 ὑπερ-

2418 4245 2676 4300 ϐάλλοντα
2706 4248 2769 4316 τῇ
2795 4246 3073 4316 ταχύτητι,
3126 4245 3271 4317 μόνῳ
3320 4246 3575 4309 πολλάκις
3601 4245 3884 4299 ἁλίκεσθαι
3915 4243 3981 4312 τῷ

2418 4335 2747 4408 βρυχήματι.
2788 4336 3066 4405 Ῥαγδαῖον
3114 4338 3147 4406 ἡ
3198 4336 3480 4408 πάρδαλις,
3535 4336 3630 4390 καὶ
3685 4336 3979 4408 ὀξύρροπον

2415 4428 2533 4487 ταῖς
2561 4427 2789 4495 ὁρμαῖς·
2836 4425 3138 4495 ἐπιτήδειον
3168 4426 3301 4495 αὐτῇ
3340 4425 3400 4477 τὸ
3440 4425 3597 4495 σῶμα
3631 4425 3979 4488 συνέζευκται

760 4518 941 4567 neum,
973 4505 1222 4572 quodque
1262 4507 1453 4559 animm
1504 4509 1735 4561 motibus
1785 4509 2050 4571 convenit,
2085 4505 2134 4560 ei
2180 4520 2312 4559 con-

2421 4518 2479 4587 τῇ
2508 4516 2760 4587 ὑγρότητι
2791 4518 2884 4569 καὶ
2918 4515 2996 4587 τῷ
3022 4515 3226 4585 κούφῳ,
3255 4518 3366 4579 τοῖς
3395 4517 3490 4587 τῆς
3518 4515 3694 4585 ψυχῆς
3724 4516 3977 4585 κινήμασι

751 4590 990 4661 junctum
1019 4605 1117 4649 est.
1142 4595 1300 4663 Pigra
1329 4607 1411 4651 est
1444 4612 1581 4650 ursa:
1613 4607 1824 4661 natura,
1852 4596 2056 4650 indoles
2087 4594 2313 4664 peculia-

753 4686 851 4751 ris,
888 4702 1065 4741 mores
1111 4689 1338 4753 subdoli,
1369 4700 1422 4743 et
1468 4689 1572 4743 alte
1611 4690 1758 4744 tecti.
1796 4688 1982 4744 lnduta
2027 4699 2110 4744 est
2150 4692 2309 4745 etiam

2421 4607 2803 4678 συνεπόμενον.
2827 4608 3028 4679 Νωθρὰ
3054 4609 3085 4679 ἡ
3112 4607 3270 4676 φύσις
3300 4608 3397 4677 τῆς
3427 4608 3649 4679 ἄρκτου,
3688 4606 3978 4675 ἰδιότροπον

2418 4699 2512 4752 καὶ
2539 4698 2599 4751 τδ
2628 4694 2779 4769 ἦθος,
2809 4698 3058 4764 ὓπουλον,
3100 4698 3235 4769 βαθὺ
3270 4698 3548 4761 ἐνδεδυκός
3587 4696 3723 4767 (24).
3762 4698 3978 4767 Ὅμοιον

819 4854 1241 4949 InPsa'l.1u.vtu,
1269 4889 1352 4943 15.
1386 4888 1649 4944 "Coloss.
1692 4906 1770 4955 ιιι,
1814 4888 1863 4943 l.
1942 4888 1986 4920 “
2018 4887 2244 4957 Philipp.
2288 4904 2321 4941 ιι

2421 4889 2488 4944 ιο.
2568 4891 2610 4923 ⁸⁵
2638 4890 2805 4948 Hebr.
2840 4909 2942 4960 xu,
2966 4895 3058 4960 22,
3088 4894 3157 4949 25

836 5028 937 5100 (l7)
978 5027 1114 5100 Reg.
1162 5029 1381 5100 quintus
1424 5029 1605 5091 αὐτοῖς
1651 5031 1682 5098 ἡ
1727 5029 1995 5100 γέννησις.
2030 5029 2316 5100 Aliquanto

757 5097 873 5171 post
902 5100 1066 5171 editio
1103 5098 1259 5171 Basil.
1294 5102 1614 5171 cuttntnttltts
1638 5097 1764 5153 mss.
1785 5097 2318 5171 davﬂpwmq.Deest

756 5169 1015 5221 articulus
1046 5168 1097 5220 in
1129 5170 1362 5220 editione
1396 5169 1572 5223 Paris.

824 5238 933 5307 (18)
975 5238 1151 5291 tiodex
1185 5239 1425 5293 Couihef.
1458 5255 1578 5292 cum
1613 5239 1927 5307 quibusdam
1967 5255 2094 5292 mss.
2129 5240 2308 5293 νένευ-

754 5324 867 5380 κεν.
900 5311 1034 5360 ισριΙίιι
1065 5325 1184 5380 cuin
1209 5310 1522 5376 quibusdam
1555 5310 1672 5380 aliis
1696 5308 2109 5380 προσ-νένευκεν.
2129 5309 2307 5379 [ConL

756 5378 866 5450 Mel
895 5381 1022 5450 tium
1060 5379 1109 5430 in
1152 5379 1388 5432 Cmuteri
1424 5379 1674 5450 Anecdot.
1713 5378 1855 5450 t.lll.
1882 5379 2031 5450 p.7.]

831 5448 935 5514 (l9)
968 5449 1185 5501 Veteres
1212 5451 1449 5518 quinque
1483 5450 1597 5500 libri
1637 5449 1939 5517 βλέπουσιν.
1968 5448 2099 5518 ιὶὲςε.
2130 5459 2309 5504 sextus

754 5519 1041 5571 σκοποῦσιν
1075 5519 1177 5581 ἓως
1211 5519 1295 5571 ἄν.
1336 5521 1472 5573 Etliti
1517 5520 1889 5571 σκοπεύουσιν.

827 5589 937 5658 (20)
976 5588 1124 5643 Colb.
1161 5593 1425 5643 secundus
1478 5589 1655 5659 ζητεῖν
1686 5591 1817 5643 ὅπου
1865 5592 1912 5642 ὁ.
1946 5588 2136 5644 Statim
2178 5590 2306 5659 Reg.

754 5662 972 5726 quintus
1003 5660 1168 5723 οὕτως
1196 5659 1375 5711 διάθου
1410 5662 1650 5714 σεαυτόν.

826 5727 933 5802 (gl)
966 5730 1113 5802 (ξομ).
1154 5733 1417 5802 secundus
1452 5730 1603 5795 ζώων
1634 5731 1994 5802 διακέκριται.

828 5798 939 5869 (Si)
978 5800 1153 5855 Editio
1199 5800 1355 5854 Basil.
1410 5818 1531 5856 cum
1574 5818 1664 5857 sex
1694 5798 1842 5857 ωδε(
1873 5801 2164 5873 ἐπιθυμίαν
2216 5800 2307 5855 τοῦ

2422 5030 2629 5100 θήλεος.
2673 5032 2777 5086 Sed
2820 5035 3131 5104 typographi
3165 5032 3516 5095 Parisienses,
3549 5032 3693 5099 quod
3730 5033 3872 5088 hunc
3905 5034 3978 5088 lo-

2422 5116 2542 5173 cum
2582 5104 2830 5157 vitiosqu
2866 5120 2984 5158 esse
3029 5113 3297 5173 putarent,
3343 5105 3723 5173 scripserunt:
3752 5105 3853 5173 τῆς
3882 5104 3975 5173 θή-

2420 5148 2559 5235 Χέόξ,
2594 5148 3016 5243 έὲἱιῖᾧῖρἐἷῖιῖι.
3030 5148 3850 5243 ’ἓῖἆδὶεῖἔιῖιιῖἶὶι’ί¹ἒῖἷιίι“ὸ”θῆᾇί›ἒ
3869 5148 3977 5227 ιῖἑ.

2416 5259 2541 5310 φας,
2566 5313 2574 5315 ᾗ
2600 5242 2791 5310 femina
2845 5246 3049 5315 elephas
3076 5260 3093 5315 .'
3116 5247 3145 5315 ro
3180 5243 3342 5315 θῆλυς
3394 5245 3579 5305 ἵππος,
3630 5242 3785 5315 equa.
3822 5245 3978 5312 Igitur

2414 5324 2536 5437 post.
2566 5313 2659 5365 has
2702 5329 2875 5376 voces,
2929 5314 3021 5366 τοῦ
3066 5313 3274 5385 θήλεος,
3306 5316 3553 5380 suppleas
3587 5314 3745 5366 velim
3791 5314 3973 5367 ῖππου.

2441 5385 2613 5435 bidem
2642 5382 2789 5437 Regii
2823 5394 3003 5437 sextus
3031 5396 3082 5437 et
3116 5396 3338 5437 octavus
3384 5383 3798 5436 ἀτιθάσσευτον.
3845 5386 3973 5437 Editi

2441 5385 2613 5435 bidem
2642 5382 2789 5452 Regii
2823 5394 3003 5437 sextus
3031 5396 3082 5438 et
3116 5382 3338 5438 Octavus
3384 5383 3798 5436 ἀτιθάσσευτον.
3845 5386 3975 5437 Editi

2416 5469 2537 5505 cum
2562 5454 2680 5505 aliis
2713 5470 2835 5507 mss.
2860 5453 3262 5517 άτιθάσσευτος.
3295 5453 3433 5507 Nihil
3468 5455 3630 5506 refert
3664 5456 3765 5505 hoc
3792 5472 3863 5507 an
3898 5455 3976 5507 illo

2421 5523 2577 5575 modo
2624 5523 2787 5590 legas.
2840 5525 3035 5577 Ibidem
3072 5528 3221 5577 multi
3261 5541 3389 5578 mss.
3429 5524 3521 5576 καὶ
3554 5522 3793 5593 δολερόν.
3828 5524 3976 5580 Deest

2418 5593 2595 5664 καίγιιι
2632 5594 2809 5664 editis.
2859 5594 2976 5646 Mox
3017 5595 3146 5662 Reg.
3186 5603 3366 5647 sextus
3410 5591 3631 5664 μύρμηξ
3663 5591 3971 5662 φιλόπονον.

2490 5662 2599 5733 (‘25)
2632 5662 2759 5730 Reg.
2802 5676 2983 5717 srXtus
3018 5662 3447 5732 συναπηγάγετο.

2488 5733 2599 5800 (2i)
2644 5733 2738 5785 Ms.
2770 5734 3012 5787 Combei'.
3056 5752 3173 5787 cum
3220 5740 3347 5803 Reg.
3379 5743 3570 5787 octavo
3600 5733 3737 5803 βαθὺ
3773 5736 3873 5790 καὶ
3899 5736 3975 5790 ὲν·

2416 5803 2652 5867 δεδυκὸς.
2690 5806 2842 5860 Deest
2874 5804 2967 5856 καί
3002 5810 3055 5861 in
3085 5806 3242 5861 editis
3271 5816 3321 5859 et
3353 5806 3405 5859 in
3437 5806 3556 5861 altis
3586 5821 3716 5861 mss.
