4092 6318
195 402 300 458 197

1284 395 1558 451 HOMILIA
1607 398 1668 450 l.\'
1717 396 1778 450 lN
1825 397 2318 458 ΗΕΧΧΕΜΙΞΠΟΝ.

3331 400 3432 454 ᾶδὸ

209 521 302 592 τὴν
337 521 489 588 ξύσιν
521 523 977 591 παραχαράσσων,
1013 522 1134 572 ὅταν
1171 521 1202 590 ἦ
1235 525 1359 582 παῖς
1399 522 1638 595 ἀτιμάζῃ
1671 523 1767 590 γῆ-

1879 523 2027 590 lupus
2085 541 2179 592 pro
2232 526 2343 578 suis
2391 528 2578 582 catulis
2637 533 2870 593 pugnat,
2924 524 3176 593 quidnam
3239 523 3433 575 dixerit

201 630 307 687 ρας
339 611 556 682 πατρὸς,
596 612 626 683 ἢ
660 613 841 684 πατὴρ
868 612 955 664 διὰ
985 613 1249 684 δευτέρων
1281 614 1473 682 γάμων
1503 614 1608 666 τῶν
1643 631 1772 684 προ-

194 704 376 773 τέρων
424 704 621 759 παίδων
662 704 1120 775 ὲπιλανθάνηταις
1186 705 1489 775 Ἀμήχανός
1539 707 1684 758 ἐστιν
1737 707 1769 772 ἡ

201 793 407 864 στοργὴ
431 799 542 859 τοῖς
573 797 785 862 ἀλόγοις
809 796 1011 850 τέκνων
1041 797 1133 848 καὶ
1166 797 1368 863 γονέων
1393 796 1527 865 πρὸς
1552 799 1769 868 ἄλληλα,

197 882 337 934 διότι
366 887 392 936 ὁ
415 885 819 956 δημιουργήσας
844 889 981 940 αὐτὰ
1008 887 1140 949 Θεδς
1166 889 1262 959 τὴν
1292 888 1383 940 τού
1415 887 1571 953 λόγου
1603 890 1772 941 ἔλλει-

197 971 294 1040 ψιν
331 973 417 1026 διὰ
443 979 537 1046 τῆς
565 975 672 1027 τῶν
709 976 1074 1046 αἰσθητηρίων
1101 980 1415 1049 περιουσίας
1457 981 1773 1051 παρεμυθή-

200 1081 356 1119 σατο.
399 1067 565 1119 Πόθεν
597 1067 702 1138 γὰρ
746 1070 802 1120 ἐν
851 1069 1062 1138 μυρίοις
1099 1072 1391 1141 προϐάτοις
1428 1071 1638 1141 ἀρνειὸς
1666 1073 1772 1124 τῶν

197 1159 386 1229 σηκῶν
419 1158 764 1230 ἐξαλλόμενος
788 1156 894 1212 οἶδε
923 1162 1019 1232 μὲν
1040 1164 1136 1234 τὴν
1158 1162 1345 1233 χροιὰν
1369 1162 1537 1234 αὐτὴν
1560 1169 1651 1218 καὶ
1676 1166 1771 1237 τὴν

197 1253 388 1320 φωνὴν
423 1252 529 1320 (45)
554 1255 649 1323 τῆς
681 1254 901 1325 μητρὸς,
947 1259 1039 1309 καὶ
1083 1257 1217 1327 πρὸς
1256 1257 1426 1326 αὐτὴν
1471 1259 1770 1328 ἐπείγεται,

196 1343 451 1411 ἐπιζητεῖ
491 1343 547 1394 δὲ
601 1344 698 1406 τὰς
742 1347 942 1409 οἰκείας
976 1346 1157 1415 πηγὰς
1198 1345 1290 1398 τοῦ
1321 1347 1623 1414 γάλακτοςς
1657 1350 1772 1404 Κᾶν

197 1433 485 1501 πενιχραῖς
513 1435 630 1498 ταῖς
655 1438 935 1508 μητρῴαις
971 1436 1235 1509 περιτύχῃ
1259 1437 1369 1509 (4-4)
1404 1438 1608 1508 Οηλαῖς,
1633 1442 1774 1494 ὲκεί-

197 1538 321 1584 ναις
342 1524 610 1593 ἀρκεῖται,
642 1528 808 1582 πολλὰ
842 1528 1213 1599 παραδραμὼν
1248 1529 1449 1582 ούθατα
1475 1532 1772 1603 βαρυνόμε-

197 1630 286 1667 να.
320 1615 484 1688 Καὶή
516 1619 692 1692 μήτηρ
731 1623 788 1672 ὲν
823 1620 1034 1688 μυρίοις
1067 1621 1290 1691 ἀρνάσιν
1327 1624 1678 1689 ἐπιγινώσκει
1714 1626 1774 1676 τὸ

199 1703 359 1772 ῐδιον;
390 1711 541 1781 Φωνὴ
579 1712 695 1780 μία,
733 1712 867 1780 χρόα
988 1713 1146 1783 αὐτὴ,
1179 1715 1320 1783 ὀσμὴ
1370 1717 1519 1786 παρὰ
1560 1720 1774 1770 πάντων

194 1798 381 1866 ὁμοία,
429 1801 548 1851 ὅσον
580 1805 643 1870 τῇ
680 1801 921 1872 ἡμετέρᾳ
963 1804 1224 1875 ὀσφρήσει
1259 1806 1623 1876 παρίσταται·
1661 1809 1772 1861 ἀλλ’

194 1889 349 1958 ὅμως
399 1889 512 1942 ἔστι
545 1909 628 1955 τις
672 1893 851 1958 αὐτοῖς
885 1896 1134 1967 αἴσθησις
1172 1899 1270 1970 τῆς
1305 1901 1578 1971 ἡμετέρας
1610 1919 1771 1955 κατα·

195 1979 413 2050 λήψεως
466 1981 708 2054 ὀξυτέρα,
759 1988 877 2040 καθ’
929 1989 993 2059 ἣν
1045 1991 1258 2061 ἑκάστῳ
1297 1994 1559 2063 πάρεστιν
1607 1997 1639 2065 ή
1682 1996 1774 2046 τοῦ

194 2074 400 2126 οἰκείου
434 2076 718 2144 διάγνωσις
747 2080 877 2148 (45).
908 2082 1071 2136 Οὔπω
1103 2086 1150 2136 οἱ
1183 2085 1390 2148 ὀδόντες
1421 2086 1497 2155 τῷ
1523 2087 1771 2148 σκύλακι,

195 2166 295 2218 καὶ
342 2167 490 2238 ὅμως
537 2167 624 2220 διὰ
677 2170 768 2222 τοῦ
827 2173 1090 2241 στόματος
1144 2174 1409 2243 ἀμύνεται
1460 2177 1551 2228 τὸν
1599 2179 1773 2248 λυπή-

196 2275 392 2315 σαντα,
449 2260 611 2314 Οὔπω
655 2262 723 2314 τὰ
783 2262 986 2332 κέρατα
1031 2263 1106 2334 τῷ
1144 2266 1348 2336 μόσχῳ,
1390 2267 1482 2320 καὶ
1521 2264 1627 2319 οἶδε
1674 2272 1773 2322 ποῦ

189 2351 266 2403 τὰ
309 2353 452 2407 ὅπλα
496 2354 642 2426 αύτῷ
695 2357 1051 2427 ἐμφυήσεται.
1110 2358 1294 2411 Ταῦτα
1345 2360 1620 2426 ἀπόδειξιν
1665 2361 1775 2432 ἔχει

189 2441 294 2495 τοῦ
327 2443 635 2509 ἀδιδάκτους
667 2442 926 2510 εἴναι-τὰς
955 2447 1143 2516 φύσεις
1167 2449 1446 2511 ἁπάντων,
1479 2452 1572 2503 καὶ
1610 2452 1775 2522 μηδὲν

191 2533 337 2589 εἶναι
390 2535 616 2592 ἄτακτον
662 2540 794 2612 μηδὲ
848 2540 1095 2611 ἀόριστον
1145 2542 1202 2593 ἐν
1254 2546 1365 2606 τοῖς
1416 2539 1584 2602 οὖσιν,
1642 2544 1774 2596 ἀλλὰ

192 2630 380 2682 πάντα
431 2632 549 2701 ἴχνη
607 2633 793 2702 φέρειν
829 2634 926 2704 τῆς
968 2634 1060 2686 τοῦ
1099 2636 1421 2705 ποιήσαντος
1457 2639 1664 2707 σοφίας,
1719 2644 1774 2694 ἐν

189 2718 412 2781 ἑαυτοῖς
459 2721 758 2784 δεικνύντα,
809 2722 889 2772 ὅτι
925 2723 1317 2790 ἐμπαράσκευα
1364 2724 1498 2792 πρὸς
1537 2725 1635 2795 τὴν
1679 2744 1775 2794 φυ-

190 2811 373 2880 λακὴν
419 2813 515 2880 τῆς
554 2813 758 2874 οἰκείας
798 2813 976 2866 αὐτῶν
1038 2816 1307 2884 σωτηρίας
1350 2817 1627 2888 παρήχθη.
1676 2820 1775 2871 Λό-

190 2918 296 2970 γου
332 2900 431 2972 μὲν
462 2903 682 2974 ἄμοιρος
711 2904 738 2955 ὁ
772 2903 936 2968 κύων,
982 2904 1401 2975 ίσοδυναμούσαν
1441 2905 1497 2957 δὲ
1527 2908 1673 2976 ὅμως
1700 2907 1776 2978 τῷ

191 2995 342 3066 λόγῳ
367 2995 466 3066 τὴν
490 2995 738 3067 αἴσθησιν
772 2996 904 3068 ἔχει.
935 2999 1001 3050 Ἃ
1043 2998 1147 3069 γὰρ
1193 2999 1241 3050 oi
1264 2997 1404 3051 κατὰ
1428 2998 1623 3069 πολλὴν
1657 3017 1776 3069 σχο-

190 3084 296 3156 λὴν
329 3086 425 3139 τοῦ
474 3087 587 3156 βίου
627 3088 978 3159 καθεζόμενοι
1013 3089 1165 3160 μόλις
1203 3088 1424 3160 ἐξεῦρον
1475 3091 1522 3142 οἱ
1552 3091 1643 3142 τοῦ
1681 3092 1773 3143 κό-

194 3195 339 3247 σμου
366 3181 538 3247 σοφοὶ,
556 3182 653 3243 τὰς
674 3184 781 3235 τῶν
806 3185 1175 3256 συλλογισμῶν
1198 3185 1339 3254 λέγω
1356 3186 1578 3251 πλοκὰς,
1604 3187 1776 3240 ταῦτα
1803 3223 1843 3277 C

191 3266 475 3321 δείκνυται
524 3273 673 3342 παρὰ
715 3277 812 3342 τῆς
845 3276 1057 3343 φύσεως
1083 3279 1109 3330 ὁ
1147 3277 1291 3330 κύων
1325 3278 1768 3348 πεπαιδευμένος.

193 3360 273 3414 Τὸ
301 3361 410 3434 γὰρ
450 3363 594 3432 ἴχνος
626 3365 718 3417 τοῦ
748 3365 934 3436 θηρίου
964 3369 1396 3439 διερευνώμενος,
1432 3371 1652 3424 ἐπειδὰν
1685 3371 1772 3424 εὖ-

194 3469 268 3523 ρη
296 3453 412 3522 (46)
440 3453 570 3506 αύτὸ
597 3455 947 3526 πολυτρόπως
971 3458 1301 3527 σχιζόμενον,
1339 3461 1435 3523 τὰς
1473 3464 1771 3531 ἑκασταχοῦ

193 3544 475 3615 φερούσας
506 3547 773 3615 ἐκτροπὰς
803 3548 1064 3612 ἐπελθὼν,
1094 3552 1373 3621 μονονουχὶ
1402 3553 1500 3624 τὴν
1535 3553 1774 3622 συλλογι-

196 3635 396 3705 στικὴν
423 3635 602 3706 φωνὴν
635 3639 822 3707 ἀφίησι
856 3640 920 3692 δι’
954 3637 1028 3694 ὧν
1071 3641 1334 3711 πράσσει’
1368 3644 1437 3695 Ἦ
1467 3645 1643 3714 ﬁmi,
1674 3662 1776 3716 φη·

196 3734 307 3793 σὶν,
342 3730 556 3802 ἐτράπη
589 3732 646 3784 τὸ
680 3732 885 3802 θηρίον,
912 3723 1140 3806 ἢτήνδε,
1177 3737 1208 3806 ἢ
1233 3738 1324 3790 ἐπὶ
1349 3738 1466 3791 τόδε
1481 3739 1540 3790 τὸ
1573 3739 1736 3810 μέρος
1757 3757 1772 3770 ο

193 3823 337 3876 ἀλλὰ
393 3823 498 3895 μὴν
543 3822 662 3876 οὔτε
696 3825 874 3895 τήνδε,
932 3826 1054 3879 οὔτε
1095 3829 1269 3899 τήνδε,
1304 3829 1619 3901 λειπόμενόν
1660 3835 1774 3886 ἐστι

194 3916 325 3984 τῇδε
372 3915 661 3989 ὡρμῆσθαι
690 3917 797 3988 (47)
831 3917 994 3970 αύτόο
1055 3920 1148 3971 καὶ
1186 3921 1357 3983 οὕτως
1394 3925 1458 3992 τῇ
1501 3925 1775 3995 ἀναιρέσει

191 4006 308 4059 τῶν
331 4008 542 4078 ψευδῶν
562 4011 800 4082 εὑρίσκει
822 4011 880 4063 τὸ
902 4011 1188 4080 ἁληθές.Τί
1206 4015 1588 4086 περισσότερον
1606 4017 1778 4070 ποιού-

196 4115 286 4151 σιν
321 4099 372 4151 οἱ
408 4100 499 4152 ἐπὶ
537 4101 641 4154 τῶν
672 4103 1099 4175 διαγραμμάτων
1145 4104 1357 4175 σεμνῶς
1399 4106 1772 4176 καθεζόμενοι,

194 4191 297 4245 καὶ
329 4191 432 4260 τὴν
484 4191 628 4245 κόνιν
666 4197 1190 4266 καταχαράσσοντες,
1231 4197 1398 4268 τριῶν
1465 4199 1776 4269 προτάσεων

194 4283 560 4354 ἀναιροῦντες
612 4286 709 4348 τὰς
735 4287 845 4354 (48)
881 4288 993 4350 δύο,
1044 4289 1137 4342 καὶ
1180 4291 1236 4342 ὲν
1275 4292 1338 4359 τῇ
1373 4290 1670 4364 λειπομένῃ
1718 4293 1778 4345 τὺ

193 4375 404 4444 ἀληθὲς
427 4373 827 4444 ἐξευρίσκοντες
850 4392 863 4440 ;
901 4377 975 4429 Τὸ
998 4377 1052 4429 δὲ
1083 4381 1414 4449 μνημονικὸν
1435 4381 1531 4452 τῆς
1554 4383 1776 4452 χάριτος

193 4466 295 4518 τοῦ
316 4465 457 4530 ζώου
475 4467 593 4520 τίνα
614 4467 720 4520 τῶν
756 4467 1063 4539 ἀχαρίστων
1086 4470 1220 4540 πρὸς
1250 4471 1539 4542 εὐεργέτας
1568 4475 1626 4525 οὐ
1655 4491 1780 4525 κατ-

1876 615 2060 678 homo,
2094 616 2182 683 qui
2231 625 2281 670 et
2328 631 2589 687 pracepto
2640 633 2745 673 non
2778 618 3130 684 obtemperat,
3161 627 3214 669 et
3261 613 3430 682 ipsam

1876 707 2146 762 adulterat
2182 717 2448 771 naturam,
2480 725 2595 762 cum
2631 719 2721 765 aut
2759 709 2895 763 ﬁlius
2927 709 3232 763 inhonestat
3263 705 3433 776 patris

1875 809 2228 865 senectutem,
2285 811 2376 853 aut
2437 810 2586 867 pater
2635 811 2852 872 propter
2907 802 3170 856 secundas
3221 800 3432 866 nuptias

1875 894 2112 957 priorum
2142 892 2369 945 filiorum
2419 893 2790 948 obliviscitur?
2833 893 3082 948 Summus
3110 900 3190 947 est
3224 889 3274 942 in
3311 891 3434 943 bru-

1879 984 1942 1036 tis
1978 984 2340 1036 animantibus
2375 985 2570 1037 sobolis
2607 999 2670 1037 ac
2701 996 2981 1050 parentum
3011 984 3145 1038 inter
3174 999 3232 1038 se
3259 996 3430 1043 amor,

1881 1077 2019 1139 quod
2058 1075 2196 1127 Deus
2235 1075 2473 1141 ipsorum
2509 1073 2708 1142 opifex,
2746 1076 2966 1128 rationis
3012 1070 3274 1126 defectum
3311 1086 3432 1124 cum

1881 1164 2082 1229 majore
2111 1166 2375 1219 sentiendi
2411 1163 2663 1218 facultate
2701 1163 3082 1232 compensavit.
3117 1161 3262 1216 Unde
3289 1162 3432 1216 enim

1879 1254 2015 1306 inter
2066 1256 2376 1310 innumeras
2427 1271 2554 1309 oves
2610 1269 2776 1324 agnus
2828 1268 2858 1306 e
2905 1253 3127 1309 stabulis
3181 1251 3433 1305 exsiliens

1879 1345 2050 1411 ipsum
2084 1348 2271 1402 matris
2303 1347 2536 1402 colorem
2571 1359 2862 1414 vocemque
2897 1346 3061 1406 novit,
3086 1358 3139 1398 et
3166 1343 3230 1398 ad
3264 1342 3432 1409 ipsam

1879 1434 2117 1500 festinat,
2152 1445 2203 1488 et
2235 1438 2480 1506 proprios
2520 1435 2675 1488 lactis
2724 1434 2895 1486 fontes
2935 1434 3191 1500 inquirit?
3242 1433 3352 1486 lmo
3390 1431 3435 1484 si

1878 1527 1929 1580 in
1962 1543 2161 1596 egenas
2191 1531 2378 1583 matris
2418 1544 2678 1584 mammas
2710 1525 2981 1588 inciderit,
3015 1535 3186 1577 tamen
3220 1535 3302 1579 est
3333 1523 3437 1576 illis

1877 1629 2182 1684 contentus,
2225 1620 2388 1672 multa
2418 1620 2572 1686 plena
2605 1631 2658 1672 et
2686 1619 2867 1688 gravia
2905 1618 3067 1671 ubera
3097 1623 3436 1686 praetergres-

1878 1725 1986 1764 sus.
2030 1711 2181 1765 Unde
2214 1711 2395 1764 itidem
2430 1721 2602 1764 mater
2631 1713 2768 1763 inter
2798 1727 2962 1779 agnos
2991 1724 3150 1778 quam
3183 1706 3436 1775 plurimos

1880 1807 2149 1872 prOprinm
2209 1805 2488 1874 agnoscit?
2540 1805 2642 1856 Vox
2695 1819 2820 1868 una,
2871 1804 3008 1857 idem
3046 1802 3212 1864 color,
3246 1801 3438 1854 similis

1879 1901 2116 1952 omnimn
2147 1904 2300 1964 odor,
2343 1909 2602 1968 quantum
2637 1898 2878 1952 odoratni
2921 1907 3103 1950 nostro
3136 1895 3386 1965 objicitur
3422 1917 3433 1948 :

1876 1989 1966 2042 sed
2023 2001 2199 2046 tamen
2254 1994 2469 2061 quidant
2534 1994 2673 2046 inest
2718 1992 2769 2043 in
2825 1991 2951 2060 ipsis
3001 2004 3211 2052 sensus,
3255 1997 3437 2041 nostra

1876 2084 2359 2149 comprehensione
2405 2085 2632 2149 acutior,
2687 2098 2793 2153 quo
2845 2084 3036 2150 cuique
3089 2079 3229 2150 quod
3283 2094 3437 2133 suum

1874 2183 1955 2226 est
1987 2175 2302 2242 dignoscere
2332 2175 2477 2228 licet.
2504 2175 2747 2230 Nondum
2781 2185 2906 2230 sunt
2935 2174 3125 2228 dentes
3155 2171 3349 2237 catulo,
3386 2181 3441 2225 et

1876 2275 2052 2320 tanien
2100 2268 2359 2323 adversus
2410 2283 2502 2321 eos
2549 2269 2636 2336 qni
2691 2268 2988 2323 mole5tiam
3035 2266 3136 2321 sibi
3189 2263 3437 2326 atl‘erunt,

1875 2375 1993 2414 sese
2033 2377 2129 2430 per
2169 2377 2229 2416 os
2283 2373 2482 2416 tuetur.
2538 2361 2782 2416 Nondum
2817 2377 3016 2415 cornua
3059 2369 3185 2415 sunt
3221 2357 3382 2412 vitulo
3423 2376 3436 2412 ι

1879 2462 2053 2506 tamen
2101 2458 2246 2509 novit
2293 2459 2378 2511 ubi
2439 2457 2538 2511 sibi
2587 2473 2733 2510 arma
2780 2464 3118 2510 enascentur.
3154 2454 3230 2507 Ex
3265 2455 3348 2508 his
3379 2453 3442 2507 lis

1879 2552 2029 2612 quet,
2062 2561 2167 2614 quo
2200 2548 2249 2598 in
2281 2549 2529 2603 omnibus
2561 2550 2701 2604 inest
2729 2559 2942 2614 natura,
2976 2548 3026 2602 id
3058 2547 3297 2602 doctrina
3337 2560 3440 2600 non

1878 2640 2204 2708 comparari,
2234 2639 2474 2708 nihilque
2502 2641 2553 2694 in
2589 2641 2746 2695 rebus
2776 2656 2895 2694 esse
2927 2650 3018 2694 aut
3053 2641 3439 2705 inordinatum,

1875 2739 1967 2783 aut
2014 2730 2416 2800 improvidum:
2461 2732 2554 2786 sed
2611 2747 2694 2786 res
2748 2747 2936 2785 omnes
2989 2732 3266 2799 sapientiae
3315 2745 3444 2786 con-

1874 2820 2065 2874 ditoris
2095 2821 2175 2875 sui
2203 2824 2427 2892 vestigia
2466 2838 2574 2890 pra:
2606 2838 2665 2877 se
2698 2822 2877 2887 ferre;
2905 2837 3024 2877 cum
3051 2836 3108 2876 se
3145 2822 3215 2876 ita
3241 2822 3444 2892 produ~

1876 2921 1990 2968 etas
2023 2929 2141 2969 esse
2165 2915 2456 2982 declarent,
2487 2928 2544 2970 ut
2573 2919 2683 2972 sint
2711 2926 2913 2986 paratae
2940 2915 3007 2971 ad
3035 2931 3186 2972 suam
3209 2915 3438 2970 salutem

1876 3007 2213 3061 servandam.
2249 3007 2313 3061 Et
2364 3010 2575 3077 quidem
2623 3012 2773 3064 canis
2808 3025 3000 3080 expers
3048 3010 3270 3064 rationis
3314 3019 3440 3062 est:

1878 3105 2111 3150 attamen
2156 3111 2370 3150 sensum
2412 3098 2602 3151 rationi
2628 3100 2765 3151 haud
2807 3101 3066 3168 imparem
3098 3099 3282 3152 habet.
3313 3098 3443 3164 Qua!

1875 3189 2019 3242 enim
2057 3188 2236 3241 mundi
2267 3188 2534 3256 sapientes
2561 3204 2655 3258 per
2681 3188 2902 3243 multum
2935 3190 3056 3244 vitae
3094 3189 3262 3243 otium
3301 3188 3445 3244 desi-t

1877 3278 2064 3333 dentes
2123 3280 2211 3333 vix
2279 3280 2639 3344 invenerunt,
2681 3279 2926 3334 videlicet
2976 3280 3447 3334 ratiocinationqu

1874 3369 2148 3438 ambages,
2177 3370 2288 3423 hac
2327 3370 2396 3423 ab
2435 3369 2549 3437 ipsa
2586 3379 2782 3423 natura
2817 3371 3039 3425 edoctus
3075 3369 3225 3424 canis
3265 3370 3448 3438 perhi-

1873 3461 2050 3518 betur.
2079 3461 2210 3516 Cum
2243 3462 2383 3516 enim
2419 3461 2546 3517 ferae
2579 3462 2793 3529 indagat
2819 3462 3123 3530 vestigium,
3150 3461 3236 3516 ubi
3268 3460 3445 3532 ipsum

1876 3552 2241 3620 multipliciter
2293 3555 2473 3608 ﬁssum
2533 3556 2828 3624 repererit,
2870 3554 3184 3609 diverticula
3229 3569 3446 3622 quoquo

1877 3658 2092 3697 versum
2137 3643 2358 3697 ferentia
2427 3646 2670 3708 rimatus,
2711 3656 2918 3698 tantum
2968 3659 3071 3699 non
3114 3645 3446 3699 ratiocina-tid

1875 3751 1997 3788 vam
2028 3750 2212 3789 vocem
2243 3750 2335 3804 per
2373 3751 2432 3789 ea
2463 3750 2580 3804 qua:
2611 3736 2738 3804 agit,
2772 3736 3007 3788 emittit:
3049 3736 3207 3801 Fera,
3249 3737 3445 3806 inquit,

1877 3835 1968 3881 aut
2021 3829 2140 3893 hac,
2197 3837 2288 3880 aut
2346 3827 2464 3880 illac
2502 3827 2742 3890 divertit,
2777 3837 2871 3880 aut
2915 3828 2968 3880 in
2998 3827 3137 3883 hanc
3185 3841 3390 3900 partem
3427 3847 3443 3883 :

1878 3921 2023 3988 atqui
2061 3935 2232 3988 neque
2288 3920 2410 3983 hac,
2440 3936 2611 3989 neque
2651 3920 2772 3973 illac
2812 3937 2825 3973 :
2868 3920 3132 3990 reliquum
3161 3931 3264 3986 est,
3297 3932 3354 3975 ut
3381 3937 3446 3978 ea

1880 4009 2012 4062 istae
2044 4010 2278 4077 digressa
2312 4012 2473 4062 fuerit
2502 4027 2513 4061 :
2557 4021 2720 4078 atque
2744 4012 2837 4076 ita,
2875 4012 3025 4065 falsis
3054 4011 3320 4075 rescissis,
3355 4027 3446 4066 ve-

1882 4115 1998 4152 rum
2035 4101 2254 4154 invenit.
2283 4099 2420 4164 Quid
2473 4100 2698 4167 amplius
2730 4100 2955 4166 faciunt,
3013 4101 3099 4168 qui
3135 4100 3187 4153 in
3226 4102 3445 4156 theore-

1882 4191 2112 4246 matibus
2149 4193 2582 4246 demonstrandis
2613 4207 2733 4246 cum
2755 4195 3017 4263 gravitate
3041 4194 3302 4258 desident,
3325 4195 3448 4263 qui-

1880 4296 1985 4349 que
2022 4281 2175 4335 lineis
2221 4281 2421 4351 pulveri
2455 4282 2758 4352 insculptis,
2792 4297 2857 4337 ex
2911 4285 3080 4341 tribus
3121 4286 3445 4355 propositio-

1880 4372 2038 4427 nibus
2070 4374 2200 4428 duas
2229 4374 2545 4443 rejicientes,
2574 4374 2624 4426 in
2653 4388 2715 4429 ea
2748 4390 2865 4442 quae
2891 4375 3095 4445 reliqua
3125 4387 3225 4440 est,
3259 4393 3447 4432 verum

1880 4465 2158 4520 inveniunt
2185 4465 2208 4519 ?
2235 4465 2401 4519 Porro
2426 4467 2667 4520 beneficii
2701 4469 2956 4522 memoria
2990 4469 3058 4521 ab
3085 4469 3187 4522 hoc
3223 4469 3447 4523 animali

193 4557 486 4627 αισχύνεις
545 4559 676 4611 ὅπου
723 4576 785 4626 γε
849 4561 942 4612 καὶ
991 4560 1292 4627 φονευθεῖσι
1332 4562 1616 4627 δεσπόταις
1659 4565 1775 4616 κατ’

1884 4569 2221 4623 conservata,
2253 4560 2336 4612 cui
2374 4559 2485 4611 viro
2539 4559 2589 4610 in
2631 4560 2900 4614 beneﬁcos
2953 4561 3160 4629 ingrato
3188 4562 3445 4627 pudorem

195 4651 443 4720 ἐρημίαν
500 4649 682 4703 πολλοὶ
724 4649 829 4702 τῶν
873 4649 1051 4704 κυνῶν
1101 4651 1535 4715 ἐπαποθανόντες
1574 4672 1778 4724 μνημο-

196 4742 621 4812 νεύονται.Ἦδη
637 4743 692 4796 δέ
710 4761 853 4806 τινες
871 4743 963 4796 ἐπὶ
984 4743 1170 4815 θερμῷ
1189 4744 1267 4814 τῷ
1295 4744 1452 4797 πάθει
1482 4747 1573 4798 καὶ
1594 4747 1778 4817 ὁδηγοὶ

194 4839 315 4898 τοῖς
344 4835 630 4903 ὲκζητοῦσι
676 4835 801 4897 τοὺς
847 4835 1040 4903 φονέας
1088 4836 1352 4904 ἐγένοντο,
1402 4839 1493 4890 καὶ
1527 4839 1629 4889 ὑπὸ
1680 4839 1778 4909 τὴν

196 4929 364 4997 δίκην
393 4926 620 4996 ἀχθῆναι
640 4928 763 4990 τοὺς
788 4928 1126 4999 κακούργους
1150 4929 1430 4998 ἐποίησαν.
1464 4929 1528 4980 Τί
1554 4929 1779 4982 εἴπωσιν

197 5020 247 5071 οἱ
278 5016 379 5070 τὸν
403 5018 698 5088 ποιήσαντα
726 5019 919 5080 αὐτοὺς
947 5020 1039 5070 καὶ
1064 5019 1328 5089 τρέφοντα
1352 5019 1554 5090 Κύριον
1583 5022 1640 5073 οὐ
1680 5021 1778 5090 μό-

204 5128 291 5164 νον
323 5111 430 5163 οὐκ
463 5110 779 5179 ἀγαπῶντες
810 5110 940 5180 (49).
971 5109 1105 5163 ἀλλὰ
1129 5111 1220 5162 καὶ
1253 5111 1424 5177 φίλοις
1452 5113 1778 5182 κεχρημένοι

275 5372 1129 5450 (451536"Iss._§0mbef._cum
1179 5370 1311 5450 Reg.
1370 5381 1580 5426 octavo.
1640 5375 1780 5428 Ε(ιίιί

196 5441 331 5507 eum
357 5441 479 5500 aliis
509 5461 634 5500 mss.
671 5441 781 5498 οἶδε
811 5444 906 5513 μὲν
942 5443 1037 5513 τήν
1060 5445 1259 5513 φωνήν.

219 5526 222 5528 ’
275 5519 399 5584 (Mi
441 5514 515 5569 lta
545 5531 636 5569 sex
672 5512 968 5584 mss.’Editi
999 5512 1302 5583 περιτύχοι.
1347 5512 1469 5569 Mox
1505 5513 1654 5568 Colb.
1697 5529 1781 5568 se-

200 5583 426 5646 cundus
450 5585 617 5638 πολλὰ
640 5585 694 5637 δὲ
718 5583 916 5654 παραδ.

278 5658 399 5725 (45)
454 5656 580 5711 Mss.
629 5652 868 5724 quinque
916 5653 1221 5723 διάγνωσις.
1276 5654 1419 5709 Editi
1469 5652 1780 5722 ἐπίγνωσις.

204 5727 345 5796 Reg.
383 5737 570 5781 sextus
599 5725 818 5794 γνῶσις.

436 5797 542 5879 §ex
577 5794 956 5879 ωδε-ἐπειδὰν
989 5794 1138 5879 εὕρῃ.
1161 5795 1315 5879 βεξῖιί
1358 5794 1526 5879 εύροι.

279 5865 402 5941 (4⁵1)
435 5869 566 5935 Reg.
617 5877 798 5922 sextus
833 5865 984 5935 τήνδε
1032 5865 1338 5936 ὡρμῆσθαι.
1399 5867 1530 5935 Reg.
1593 5867 1784 5919 tertius

1885 4667 1990 4705 non
2023 4651 2258 4704 incutit?
2291 4650 2563 4718 Siquidem
2608 4666 2773 4706 canes
2806 4651 2978 4715 multi,
3010 4653 3238 4706 dominis
3271 4655 3320 4706 in
3349 4654 3443 4707 de-

1883 4753 2030 4801 serto
2068 4743 2182 4796 loco
2229 4743 2543 4805 interfectis,
2572 4753 2626 4797 et
2653 4745 2751 4812 ipsi
2803 4745 3071 4798 immortui
3130 4745 3292 4800 fuisse
3336 4761 3448 4798 mea

1885 4844 2180 4890 morantur.
2220 4833 2356 4898 Quin
2384 4832 2544 4886 etiam
2593 4848 2758 4889 canes
2807 4834 3069 4901 nonnulli,
3101 4838 3225 4889 dum
3256 4852 3452 4893 recens

1882 4937 2029 4982 esset
2081 4927 2287 4991 caedes,
2325 4925 2391 4978 iis
2445 4925 2534 4994 qui
2586 4926 2878 4982 homicidas
2925 4927 3301 4996 inquirebant,
3352 4933 3457 4984 vis:

1883 5021 2044 5073 etiam
2079 5022 2242 5072 duces
2268 5018 2610 5083 exstiterunt,
2643 5019 2750 5090 85
2788 5028 2948 5088 atque
2977 5020 3030 5073 in
3085 5034 3246 5073 causa
3277 5020 3446 5085 fuere,

1885 5130 1980 5167 cur
2025 5115 2090 5167 ad
2137 5125 2351 5180 pmnam
2403 5112 2628 5166 maleﬁci
2681 5122 3018 5166 raoerentur.
3064 5111 3200 5177 Quid
3254 5114 3450 5168 dicturi

1884 5373 2038 5444 τήνδε
2067 5369 2358 5444 ὁρμᾶσθαι.
2393 5372 2512 5425 Mox
2551 5370 2682 5444 Beg.
2723 5373 2744 5424 1
2804 5372 2892 5424 ἐπὶ
2933 5371 3045 5444 τῶν,
3088 5374 3450 5444 γραμμάτων.

1958 5444 2066 5512 (48)
2103 5441 2236 5514 Heg.
2273 5452 2454 5514 sextus
2483 5441 2955 5514 καθεζόμενοιμκαὶ
2982 5443 3083 5514 γῆν
3106 5441 3454 5514 κατἀχαράσν

1888 5531 2069 5575 σοντες
2092 5511 2257 5583 τριῶν
2290 5513 2605 5582 προτάσεων
2652 5511 2933 5583 ἀναιροῦσι
2990 5511 3109 5577 τάς,
3145 5511 3340 5567 terrori:
3374 5516 3452 5567 si-

1920 5598 2118 5636 nunles.

2030 5601 2040 5624 Ῐ
2077 5622 2118 5635 ι.

1885 5601 2185 5723 θιιῖίί9ῗς8ἰο
2216 5651 2365 5721 Regii
2401 5666 2582 5706 sextus
2616 5663 2670 5707 et
2715 5662 2958 5723 octavus.
3001 5652 3140 5706 Editi
3169 5668 3290 5707 cum
3332 5653 3454 5706 aliis

1892 5741 2021 5777 mss.
2053 5722 2373 5790 Simpliciter
2404 5723 2606 5793 Κύριον
2635 5725 2734 5776 οὐκ
2762 5722 3108 5790 ἀγαπῶντες.
3143 5724 3261 5777 Mox
3302 5723 3451 5777 multi

1894 5810 2020 5846 mss.
2052 5794 2151 5862 τῆς
2178 5793 2344 5861 αὐτῆς
2372 5795 2553 5855 αὐτοῖς
2583 5793 2893 5864 τραπέζης·
2929 5809 3048 5864 qua:
3086 5795 3245 5850 verba
3296 5795 3450 5848 aliter

1895 5867 2252 5933 disponuntur
2284 5864 2337 5916 in
2365 5864 2551 5918 editis.
