4092 6318
733 384 831 436 199

2018 381 2072 432 S.
2117 378 2355 431 BASIIJI
2397 376 2608 429 MAGNI

3843 367 3930 418 200

725 509 867 562 sunt,
895 500 982 566 qui
1019 498 1292 552 Dominum
1323 497 1650 551 conditorem
1681 511 1741 549 ac
1775 500 2089 552 nutritorem
2126 512 2250 549 suun

2379 497 2486 555 τοῖς
2525 492 2742 545 λαλοῦσι
2782 489 2916 542 κατὰ
2957 489 3046 542 τοῦ
3090 489 3222 542 Θεοῦ
3257 488 3491 549 ἀδικίαν,
3539 489 3634 538 καὶ
3663 488 3762 556 τῆς
3787 484 3930 550 αὐτῆς

725 604 825 642 non
859 588 1025 642 solum
1073 603 1173 641 non
1215 588 1457 653 diligunt,
1485 589 1579 641 sed
1629 587 1814 643 amicis
1859 591 2018 642 etiam
2054 598 2276 642 utuntur

723 681 804 742 iis,
833 680 919 748 qui
945 679 1196 732 adversus
1230 678 1394 732 Deum
1423 677 1713 747 loquuntur
1737 676 2091 748 iniquitatem.
2118 690 2275 745 atque

718 772 952 839 ejusdem
979 787 1098 824 cum
1135 771 1263 839 ipsis
1319 785 1514 824 mensa:
1550 770 1837 840 participes
1881 779 2026 833 sunt,
2051 785 2112 823 ac
2138 770 2275 822 inter

720 864 885 931 ipsum
921 866 1237 916 sumendum
1266 863 1440 914 cibum
1483 863 1640 931 impia
1694 871 1748 913 ct
1793 860 2174 916 contumeliosa
2221 859 2272 911 in

717 956 1030 1008 nutritorem
1059 953 1217 1008 verba
1250 953 1521 1007 tolerant?

784 1047 832 1100 5.
871 1047 937 1099 At
992 1062 1114 1101 vero
1148 1047 1212 1099 ad
1268 1061 1444 1100 rerum
1491 1050 1794 1098 creatarum
1842 1043 2120 1098 redeamus
2149 1057 2273 1096 con-

717 1140 1131 1207 templatimiem.
1193 1139 1452 1194 Animalia
1509 1151 1629 1204 qua:
1689 1137 1896 1192 facilius
1952 1135 2267 1202 capiuntur,

713 1243 836 1285 sunt
866 1231 1197 1284 fecundiora.
1232 1231 1488 1298 Quocirca
1512 1231 1720 1302 lepores
1748 1239 1801 1283 et
1827 1239 2062 1297 agrestes
2097 1240 2270 1294 capra.-

712 1321 906 1376 multos
934 1334 1217 1391 procreant
1245 1323 1382 1376 fetus
1402 1365 1416 1389 ,
1445 1339 1678 1392 ovesque
1722 1321 1996 1374 silvestres
2029 1319 2269 1389 geminos

711 1423 894 1481 partus
918 1413 1100 1477 edunt,
1131 1425 1185 1468 ut
1214 1428 1278 1466 ne
1310 1429 1478 1483 genus
1518 1416 1583 1468 ab
1611 1412 1934 1467 animalibus
1957 1411 2116 1467 cruda
2150 1426 2269 1464 car-

708 1519 776 1558 ne
804 1507 1140 1561 vescentibus
1189 1517 1560 1575 consumptum
1585 1545 1599 1569 ,
1640 1505 1875 1560 deliciat.
1908 1503 2010 1558 Sed
2037 1517 2112 1556 ea:
2143 1500 2268 1555 fera:

708 1612 825 1664 qua:
861 1607 1080 1652 caeteras
1130 1609 1338 1660 vorant,
1378 1611 1562 1664 parum
1601 1607 1725 1649 sunt
1779 1595 2040 1650 fecundae.
2089 1593 2266 1658 Quare

707 1682 868 1736 leaena
915 1683 998 1735 vix
1051 1684 1207 1738 unius
1247 1683 1415 1738 leonis
1481 1695 1653 1738 mater
1708 1684 1954 1738 eilicitur.
1998 1681 2156 1745 Nam,
2211 1692 2268 1736 ut

706 1772 874 1834 aiunt,
906 1772 1136 1827 lacerato
1169 1775 1421 1842 unguium
1459 1775 1575 1830 acie
1612 1784 1784 1839 utero,
1813 1773 1990 1842 prodit
2027 1788 2038 1822 ε
2071 1773 2265 1840 vipera:

701 1880 932 1934 quoque,
963 1882 1118 1922 eroso
1145 1878 1318 1935 utero,
1345 1877 1654 1932 nascuntur,
1687 1869 1928 1922 meritam
1960 1868 2258 1920 mercedem

703 1961 906 2028 parenti
959 1961 1324 2029 rependentes.
1373 1963 1520 2013 Adeo
1566 1959 1700 2012 nihil
1733 1973 1838 2012 non
1889 1958 2169 2026 providum
2207 1959 2256 2010 in

705 2055 862 2105 rebus
883 2063 981 2110 est,
1013 2051 1141 2102 nihil
1175 2060 1258 2104 est
1307 2065 1448 2104 cura:
1505 2051 1583 2105 eis
1623 2051 1818 2105 debita:
1864 2064 2077 2120 expers.
2110 2051 2258 2115 Quod

697 2144 740 2195 si
775 2144 884 2211 ipsa
910 2142 1219 2196 animalium
1257 2143 1494 2197 membra
1532 2143 1979 2208 consideraveris,
2006 2143 2135 2195 nihil
2166 2155 2255 2193 sn-

699 2231 954 2301 perﬂuum
985 2250 1012 2285 a
1044 2233 1335 2287 Conditore
1378 2232 1664 2302 adjectum,
1719 2233 1854 2288 nihil
1897 2231 2254 2286 necessarium

695 2328 992 2378 detractum
1025 2324 1187 2378 fuisse
1233 2325 1550 2395 comperies.
1591 2322 1904 2378 Carnivoris
1939 2322 2256 2377 animalibus

695 2423 883 2470 acutos
920 2416 1124 2485 aptavit
1172 2415 1361 2469 dentes
1399 2434 1412 2468 :
1449 2414 1640 2468 talibus
1689 2413 1831 2468 enim
1877 2429 2010 2483 opus
2036 2423 2151 2469 erat
2189 2414 2256 2466 ob

693 2504 934 2560 alimenti
961 2505 1210 2574 speciem.
1237 2503 1367 2572 Quae
1391 2519 1518 2560 vero
1547 2504 1765 2568 dimidia
1801 2519 1864 2557 ex
1900 2512 2052 2572 parte
2082 2503 2254 2557 denti-

694 2595 792 2651 bus
813 2605 1018 2650 armata
1071 2607 1213 2661 sum,
1258 2611 1319 2651 ea
1370 2596 1549 2650 multis
1585 2605 1637 2648 et
1687 2597 1848 2647 variis
1882 2596 2254 2648 alimentorum

692 2688 1046 2758 receptaculis
1076 2688 1345 2742 instruxit.
1379 2685 1508 2739 Nam
1543 2687 1664 2754 quia
1701 2687 1870 2752 prima
1901 2688 2014 2738 \ice
2042 2701 2142 2738 non
2172 2703 2246 2739 sa-

691 2778 760 2832 tis
783 2779 851 2832 ab
886 2778 1015 2847 ipsis
1049 2777 1428 2831 comminuitur
1464 2775 1798 2838 alimentum,
1837 2777 1914 2829 cis
1937 2777 2058 2829 data
2083 2778 2252 2828 facul-

691 2879 771 2925 tas
793 2879 878 2925 est
907 2869 1083 2925 cibum
1119 2868 1429 2938 deglutitum
1482 2869 1672 2922 iterum
1722 2868 2028 2932 revocandi,
2058 2877 2114 2920 ut
2161 2883 2250 2920 ru-

691 2961 984 3016 minatione
1026 2961 1310 3028 contritus,
1341 2961 1389 3015 ei
1423 2962 1564 3029 quod
1609 2960 1770 3014 alitur
1819 2960 2250 3014 accommodatus

689 3053 777 3109 sit.
816 3051 1018 3121 Quibus
1047 3054 1369 3110 animalibus
1392 3054 1550 3124 gulre,
1580 3068 1785 3120 omasa,
1815 3053 2037 3107 reticula
2063 3063 2116 3106 et
2143 3068 2252 3105 ma-

690 3163 792 3217 gna
821 3148 1072 3203 intestina
1101 3148 1302 3213 insunt,
1332 3162 1394 3202 ea
1427 3149 1478 3202 in
1517 3148 1706 3202 iisdem
1740 3163 1842 3202 non
1879 3146 2140 3201 inutiliter
2173 3162 2253 3198 re-

690 3239 993 3293 conduntur
1022 3253 1036 3290 :
1065 3239 1158 3293 sed
1197 3239 1619 3309 unumquodque
1653 3255 1803 3294 nsum
1835 3255 1896 3291 ac
1939 3254 2130 3290 munus
2156 3254 2250 3289 uc-

688 3331 981 3384 ccssarium
1004 3330 1199 3399 explet.
1227 3329 1466 3399 Longum
1493 3339 1572 3384 est
1591 3329 1776 3383 cameli
1808 3328 2026 3390 collum,
2071 3338 2126 3379 ut
2155 3341 2250 3394 par

687 3422 758 3476 sit
789 3422 1032 3490 pedibus,
1063 3431 1114 3476 et
1157 3436 1275 3475 eam
1323 3435 1426 3489 qua
1475 3421 1706 3474 vescitur
1751 3420 1968 3473 herbam
2000 3421 2246 3488 attingat.

688 3514 861 3580 Ursae,
879 3513 1071 3579 leonis,
1090 3514 1292 3585 tigridis
1308 3522 1359 3569 et
1385 3523 1698 3568 caeterarum
1719 3513 1873 3580 hujus
1899 3513 2108 3583 generis
2133 3513 2248 3564 ani-

688 3608 903 3662 malium
939 3607 1130 3662 collum
1165 3609 1324 3663 breve
1354 3617 1456 3672 est,
1485 3616 1539 3662 et
1568 3607 1804 3661 humeris
1839 3607 2053 3661 insitum
2082 3625 2094 3658 ;
2129 3621 2250 3675 pro-

689 3709 866 3769 pterea
903 3701 1041 3768 quod
1092 3701 1253 3754 herba
1305 3701 1434 3768 ipsis
1489 3699 1803 3754 alimentum
1860 3714 1966 3753 non
2017 3707 2118 3761 est,
2152 3713 2250 3752 nec

688 3805 907 3845 necesse
935 3790 1164 3844 habeant
1192 3792 1450 3844 inclinare
1495 3807 1552 3843 se
1587 3792 1650 3844 ad
1686 3801 1901 3852 terram,
1931 3807 2050 3844 cum
2079 3792 2249 3843 carni-

686 3896 813 3936 vora
841 3880 972 3945 sint,
999 3896 1060 3934 ac
1098 3895 1216 3936 sese
1261 3896 1325 3934 ex
1363 3883 1674 3934 animalium
1711 3881 1883 3950 praeda
1923 3892 2241 3934 sustentem.

683 3973 818 4038 Quid
844 3975 945 4028 sibi
981 3973 1090 4028 vult
1119 3974 1398 4043 proboscis
1429 3975 1478 4028 in
1508 3974 1837 4042 elephanto?
1869 3974 2004 4040 Quia
2047 3973 2243 4026 animal

687 4079 957 4133 magnum,
988 4073 1041 4118 et
1068 4067 1401 4120 terrestrium
1447 4067 1764 4129 maximum,
1790 4067 1855 4119 ad
1894 4066 2240 4133 injiciendum

685 4157 1094 4212 occurrentibus
1119 4167 1376 4214 terrorem
1403 4161 1748 4228 productum,
1775 4159 1985 4212 carnosi
2017 4167 2069 4212 et
2095 4157 2241 4212 obesi

685 4249 922 4316 corporis
967 4262 1086 4303 esse
1127 4252 1429 4317 oportebat.
1479 4251 1613 4304 Huic
1656 4253 1698 4305 si
1737 4251 1930 4303 collum
1972 4267 2243 4319 magnum,

684 4349 735 4392 et
762 4339 982 4408 pedibus
1015 4353 1111 4406 par
1147 4342 1401 4392 tributum
1434 4341 1640 4404 fuisset,
1671 4341 1755 4393 vix
1792 4353 1974 4409 posset
1999 4344 2239 4406 tractari,

683 4439 862 4499 utpote
886 4430 1025 4498 quod
1057 4429 1124 4483 ob
1147 4447 1176 4482 n
1209 4431 1365 4483 miam
1399 4432 1716 4499 gravitatem
1745 4446 1955 4499 semper
1990 4432 2236 4485 deorsum

2379 583 2557 644 αὐτοῖς
2591 580 2862 653 τραπέζης
2923 580 3252 650 μετέχοντες,
3285 581 3379 632 καὶ
3431 579 3561 647 παρ’
3616 578 3787 647 αὐτὴν
3849 575 3928 643 τήν

2375 673 2578 744 τροφὴν
2607 674 2711 724 τῶν
2739 672 2879 724 κατὰ
2918 672 3011 724 τοῦ
3052 671 3338 733 τοέωοντος
3373 670 3737 740 βλασφημιῶν
3770 668 3931 736 ἀνεχό-

2380 780 2523 833 μενοι
2549 781 2560 826 ;

2443 1034 2493 1085 5.
2545 1033 2679 1083 Ἀλλ’
2718 1035 2805 1084 ἐπὶ
2839 1031 2935 1101 τήν
2969 1031 3198 1101 Θεωρίαν
3219 1029 3314 1098 τῆς
3344 1027 3574 1090 κτίσεως
3603 1025 3924 1092 ἐπανίιο..μεν.

2373 1123 2450 1175 Τὰ
2486 1122 2854 1194 εὐαλωτότερα
2884 1122 2987 1174 τῶν
3024 1120 3173 1181 ζώων
3199 1116 3631 1186 πολυγονώτερα.
3670 1115 3929 1170 Διὰτοῦτο

2372 1214 2652 1268 πολυτόκοι
2682 1217 2900 1282 λαγωοὶ,
2947 1215 3038 1265 καὶ
3093 1209 3244 1278 αἶγες
3302 1212 3508 1280 ἄγριαι,
3558 1213 3656 1262 καὶ
3695 1207 3929 1281 πρόϐατα

2371 1309 2534 1377 ἄγρια
2565 1307 2906 1377 διδυμοτόκα,
2945 1308 3029 1358 ἵνα
3063 1305 3134 1374 μὴ
3162 1304 3412 1374 ἐπιλείπῃ
3434 1302 3492 1353 τὸ
3523 1302 3682 1368 γένος
3706 1305 3813 1355 ὑπὸ
3839 1301 3928 1352 τῶν

2369 1399 2659 1471 ὡμοὸόρων
2685 1403 2792 1469 (50)
2825 1397 3289 1466 ἑκδαπανώμενον.
3331 1398 3408 1448 Τὰ
3443 1396 3496 1448 δὲ
3528 1393 3811 1462 φθαρτικᾶ
3841 1396 3929 1446 τῶν

2369 1493 2565 1554 ἄλλων,
2606 1491 2907 1560 ὁλιγοτόκα.
2936 1491 3095 1542 Ὅθεν
3123 1488 3328 1546 λέοντος
3359 1489 3474 1548 ἑνὸς
3509 1485 3664 1557 μόλις
3695 1487 3729 1552 ἡ
3761 1485 3930 1536 λέαινα

2371 1586 2550 1655 μήτηρ
2590 1587 2811 1650 γίνεται.
2860 1582 2990 1641 Ταῖς
3028 1581 3133 1650 γὰρ
3185 1579 3386 1648 ἀκμαῖς
3421 1579 3526 1629 τῶν
3572 1576 3790 1645 ὀνύχων
3833 1579 3931 1628 δια-

2369 1673 2646 1744 σπαράξας
2675 1677 2772 1746 τὴν
2804 1675 3035 1744 μήτραν,
3068 1672 3207 1723 οὕτω
3251 1671 3509 1741 πρόεισιν,
3645 1685 3781 1736 φασι
3807 1684 3819 1696 ·
3855 1670 3932 1720 καὶ

2365 1767 2567 1836 ἔχιδναι
2613 1769 2708 1832 τὰς
2751 1769 2960 1837 μήτρας
2997 1765 3328 1834 ἐκφαγοῦσαι
3370 1765 3758 1834 προέρχονται,
3819 1761 3930 1830 πρέ-

2296 1845 2336 1899 B
2364 1878 2558 1924 ποντας
2607 1865 2669 1931 τῇ
2717 1859 3091 1930 γεννησαμένη
3137 1860 3259 1920 τοὺς
3299 1857 3520 1927 μισθους
3563 1857 3928 1910 ἑκτιννυουσαι

2363 1952 2496 2023 (51).
2536 1953 2720 2012 Οὕτως
2766 1951 2913 2003 οὐδὲν
2954 1951 3282 2022 ἀπρονόητον
3335 1952 3390 2002 ἐν
3437 1952 3547 2012 τοῖς
3585 1946 3765 2010 οὖσιν,
3826 1946 3929 2000 οὐδὲ

2359 2045 2457 2113 τῆς
2481 2043 2840 2114 ἐπιδαλούσης
2869 2044 3046 2107 αὐτοῖς
3083 2041 3392 2112 ἐπιμελείας
3417 2043 3620 2113 ἄμοιρα
3655 2042 3791 2109 (ὅέ).
3825 2040 3929 2092 ΚΞν

2360 2139 2497 2190 αὐτὰ
2536 2137 2602 2189 τὰ
2639 2136 2772 2205 μέλη
2806 2135 2912 2188 τῶν
2961 2135 3109 2199 ζώων
3154 2133 3492 2202 καταμάθῃς,
3532 2133 3812 2200 εὑρήσεις,
3861 2130 3930 2180 ὅτι

2359 2232 2482 2285 οὔτε
2509 2229 2755 2300 περιττόν
2785 2246 2834 2280 τι
2869 2232 2894 2281 ὀ
2937 2230 3126 2290 κτίσας
3175 2225 3532 2296 προσέθηκεν,
3573 2223 3701 2275 οὗτε
3752 2221 3928 2287 ἀφεῖλε

2357 2325 2463 2377 τῶν
2493 2325 2598 2394 (55)
2645 2321 2972 2390 ἀναγκαίων.
3027 2323 3147 2383 Τοῖς
3197 2320 3561 2390 σαρκοφαγίοις
3599 2317 3766 2383 ζώοις
3802 2318 3927 2382 ὀξεῖς

2356 2419 2480 2480 τοὺς
2509 2416 2722 2478 ὀδόντας
2754 2416 3018 2484 ἐνήρμοσε
3041 2429 3053 2441 ·
3095 2411 3348 2463 τοιούτων
3373 2411 3478 2480 γὰρ
3513 2407 3580 2480 ἦν
3615 2411 3781 2480 χρεία
3807 2409 3928 2478 πρὸς

2357 2508 2416 2561 τὸ
2476 2509 2572 2578 τῆς
2621 2506 2824 2578 τροφῆς
2879 2502 3034 2567 εἶδος.
3072 2504 3135 2554 Ἃ
3181 2503 3236 2554 δὲ
3271 2501 3329 2565 ἐξ
3375 2504 3632 2570 ἡμισείας
3670 2502 3927 2552 ὥπλισται

2357 2604 2466 2664 τοῖς
2517 2599 2716 2664 ὀδοῦσι,
2776 2598 2995 2660 πολλαῖς
3035 2597 3124 2649 καὶ
3167 2595 3434 2656 ποικίλαις
3476 2593 3792 2660 ἀποδήκαις
3831 2592 3927 2642 τῶν

2359 2693 2467 2763 (54)
2493 2692 2703 2763 τροτῶν
2727 2691 3118 2762 παρεσκεύασε.
3145 2688 3242 2740 Διά
3266 2686 3370 2758 γὰρ
3392 2685 3452 2738 τὸ
3473 2684 3624 2756 παρὰ
3657 2685 3757 2754 τὴν
3793 2684 3926 2755 πρώ-

2354 2801 2452 2853 την
2505 2785 2579 2854 μὴ
2631 2783 2940 2853 ἀρκούντως
2995 2779 3494 2834 καταλεπτύνεσοαι
3544 2778 3645 2848 τήν
3703 2778 3925 2849 τροςὴν,

2355 2877 2550 2928 ἔδωκεν
2593 2876 2772 2937 αὐτοῖς
2799 2876 2856 2926 τὺ
2892 2873 3194 2926 καταποθὲν
3225 2873 3382 2925 πάλιν
3411 2871 3920 2941 ἀναπεμπὰζεσῆαι,

2353 2966 2492 3019 ὥστε
2525 2965 2887 3020 καταλεανϐὲν
2923 2965 3030 3035 (55)
3077 2965 3152 3034 τῷ
3183 2965 3514 3035 μηρυκισμῷ
3550 2961 3923 3032 προσοικειοῦ-

2358 3058 2476 3111 σΘαι
2503 3058 2579 3128 τῷ
2595 3058 2927 3128 τρεφομένῳ.
2959 3056 3246 3125 Στὸμαχοι,
3277 3054 3368 3106 καὶ
3390 3056 3574 3122 ἐχῖνοι,
3605 3055 3700 3105 καὶ
3736 3051 3925 3122 κεκρύ-

2280 3185 2320 3240 C
2356 3151 2530 3219 φαλοι,
2569 3152 2660 3202 καὶ
2697 3150 2950 3219 ἕνυστρα,
2991 3149 3090 3200 οὐκ
3143 3146 3325 3218 ἀργῶς
3371 3147 3616 3214 ἔγκειται
3663 3145 3776 3216 (56)
3825 3143 3922 3196 τῶν

2360 3242 2508 3306 ζώων
2538 3245 2646 3304 τοῖς
2695 3242 2924 3310 ἔχουσιν,
2967 3241 3077 3292 ἀλλ’
3113 3239 3421 3308 ἀναγκαίων
3455 3239 3644 3310 χρείαν
3702 3238 3924 3289 ἕκαστον

2357 3335 2635 3404 ἐκπληροῖ.
2673 3333 2887 3404 Μακρὸς
2917 3335 2944 3385 ὁ
2974 3334 3238 3404 τράχηλος
3265 3333 3364 3403 τῆς
3395 3331 3666 3400 καμήλου,
3699 3331 3788 3381 ἵνα
3821 3331 3920 3391 τοῖς

2359 3427 2512 3478 ποσὶν
2544 3424 2855 3497 ἐξισάζηται
2886 3425 2977 3478 καὶ
3009 3425 3290 3494 ἐφικνῆται
3320 3421 3428 3492 (57)
3466 3421 3564 3488 τῆς
3604 3419 3838 3491 βοτάνης
3869 3421 3919 3486 ἐξ

2353 3513 2419 3588 ἦς
2446 3518 2642 3590 ἀποζῇ.
2695 3519 2906 3588 Βραχὺς
2938 3518 3029 3570 καὶ
3062 3520 3168 3578 τοῖς
3200 3513 3367 3583 ὤμοις
3401 3512 3699 3576 ἐνδεδυκὼς
3730 3516 3760 3566 ὁ
3793 3513 3917 3584 τρά-

2350 3610 2509 3681 χηλος
2535 3611 2635 3679 τῆς
2668 3610 2869 3681 ἄρκτου
2892 3627 2903 3640 ι
2941 3609 3033 3660 καὶ
3067 3608 3277 3669 λέοντος
3311 3605 3388 3671 δὲ,
3419 3605 3512 3659 καὶ
3545 3605 3806 3677 τίγριδος,
3833 3606 3917 3658 καὶ

2347 3703 2452 3754 τῶν
2487 3701 2704 3762 λοιπῶν,
2748 3698 2852 3752 ¹ὅσα
2883 3699 3067 3751 τούτου
3099 3698 3192 3751 τοῦ
3219 3697 3405 3764 γένους
3425 3713 3439 3726 ·
3479 3698 3560 3748 ὅτι
3593 3699 3697 3749 οὐκ
3728 3699 3793 3748 ἐκ
3826 3695 3916 3766 τῆς

2346 3793 2477 3854 πόας
2508 3793 2689 3856 αὐτοῖς
2717 3794 2747 3863 ὴ
2777 3792 2970 3863 τροφὴ,
3005 3792 3122 3843 οὐδὲ
3151 3791 3358 3861 ἀνάγκη
3395 3790 3530 3860 πρὸς
3562 3789 3662 3858 τὴν
3694 3791 3798 3860 γῆν
3830 3806 3916 3842 κα·

2343 3884 2654 3948 τακυπτειν,
2698 3885 3063 3955 σαρκοφάγοις
3093 3877 3230 3946 οὖσι,
3266 3881 3358 3934 καὶ
3390 3884 3453 3933 ὲκ
3483 3882 3581 3952 τῆς
3601 3881 3782 3951 ἄγρας
3814 3881 3913 3932 τῶν

2349 3975 2500 4040 ζώων
2534 3977 2958 4047 διαρκουμένοις.
3015 3978 3080 4029 Τί
3139 3977 3444 4046 βούλεταιή
3491 3974 3798 4046 προνομαία
3843 3971 3911 4042 τῷ

2345 4069 2626 4137 ἐλέφαντι;
2667 4070 2787 4122 Ὅτι
2824 4070 2967 4140 μέγα
2995 4069 3055 4122 τὸ
3091 4068 3249 4132 ζῶον,
3293 4069 3383 4121 καὶ
3413 4067 3521 4120 τῶν
3567 4068 3833 4138 χερσαίων
3857 4064 3910 4116 τὺ

2348 4163 2617 4231 μέγιστον,
2645 4163 2723 4225 είς
2754 4161 2850 4231 τὴν
2881 4162 2987 4216 τῶν
3016 4161 3447 4230 ἐντυγχανόντων
3480 4159 3753 4229 ἔκπληξιν
3774 4175 3905 4229 παρ-

2345 4252 2525 4321 αχθὲν,
2572 4251 2907 4322 πολύσαρκον
2957 4251 3120 4320 ὲχρῆν
3170 4247 3306 4302 εἶναι
3361 4253 3452 4303 καὶ
3488 4248 3906 4320 συμπεφορημέ-

2347 4360 2435 4394 νον
2461 4344 2520 4394 τὸ
2546 4342 2718 4412 σῶμα.
2753 4343 2936 4411 Τούτῳ
2968 4345 3013 4394 εί
3043 4342 3214 4410 μέγας
3247 4343 3339 4394 καὶ
3371 4342 3644 4407 ἀναλογῶν
3683 4345 3792 4401 τοῖς
3816 4356 3904 4390 πει-

2349 4434 2430 4483 σ¹ιν
2469 4433 2497 4483 ὁ
2521 4433 2787 4503 τράχηλος
2826 4433 3144 4504 προσετέθη,
3175 4433 3683 4502 δυσμεταχείριστος
3716 4433 3780 4484 ἂν
3817 4427 3900 4499 ἦν,

756 4613 867 4683 (50)
926 4612 1075 4682 Regii
1135 4615 1323 4668 tertius
1368 4623 1419 4666 et
1463 4623 1644 4665 sextus
1696 4612 1798 4665 ὑπὸ
1862 4613 1967 4666 τῶν
2016 4613 2240 4683 αἱμοϐό-

2352 4616 2492 4676 ὂντα,
2520 4613 2663 4666 nullo
2689 4615 2900 4681 negotio
2932 4622 3096 4682 possu
3116 4611 3368 4680 suppleri.
3396 4612 3564 4683 Legas
3589 4613 3744 4664 velim
3771 4627 3893 4662 cou-

717 4701 811 4747 ων,
839 4685 898 4734 ab
923 4685 1234 4736 animalibus
1265 4684 1563 4750 sanguinem
1586 4695 1886 4735 ci'r'terorum
1915 4689 2233 4749 sugentibus.

717 4701 811 4747 ων,
839 4701 898 4734 av
923 4701 1234 4736 nmmmwus
1265 4701 1563 4750 sanguinem
1586 4701 1886 4735 umerorum
1915 4701 2232 4749 sugenuvus.

682 4701 878 4808 fbidem
912 4754 1040 4821 ch.
1071 4763 1256 4805 sextus
1287 4754 1354 4806 τὰ
1375 4754 1429 4805 δὲ
1458 4753 1727 4822 φθαρτικὰ
1763 4752 1868 4804 τῶν
1915 4753 2066 4818 ζώων
2096 4755 2232 4822 ὀλιγ.

682 4824 831 4878 Colb.
861 4825 1122 4876 St'CIIIItlllS
1148 4824 1422 4893 φθαρτικὰ
1442 4823 1547 4875 τῶν
1574 4823 1743 4876 ἄλλων
1770 4823 1940 4887 ζώων.
1976 4825 2074 4876 Alii
2103 4841 2231 4879 mss.

680 4904 734 4948 et
771 4895 900 4948 editi
928 4903 985 4946 ut
1021 4895 1071 4945 in
1108 4905 1380 4946 contexui.
1413 4894 1526 4947 Non
1572 4905 1654 4947 est
1683 4897 1821 4961 quod
1869 4895 2233 4963 scrupulosius

681 4964 765 5017 his
805 4965 1054 5016 ruimibus
1091 4963 1243 5016 Iidem
1271 4965 1645 5026 adhibeanms,
1679 4980 1799 5017 cum
1832 4981 1936 5017 non
1967 4982 2129 5032 pauca
2167 4981 2230 5018 cx

681 5034 822 5101 vulgi
869 5034 1122 5100 opinione
1159 5045 1466 5086 narrentur.
1519 5034 1702 5101 Neque
1741 5045 1915 5087 tamen
1968 5049 2234 5102 repertum

682 5105 741 5155 iri
779 5113 906 5172 pato
945 5117 1270 5170 quemquam
1311 5113 1416 5157 tam
1447 5104 1713 5170 iniquum,
1743 5106 1831 5173 qui
1868 5108 1980 5157 hare
2022 5116 2111 5157 aut
2162 5108 2235 5157 si-

683 5175 821 5225 milia
857 5187 1068 5226 summo
1091 5173 1206 5225 viro
1231 5175 1389 5227 rebus
1422 5174 1762 5243 gravioribus
1805 5176 2011 5228 intento
2037 5181 2224 5229 condo-

679 5259 807 5297 nare
830 5243 981 5296 ttulit.

751 5315 860 5384 (51)
883 5313 1060 5367 Codex
1091 5312 1337 5384 Combel'.
1365 5327 1486 5365 cum
1523 5313 1702 5365 niultis
1746 5314 1866 5367 aliis
1895 5331 2021 5369 mss.
2063 5315 2238 5366 ἐκτιν-

678 5381 857 5439 νῦσαι.
887 5384 1022 5436 Editi
1055 5402 1173 5437 cum
1203 5383 1365 5438 Cuisl.
1416 5385 1648 5433 secundo
1680 5384 2072 5440 ἐκτιννύουσαι.
2120 5388 2232 5437 Sta-

681 5460 772 5524 tjm
803 5460 908 5506 duo
936 5471 1060 5507 mss.
1095 5453 1212 5506 οὐδὲ
1243 5452 1340 5521 τῆς
1375 5451 1784 5524 ἐπιϐαλλούσης.

751 5526 861 5592 (52)
899 5527 1119 5576 Codices
1153 5532 1353 5588 septeni
1399 5523 1618 5592 ἄμοιρα.
1678 5525 1814 5576 Ιζιιὶιὶ
1847 5537 1898 5577 et
1931 5526 2095 5579 (Ioisl.
2133 5525 2241 5592 pri-

683 5613 800 5649 mus
831 5597 1073 5665 ἅμοιρον.
1111 5595 1173 5647 Et
1207 5596 1293 5646 hic
1324 5608 1535 5665 quoque
1571 5595 1777 5646 lihrarii
1821 5600 1887 5649 oh
1925 5613 2116 5647 vanum
2155 5611 2238 5646 so-

681 5663 909 5719 luat-ismi
951 5678 1148 5716 metum
1185 5665 1428 5716 videntur
1449 5663 1680 5735 ἄμοιρον
1732 5681 1825 5732 pro
1865 5667 2066 5735 ἄμοιρα
2103 5669 2237 5718 scri-

681 5738 876 5806 psisse,
911 5751 973 5787 eo
1016 5735 1259 5786 videlicet
1293 5734 1554 5806 consilio,
1607 5746 1661 5784 ut
1705 5750 1800 5788 vox
1856 5734 2082 5806 ἄμοιρον
2123 5735 2236 5806 voci

679 5805 830 5858 οὐδέν
873 5805 1240 5872 responderet.
1273 5805 1374 5858 Sed
1409 5804 1538 5855 nihil
1567 5820 1806 5870 necesse,
1834 5804 1954 5861 cum
1995 5804 2145 5868 iilud,
2172 5805 2239 5856 τὰ

2349 4698 2574 4737 textum.
2638 4684 2830 4736 Statim
2893 4683 3038 4751 Regii
3081 4686 3306 4746 primus,
3356 4686 3546 4734 tertius
3593 4692 3645 4734 et
3685 4692 3898 4733 octavus

2343 4774 2464 4808 cum
2492 4754 2639 4807 Colb.
2665 4756 2897 4808 secundo
2920 4754 2991 4806 τὰ
3016 4753 3171 4824 μέλη.
3204 4753 3475 4806 Editicum
3501 4768 3606 4806 uno
3623 4762 3715 4805 aut
3738 4755 3898 4804 altero

2344 4841 2442 4876 ms.
2473 4823 2541 4876 τὰ
2580 4824 2742 4876 μέρη.

2344 4841 2541 4878 ιηε.τα
2579 4841 2742 4880 μεοη.

2793 4893 3034 4947 Combef.
3077 4909 3196 4947 cum
3252 4892 3373 4947 aliis
3415 4893 3655 4963 quinque
3707 4891 3889 4959 ἀφεῖλε

2339 4965 2466 5017 τῶν.
2491 4966 2641 5017 ‘Etliti
2673 4964 2920 5032 ἀφείλετο
2947 4965 3074 5020 τῶν.

2411 5035 2522 5104 (54)
2559 5031 2734 5088 Codex
2760 5034 3000 5088 Cumbef.
3037 5044 3089 5087 et
3117 5034 3250 5104 Reg.
3288 5044 3510 5104 octavus
3544 5031 3752 5095 τούτοις
3785 5031 3896 5084 πολ-

2338 5103 2435 5168 λὰς
2465 5104 2559 5156 καὶ
2602 5105 2850 5167 ποικίλας
2899 5104 3183 5173 ἀποθήκας
3210 5103 3356 5167 ίτῶν,
3390 5113 3495 5158 etc.
3547 5105 3680 5174 Reg.
3717 5115 3892 5157 sextus

2340 5175 2589 5237 ποικίλας
2609 5177 2730 5236 ταῖς
2754 5178 2978 5245 τροφαῖς
3011 5175 3440 5245 παρεσκεύασεν.

2410 5247 2522 5313 (55)
2581 5242 2804 5298 (Indices
2868 5242 3114 5311 rqltnlttot‘
3185 5256 3380 5314 praeter
3462 5243 3705 5299 Combef.
3762 5242 3890 5294 ὥστε

2340 5314 2702 5368 καταλεανθὲν
2734 5314 2829 5384 τῷ.
2869 5316 3019 5370 Coll).
3060 5316 3325 5368 secundus
3350 5332 3468 5368 cum
3510 5316 3640 5382 Ιίνε.
3675 5325 3820 5384 sexto
3844 5321 3890 5361 et

2336 5403 2457 5506 sum
2485 5384 2635 5439 Bodl.
2663 5383 2802 5437 ὥστε
2836 5384 3264 5438 καταλεανθέντα
3291 5384 3386 5455 τῷ.
3424 5385 3561 5440 Editi
3585 5383 3892 5436 καταλειαν·

2369 5473 2510 5506 εντα.

2369 5473 2510 5508 εντα.

2408 5526 2518 5593 (56)
2555 5526 2776 5578 Codices
2805 5526 3042 5596 quinque
3077 5525 3336 5595 ἔγκειται.
3377 5525 3515 5579 Editi
3569 5538 3692 5578 cum
3741 5520 3886 5576 Colb.

2334 5597 2574 5649 secundo
2604 5597 2896 5662 ἔγκεινται.

2410 5666 2689 5738 (57)_Culb.
2725 5670 2990 5721 secuiulus
3022 5669 3120 5720 οὐκ
3154 5668 3428 5738 ἐφίκηται.
3465 5666 3746 5738 Aliquanto
3775 5666 3884 5730 post

2337 5753 2469 5808 mss.
2498 5736 2701 5808 aliquot
2731 5738 2813 5790 ὃτι
2844 5739 2962 5808 οὐχ).
3010 5740 3073 5792 ἐκ
3119 5739 3237 5808 τῆς.
3277 5735 3415 5793 Editi
3463 5753 3582 5792 cum
3613 5735 3760 5788 Colb.
3803 5745 3881 5785 se-

2336 5807 2510 5860 cundo
2540 5807 2616 5858 ὅτι
2648 5808 2764 5860 οὐκ.
