4100 6312
191 358 289 410 201

1279 362 1558 416 ΙΙΟΜΙῌΛ
1596 366 1661 418 IX
1703 364 1768 418 IN
1807 364 2296 422 llEXAEMEliON.

3314 376 3418 432 202

190 472 269 542 τῷ
293 472 678 542 ὑπερϐάλλοντι
708 473 859 546 βάρει
890 478 1246 546 καταρρέπων
1278 481 1364 532 ἀεὶ
1403 482 1536 549 πρὸς
1571 484 1631 536 τὸ
1662 483 1746 537 κά·

1862 498 2128 553 vergcret.
2175 484 2326 540 Nunc
2378 495 2554 539 autem
2610 497 2771 559 caput
2820 489 3032 557 quidem
3093 504 3186 559 per
3226 506 3421 558 paucas

188 580 287 615 τω.
328 562 436 614 Νῦν
463 562 518 613 δὲ
550 564 581 629 ἡ
628 562 723 632 μὲν
776 565 984 635 κεφαλὴ
1032 565 1098 619 δι’
1119 568 1312 638 ὀλίγων
1344 570 1450 622 τῶν
1473 571 1564 624 106
1595 572 1756 643 αὐχέ-

188 671 279 714 νος
329 651 627 719 σφονδύλων
654 658 787 727 πρὸς
824 656 922 725 τὴν
961 658 1115 730 ῥάχιν
1143 663 1505 715 συνάπτεται·
1539 663 1650 735 ἔχει
1700 665 1755 717 δὲ

188 742 287 809 τὴν
329 745 682 813 προνομαίαν,
724 746 821 814 τὴν
846 746 937 799 106
972 752 1246 821 τραχήλου
1289 752 1475 821 χρείαν
1508 754 1754 826 ἀποπλη-

191 831 414 899 ρούσαν,
457 834 523 887 δι’
553 832 618 906 ἧς
648 834 739 887 καὶ
791 837 888 909 τὴν
928 844 1134 911 τροφὴν
1182 859 1532 914 προσαγεται,
1572 849 1665 900 καὶ
1697 848 1758 901 τὸ

188 924 354 976 ποτὸν
374 926 651 999 ἀνιμᾶται.
698 928 856 983 Ἀλλὰ
889 935 981 985 καὶ
1027 932 1382 1005 ἁδιάρθρωτοι
1413 938 1559 1009 αὐτῷ
1584 942 1631 991 οἱ
1662 939 1755 992 πό·

183 1014 295 1077 δες,
329 1019 488 1072 οἱονεὶ
526 1018 700 1083 κίονες
744 1022 1028 1093 ἡνωμένοι,
1064 1024 1124 1077 τὸ
1173 1026 1336 1099 βάρος
1368 1031 1755 1100 ύποστηρίζου-

188 1123 294 1163 σιν.
340 1112 401 1164 Εἰ
428 1109 535 1179 γὰρ
563 1111 732 1179 χαῦνα
762 1114 908 1183 αὺτῷ
924 1116 1027 1166 καὶ
1059 1116 1251 1189 δίυγρα
1284 1121 1519 1189 ὑπετέθη
1553 1122 1663 1189 (58)
1685 1124 1753 1176 τὰ

187 1200 358 1262 κῶλα,
384 1203 619 1269 συνεχεῖς
653 1203 717 1257 ἂν
742 1204 979 1272 ἐγίνοντο
1005 1206 1112 1261 τῶν
1138 1210 1352 1281 ἄρθρων
1372 1212 1428 1262 αἱ
1470 1212 1752 1278 ἐκτροπαὶ,

187 1291 611 1359 συνοκλάζοντος
638 1296 732 1349 καλ⁸
768 1296 1171 1372 διανισταμένου
1205 1302 1480 1371 κουφίζειν
1498 1303 1559 1356 τὸ
1590 1302 1754 1375 βάρος

186 1383 261 1453 μὴ
281 1382 648 1454 ἐξαρκούντων
668 1387 798 1459 (59).
830 1389 942 1444 Νῦν
962 1392 1018 1444 δὲ
1038 1393 1238 1462 βραχὺς
1267 1394 1602 1464 ἀστράγαλος
1625 1396 1755 1447 ὑπό-

184 1488 363 1523 κειται
386 1474 461 1544 τῷ
489 1476 608 1527 ποδὶ
635 1475 727 1528 τοῦ
762 1477 1047 1546 ἐλέφαντος
1075 1496 1088 1509 ⁸
1121 1478 1242 1532 οὔτε
1275 1481 1454 1550 μέντοι
1479 1484 1558 1546 εἰς
1585 1481 1753 1550 ἀγκύ-

184 1560 285 1629 λην
319 1564 438 1617 οὔτε
470 1567 549 1628 εἰς
581 1566 708 1632 γὸνυ
740 1566 1088 1639 διήρθρωται.
1128 1569 1200 1621 Οὐ
1231 1568 1336 1643 γὰρ
1377 1572 1442 1625 ἂν
1476 1574 1750 1644 ύπήνεγκε

180 1652 243 1706 τὸ
271 1656 381 1708 τῶν
410 1656 626 1728 ἄρθρων
653 1659 935 1730 ὀλισθηρὸν
967 1660 1063 1733 τὴν
1092 1662 1458 1735 πολυσαρκίαν
1479 1664 1570 1717 τοῦ
1610 1664 1749 1729 ζώου

184 1746 384 1817 πολλὴν
452 1748 599 1819 αὐτῷ
661 1751 1095 1823 περικεχυμένην
1154 1756 1249 1808 καὶ
1296 1757 1744 1826 περιτρέμουσαν.

187 1841 350 1893 Ὅθεν
380 1842 535 1912 χρεία
563 1842 750 1910 γέγονε
788 1841 881 1894 106
923 1845 1195 1914 μυκτῆρος
1222 1846 1429 1898 ἐκείνου
1462 1847 1620 1918 μέχρι
1655 1866 1743 1901 πο·
1783 1836 1821 1887 Β

180 1928 286 1980 δῶν
315 1932 658 2000 καθιεμένου.
700 1934 810 2003 Οὐχ
842 1937 969 2005 ὁρᾷς
1000 1938 1056 1987 ἐν
1094 1938 1204 1999 τοῖς
1236 1936 1511 2007 πολέμοις,
1560 1940 1641 1991 ὅτι
1672 1942 1750 1990 οἱ-

184 2021 299 2073 ονεὶ
324 2022 393 2074 πύ
404 2040 519 2093 ργοι
544 2025 685 2089 τινὲς
705 2026 930 2097 ἔμψυχοι
947 2027 1042 2098 τῆς
1062 2028 1336 2098 φάλαγγος
1355 2030 1712 2102 προηγούνται
1734 2050 1746 2096 ;

181 2110 215 2184 ἦ
248 2112 427 2183 βουνοί
446 2134 587 2181 τινες
623 2118 886 2189 σάρκινοι,
918 2120 1283 2174 ανυπόστατον
1306 2122 1519 2191 ἔχοντες
1547 2122 1643 2194 τὴν
1661 2126 1751 2193 ὀρ-

184 2218 315 2275 μην,
348 2206 457 2259 τῶν
503 2209 760 2260 ἐναντίοιν
800 2209 889 2261 τὸν
929 2211 1297 2279 συνασπισμὸν
1330 2212 1745 2278 διακόπτουσινς

181 2289 278 2356 Οἷς
306 2299 356 2349 εί
390 2298 463 2366 μὴ
504 2294 569 2367 ἦν
599 2299 961 2365 ἀναλογοῦντα
989 2299 1055 2351 τὰ
1081 2301 1248 2364 κάτω,
1292 2303 1427 2373 πρὸς
1469 2304 1653 2357 οὐδένα
1684 2306 1749 2357 ἂν

181 2388 376 2459 χρόνον
406 2390 466 2441 τὸ
500 2390 634 2452 ζῶον
664 2392 934 2462 διήρκεσε.
968 2393 1078 2447 Νῦν
1110 2394 1164 2447 δὲ
1198 2396 1296 2468 ἤδη
1320 2399 1459 2461 τινὲς
1483 2400 1749 2468 ἱστοροῦσι

180 2480 275 2533 καὶ
306 2482 589 2552 τριακόσια
630 2484 722 2554 ἔτη
758 2484 849 2537 καὶ
884 2484 1052 2540 πλείω
1086 2487 1286 2541 τούτων
1317 2488 1462 2559 βιοῦν
1500 2491 1589 2544 τὸν
1638 2493 1750 2543 ἐλέ-

181 2589 358 2643 φαντα
382 2591 396 2605 ο
426 2574 511 2629 διὰ
538 2575 695 2629 10610
735 2579 1092 2651 συμπεπηγὸς
1122 2580 1232 2652 (60)
1262 2583 1355 2635 καὶ
1392 2582 1452 2635 ού
1480 2583 1746 2655 διηρθρω-

182 2667 344 2734 μένον
373 2669 440 2720 τὰ
468 2668 636 2723 κῶλα.
667 2671 776 2740 Τὴν
827 2672 883 2723 δὲ
932 2672 1157 2743 τροφὴν,
1214 2674 1401 2745 ὥσπερ
1445 2675 1675 2746 ἔφαμεν,
1713 2678 1744 2747 ἡ

182 2760 488 2829 προνομαία
514 2761 749 2830 χαμόθεν
780 2763 871 2814 ἐπὶ
898 2763 957 2814 τὸ
990 2763 1120 2830 ὕψος
1154 2764 1477 2833 διακομίζει,
1514 2768 1746 2838 ὀφιώδης

181 2868 262 2912 τις
287 2847 421 2904 οὖσα
454 2854 546 2904 καὶ
588 2853 853 2923 ὑγροτέρα
903 2855 1000 2921 τὴν
1056 2855 1234 2923 φύσιν.
1280 2856 1464 2919 Οὕτως
1494 2858 1695 2929 ἀληθὴς
1720 2860 1748 2910 ὁ

180 2940 354 3008 λόγος,
391 2942 472 2994 ὅτι
501 2942 653 2995 οὐδὲν
687 2943 937 3013 περιττὸν
971 2944 1087 2996 οὐδὲ
1124 2944 1364 2997 ἐλλεῖπον
1390 2948 1449 2998 ἐν
1481 2950 1592 3009 τοῖς
1632 2965 1747 3000 κτι-

181 3032 352 3085 σθεῑσι
385 3034 610 3087 δυνατὸν
644 3034 951 3106 εὑρεθῆναι.
988 3035 1156 3089 Τοῦτο
1198 3037 1378 3107 μέντοι
1410 3039 1659 3092 τοσοῦτον
1688 3040 1747 3092 ὃν

1860 576 2085 631 cervicis
2136 589 2419 646 compages
2463 590 2585 631 cItm
2639 579 2783 635 dorsi
2828 580 2978 651 spina
3026 582 3414 652 conjungitur:

1860 664 2019 720 habet
2050 682 2175 721 vero
2208 668 2737 737 proboscidem,colli
2771 673 2945 728 oﬂicio
2969 688 3032 728 ac
3056 688 3274 729 munere
3304 677 3421 727 fun-

1858 766 2204 830 geutcm,pcr
2229 773 2387 827 quam
2410 773 2465 818 et
2506 763 2817 817 alimentum
2866 767 3109 830 aSsumit,
3148 775 3203 821 et
3237 776 3414 835 potum

1855 848 2120 905 exhaurit.
2166 850 2271 907 Sed
2314 859 2369 906 et
2394 855 2555 922 pedes
2585 855 2751 923 ipsius
2797 856 3035 912 articulis
3062 858 3279 913 minime
3309 858 3419 911 dis-

1857 940 2027 1003 tincti,
2083 944 2228 999 velut
2274 942 2533 1000 columna:
2570 947 2886 1017 conjuncta‘,
2921 962 3055 999 onus
3086 950 3413 1005 suffulciunt.

1855 1031 2066 1086 Etenim
2096 1034 2140 1088 si
2170 1035 2275 1089 laxi
2303 1043 2358 1089 et
2393 1034 2652 1092 ﬂexibiles
2679 1039 2841 1106 pedes
2865 1039 2912 1093 ei
2963 1037 3188 1092 fuisscnt
3218 1055 3409 1109 suppo-

1851 1125 1938 1179 siti
1963 1165 1977 1189 ,
1998 1126 2197 1183 crebrae
2224 1128 2377 1181 facta:
2405 1128 2627 1183 fuissent
2644 1131 2991 1185 articulorum
3011 1146 3041 1186 e
3062 1132 3173 1186 suis
3199 1132 3414 1186 sedibus

1853 1218 2115 1273 motiones
2151 1239 2164 1273 :
2201 1219 2633 1291 quandoquidem
2663 1222 2788 1275 dum
2832 1223 2983 1278 ﬂexis
3021 1225 3242 1293 genibus
3278 1238 3411 1277 con-

1851 1308 2067 1373 sideret,
2097 1321 2188 1366 aut
2242 1319 2573 1381 exsurgeret,
2609 1312 2829 1366 ferendo
2871 1314 3091 1382 ponderi
3121 1329 3274 1383 pares
3305 1328 3411 1367 non

1853 1413 2051 1456 essent.
2085 1405 2234 1462 Nunc
2261 1422 2388 1462 vero
2410 1420 2604 1476 parvus
2640 1406 2776 1461 talus
2809 1406 3090 1477 subjicitur
3115 1408 3413 1473 elephantis

1852 1494 1968 1562 pedi
2002 1512 2015 1547 :
2050 1496 2160 1566 86
2194 1513 2365 1568 neque
2412 1510 2585 1553 tamen
2617 1498 2683 1553 ad
2726 1508 3089 1562 curvaturam,
3136 1514 3307 1568 neque
3349 1502 3413 1553 ad

1852 1600 1988 1655 genu
2018 1598 2327 1655 compactus
2371 1591 2611 1645 articulis
2648 1600 2750 1645 est.
2779 1588 2912 1643 Nam
2946 1591 3293 1645 articulorum
3328 1591 3412 1644 in-

1850 1678 2147 1733 constantia
2173 1693 2233 1732 ae
2272 1680 2536 1732 mobilitas
2565 1680 2783 1734 multam
2841 1681 3089 1734 animalis
3137 1681 3413 1750 corpulen-

1853 1770 1998 1835 tiam,
2033 1771 2129 1838 ipsi
2168 1768 2549 1823 circumfusam
2583 1785 2647 1825 ac
2680 1770 3180 1837 titubantcm,ferre
3211 1788 3413 1841 nequa-

1849 1876 2007 1928 quam
2056 1864 2332 1931 poutisset.
2376 1860 2526 1917 Unde
2571 1877 2735 1917 nasus
2787 1864 2874 1919 ille
2926 1866 2990 1919 ad
3037 1863 3197 1934 pedes
3245 1878 3413 1931 usque

1851 1953 2133 2015 demissus,
2186 1954 2283 2007 fuit
2313 1954 2669 2011 necessarius.
2711 1953 2896 2009 Nonne
2943 1955 3089 2010 vides
3130 1956 3183 2009 in
3236 1955 3407 2021 bellis,

1851 2039 1991 2108 quod
2032 2040 2177 2094 velut
2211 2044 2461 2097 animata:
2494 2045 2738 2113 quaedam
2794 2053 2968 2098 turres
3005 2047 3175 2099 aciem
3211 2061 3412 2114 praece-

1851 2132 1975 2185 dant
2004 2131 2139 2186 ‘Iaut
2169 2133 2313 2201 quod
2363 2133 2506 2188 velut
2540 2137 2721 2190 carnei
2758 2136 2973 2204 quidam
3003 2135 3185 2202 colles,
3218 2135 3410 2192 intole-

1851 2226 2003 2279 rabili
2024 2226 2221 2296 impetu
2255 2225 2487 2297 impulsi,
2522 2229 2741 2282 densata
2769 2231 3000 2285 hostium
3038 2231 3249 2301 agmina
3285 2245 3409 2300 per-

1853 2326 2102 2385 rumpant
2129 2318 2152 2371 ?
2182 2318 2388 2384 Quibus
2415 2319 2516 2374 nisi
2546 2328 2724 2390 partes
2748 2320 2967 2376 infernae
3004 2323 3408 2391 responderent,

1852 2416 2090 2476 tempore
2125 2409 2231 2463 ullo
2258 2412 2545 2478 persistere
2576 2410 2773 2466 animal
2805 2411 2931 2466 illud
2956 2413 3174 2468 minime
3208 2422 3407 2482 posset.

1849 2496 2000 2551 Nune
2056 2506 2233 2553 autem
2270 2500 2509 2555 referunt
2567 2502 2805 2557 nonnulli
2864 2504 3115 2559 trecentis
3158 2505 3312 2558 annis
3359 2514 3413 2559 ct

1849 2589 2075 2659 amplius
2118 2590 2299 2644 vivere
2342 2590 2677 2659 elephantem
2710 2612 2723 2646 :
2770 2604 3051 2666 propterea
3092 2597 3253 2668 pedes
3294 2594 3410 2663 ejus

1849 2682 2110 2752 compacti
2144 2691 2288 2748 sunt,
2344 2696 2442 2738 nec
2480 2682 2602 2737 ttllis
2649 2686 2889 2741 articulis
2937 2688 3258 2741 dividuntur.
3295 2688 3409 2742 Cre-

1850 2784 2042 2839 ternm,
2078 2776 2151 2829 uti
2183 2776 2435 2839 diximus,
2469 2777 2744 2845 proboscis
2767 2792 2797 2831 e
2832 2787 2971 2832 terra
2999 2794 3207 2833 sursum
3255 2777 3409 2834 cﬂ‘ert

1849 2869 2155 2920 alimentum
2190 2887 2201 2920 :
2236 2884 2296 2922 ea
2322 2883 2510 2937 nempe
2550 2869 2817 2937 serpentis
2853 2870 3012 2923 habet
3035 2871 3289 2940 speciem,
3322 2881 3403 2924 at-

1847 2956 1950 3024 que
1979 2971 2040 3011 ex
2072 2971 2167 3010 sua
2201 2968 2387 3011 natura
2425 2958 2632 3013 facilius
2678 2957 2925 3013 ﬂectitur.
2966 2960 3113 3015 Adeo
3157 2975 3277 3015 vera
3317 2961 3403 3015 illa

1848 3047 2111 3101 sententia
2140 3054 2245 3113 est,
2274 3046 2404 3100 nihil
2430 3049 2569 3114 quod
2602 3059 2691 3101 aut
2728 3050 3005 3111 redundet,
3042 3058 3133 3101 aut
3168 3049 3401 3111 deﬁciat,

178 3124 255 3194 τῷ
314 3126 557 3195 μεγέθει,
600 3127 906 3199 ὑποχείριον
963 3130 1096 3199 ἡμῖν
1155 3129 1487 3197 κατέστησεν
1533 3131 1561 3182 ὁ
1614 3131 1745 3195 Θεὸς

1850 3141 1900 3190 in
1955 3137 2113 3192 rebus
2152 3138 2347 3192 creatis
2378 3138 2603 3191 inveniri
2656 3153 2830 3206 posse.
2874 3140 3033 3207 Atqui
3082 3139 3210 3193 illud
3245 3150 3405 3195 tanta:

180 3216 342 3285 (ὥστε
397 3220 491 3272 καὶ
531 3219 911 3289 διδασκόμενον
964 3221 1222 3283 συνιέναι,
1273 3223 1366 3274 καὶ
1412 3224 1741 3293 τυπτόμενον

178 3309 608 3389 καταδέχεσθαι),
640 3312 880 3381 ἐναργῶς
906 3316 1052 3383 ἡμᾶς
1080 3310 1428 3378 ἐκδιδάσκων,
1456 3316 1537 3369 ὅτι
1565 3318 1740 3372 πάντα

179 3399 443 3467 ὑπέταξεν
476 3405 625 3472 ἡμῖν,
659 3403 746 3455 διὰ
772 3403 834 3455 τὸ
862 3407 980 3457 κατ’
1009 3406 1188 3459 εἰκόνα
1232 3410 1380 3477 ἡμᾶς
1415 3409 1739 3481 πεποιῆσθαι

178 3489 287 3560 (61)
318 3492 413 3544 106
440 3494 741 3557 κτίσαντος.
773 3495 847 3547 Οὐ
873 3495 1030 3565 μόνον
1054 3495 1109 3548 δέ
1143 3498 1200 3549 ἐν
1226 3502 1335 3562 τοῖς
1354 3501 1606 3568 μεγάλοις
1635 3502 1741 3553 τῶν

178 3581 332 3648 ζώων
354 3584 451 3655 τὴν
484 3585 881 3656 ἀνεξιχνίαστον
908 3588 1097 3656 σοφίαν
1122 3588 1296 3654 ἔξεστι
1325 3591 1579 3654 κατιδεῖν,
1609 3593 1740 3645 ἀλλὰ

177 3675 269 3727 καὶ
296 3679 356 3729 ἐν
384 3680 496 3741 τοῖς
525 3677 869 3749 μικροτάτοις
900 3678 1050 3732 οὐδὲν
1084 3679 1297 3733 ἔλαττον
1327 3684 1642 3752 συναγεῖραι
1682 3683 1742 3735 τὸ

177 3764 380 3836 θαῦμα.
417 3770 625 3840 ’Ὠσπερ
661 3770 769 3841 γὰρ
810 3773 871 3824 ού
914 3772 1111 3842 μᾶλλον
1146 3771 1406 3843 θαυμάζω
1443 3775 1539 3837 τὰς
1575 3777 1742 3845 μεγέ-

175 3857 273 3923 λας
300 3860 410 3912 τῶν
430 3862 571 3931 ὀρῶν
603 3863 865 3933 κορυφὰς,
906 3864 960 3916 αἳ
991 3864 1068 3933 τῷ
1107 3865 1331 3936 πλησίον
1352 3863 1488 3919 εἶναι
1513 3868 1619 3919 τῶν
1653 3886 1731 3921 νε-

177 3952 291 4023 φῶν
320 3955 387 4023 τῇ
418 3957 627 4023 συνεχεῖ
652 3956 940 4026 περιπνοία
974 3956 1295 4021 διασώζουσι
1336 3959 1396 4009 τὸ
1444 3960 1737 4029 χειμέριον,

174 4044 209 4113 ἢ
233 4045 333 4115 τὴν
370 4046 427 4096 ἐν
460 4048 579 4108 ταῖς
616 4045 853 4116 φάραγξι
891 4046 1194 4116 κοιλότητα,
1218 4051 1277 4100 οὺ
1303 4049 1459 4117 μόνον
1485 4048 1543 4101 τὸ
1575 4050 1737 4121 δυσή-

176 4150 337 4203 νεμον
372 4134 478 4187 τῶν
508 4135 725 4207 ὑψηλῶν
755 4136 1163 4205 διαφεύγουσαν,
1196 4137 1331 4191 ἀλλὰ
1380 4140 1472 4192 καὶ
1505 4139 1741 4193 ἀλεεινὸν

176 4222 260 4274 ἀεὶ
316 4223 408 4276 τὸν
452 4226 586 4296 ἀέρα
622 4227 976 4296 συνέχουσαν·
1029 4228 1200 4293 οὕτως
1242 4230 1334 4282 καὶ
1380 4232 1435 4281 ἐν
1482 4233 1595 4292 ταῖς
1635 4232 1741 4284 τῶν

178 4314 327 4378 ζώων
373 4320 735 4383 κατασκευαῖς
765 4320 824 4371 οὐ
863 4319 1061 4390 μᾶλλον
1107 4320 1314 4389 ἄγαμαι
1354 4321 1443 4373 τὸν
1480 4322 1741 4388 ἐλέφαντα

174 4406 265 4459 τοῦ
299 4408 559 4478 μεγέθους
583 4410 615 4479 ἢ
638 4411 727 4463 τὸν
763 4411 885 4480 μῦν,
917 4413 996 4465 ὅτι
1031 4410 1256 4481 φοϐερός
1280 4415 1391 4464 ἐστι
1415 4411 1491 4482 τῷ
1521 4412 1740 4479 ἐλέφαν-

1848 3230 2227 3300 magnitudinis
2258 3230 2457 3284 animal
2498 3230 2651 3283 nobis
2704 3230 2839 3283 Deus
2886 3230 3157 3285 subdidit:
3188 3231 3321 3286 adeo
3348 3242 3408 3287 ut

1842 3324 1885 3375 si
1915 3324 2191 3384 doceatur,
2223 3319 2519 3389 intelligat;
2547 3321 2589 3371 si
2633 3321 2994 3388 percutiatur,
3022 3321 3275 3389 perferat.
3313 3322 3405 3376 Ni-

1843 3415 2038 3467 mirum
2067 3413 2210 3466 clare
2246 3428 2343 3466 nos
2395 3414 2584 3467 edocet
2611 3412 2751 3481 quod
2793 3413 2857 3464 ad
2890 3411 3161 3467 Creatoris
3208 3414 3400 3483 imagi-

1843 3520 1961 3557 nem
2019 3504 2215 3557 coaditi
2272 3517 2496 3564 sumus,
2530 3503 2599 3555 ob
2660 3501 2710 3554 id
2751 3500 2904 3555 nobis
2956 3499 3121 3554 fuisse
3165 3500 3400 3566 subjecta

1840 3596 2037 3648 Omnia.
2072 3593 2185 3647 Non
2209 3594 2379 3648 solum
2421 3603 2596 3646 autem
2623 3598 2675 3647 in
2711 3593 2916 3661 magnis
2944 3593 3265 3646 animalibus
3306 3594 3405 3645 iut-

1842 3683 2305 3753 pervestigabilem
2334 3685 2650 3751 sapientiam
2684 3684 2867 3735 videre
2902 3691 2983 3737 est
3002 3722 3016 3745 ,
3045 3683 3135 3735 sed
3159 3684 3320 3737 etiam
3350 3683 3401 3737 in

1843 3776 2077 3830 minimis
2143 3775 2310 3828 nihilo
2364 3775 2566 3827 minora
2623 3774 2879 3827 miracula
2949 3774 3201 3843 colligere
3254 3776 3398 3829 licet.

1842 3867 2290 3934 Quemadmodum
2347 3866 2485 3920 enim
2541 3880 2731 3933 magna
2785 3866 3039 3918 montium
3092 3866 3398 3931 cacumina,

1841 3976 1956 4027 qme
1990 3960 2057 4013 ob
2089 3959 2307 4012 nubium
2341 3959 2669 4011 vicinitatem
2702 3973 2795 4025 per
2819 3960 3100 4011 continuos
3137 3955 3294 4009 ﬂatus
3317 3956 3398 4009 hi-

1839 4054 2060 4103 hernnm
2091 4050 2259 4119 frigus
2291 4057 2629 4111 conservant,
2667 4063 2767 4101 non
2813 4049 2977 4102 miror
3007 4048 3176 4117 magis
3196 4089 3211 4114 ,
3239 4062 3400 4116 quam

1841 4144 2055 4195 vallium
2100 4156 2359 4204 concava,
2397 4155 2512 4208 quze
2543 4156 2645 4193 nou
2694 4139 2865 4192 solum
2905 4130 3186 4193 ventorum
3236 4139 3401 4193 subli-

1842 4236 2003 4286 tttium
2025 4231 2281 4287 smvitietu
2317 4230 2602 4293 declinant,
2637 4230 2727 4281 sed
2767 4228 2927 4283 etiam
2961 4230 3190 4297 tepidum
3219 4242 3400 4283 aerem

1840 4337 2047 4389 semper
2078 4322 2313 4375 retinent
2349 4336 2367 4373 :
2404 4320 2481 4373 sie
2508 4319 2669 4371 etiam
2707 4316 2756 4370 in
2800 4318 3108 4371 animalium
3138 4320 3400 4372 constitu-

1844 4416 2009 4476 tione,
2048 4428 2150 4466 non
2192 4412 2362 4481 magis
2414 4409 2651 4464 admiror
2702 4410 3036 4478 elephantem
3077 4409 3144 4463 ob
3194 4408 3402 4477 magni-

174 4512 226 4549 τι
245 4515 257 4526 ·
287 4499 319 4568 ἢ
346 4499 404 4551 τὸ
429 4498 750 4554 λεπτότατον
780 4503 869 4554 106
900 4504 1158 4574 σκορπίου
1188 4503 1430 4573 κέντρον,
1456 4503 1571 4567 πῶς
1600 4505 1739 4557 ἐκοί-

1848 4506 2099 4570 tudinem,
2131 4520 2290 4573 quam
2322 4520 2545 4567 murem,
2578 4504 2666 4571 qui
2698 4502 3019 4556 metuendus
3047 4510 3130 4554 est
3157 4499 3403 4570 elephan-

174 4584 331 4641 λανεν
364 4588 548 4661 ὥσπερ
581 4591 739 4644 αὐλὸν
787 4594 814 4643 ὁ
872 4594 1140 4663 τεχνίτης,
1189 4592 1327 4645 ὥστε
1355 4593 1419 4646 δι’
1455 4593 1615 4646 αὐτοῦ
1647 4594 1735 4647 τὸν

176 4678 252 4733 ίὸν
293 4684 410 4744 τοῖς
434 4681 719 4753 τρωθείσιν
762 4684 1015 4738 ἐνίεσθαι.
1072 4685 1181 4738 Καὶ
1214 4685 1397 4755 μηδεὶς
1438 4686 1735 4753 ἐγκαλείτω

173 4770 364 4824 τούτου
390 4773 571 4825 ἕνεκεν
598 4773 674 4843 τῷ
709 4778 924 4845 ποιητῇ,
960 4776 1039 4828 ὅτι
1078 4776 1255 4830 ἰοϐὁλα
1283 4776 1396 4841 ζῶα
1436 4779 1527 4829 καὶ
1565 4778 1735 4849 φθαρ-

171 4863 295 4917 τικὰ
322 4865 414 4918 καὶ
443 4865 673 4936 πολέμια
699 4868 765 4936 τῇ
795 4867 905 4938 ζωῇ
934 4868 1089 4937 ἡμῶν
1120 4870 1477 4939 ἐπεισήγαγεν
1501 4887 1512 4898 ·
1539 4870 1569 4939 ἢ
1593 4869 1733 4921 οὕτω

240 5111 522 5185 {58)Reg.
584 5114 789 5183 primus
831 5113 1082 5184 ἐπετέθη.
1140 5114 1270 5182 Reg.
1327 5126 1511 5169 sextus
1567 5130 1736 5185 προσ-

173 5183 351 5237 ιτέθη.

242 5201 537 5327 ίὲἓλ-Βὲεεὶἰ
571 5253 794 5327 primus,
824 5254 1045 5321 quintus
1092 5263 1147 5307 et
1185 5262 1409 5327 octavus
1449 5254 1744 5327 ἐξαρκοῦν-

172 5323 435 5397 1a.}:lditi
467 5338 599 5397 cum
628 5321 745 5397 aliis
767 5339 897 5377 mss.
928 5340 1031 5377 non
1062 5324 1250 5397 paucis
1282 5321 1680 5397 ἐξαρκούντων.

242 5392 349 5463 (60)
376 5393 491 5456 Illa,
527 5392 615 5447 διὰ
644 5390 803 5444 10610
825 5390 1211 5464 συμπεπηγός,
1258 5390 1395 5457 etc.,'
1425 5398 1496 5450 ita
1534 5398 1744 5451 reddita

174 5473 293 5515 sunt
325 5479 355 5517 a
379 5464 547 5517 veteri
582 5465 897 5529 interprete,
919 5476 973 5516 ut
995 5466 1145 5517 dicas
1174 5466 1511 5529 elephantem
1539 5466 1747 5521 idcirco

176 5540 251 5585 tot
273 5549 537 5587 annorum
579 5533 754 5602 spatio
780 5534 982 5603 vivere,
1011 5536 1152 5603 quod
1176 5537 1339 5603 pedes
1366 5536 1557 5591 habeat
1596 5550 1745 5590 com-

175 5612 377 5670 pactos,
414 5620 511 5657 nec
539 5603 782 5657 articulis
816 5602 940 5657 ullis
964 5602 1266 5659 diStinctos.
1289 5604 1396 5659 Sed
1435 5621 1499 5659 ea
1528 5620 1629 5659 non
1661 5613 1744 5660 est

175 5675 459 5727 verborum
489 5672 673 5727 Basilii
716 5674 1005 5727 sententia.
1047 5672 1159 5728 Hoc
1197 5686 1373 5728 autem
1416 5677 1569 5741 dicit,
1618 5675 1743 5729 inde

178 5751 428 5814 constare
477 5743 1002 5814 pedesrelephantis
1055 5746 1347 5814 (’0ttrpittgi,
1383 5758 1437 5799 et
1495 5746 1741 5799 articulis

181 5813 409 5883 destitui,
436 5815 580 5871 ouod
625 5813 844 5885 elephas
885 5824 1031 5870 tanto
1066 5813 1327 5885 temporis
1363 5816 1538 5886 spatio
1563 5816 1729 5870 vivat.

1845 4610 1897 4651 tn
1925 4617 1935 4651 :
1966 4599 2066 4661 vel,
2104 4613 2266 4667 quam
2316 4597 2682 4650 tenuissimum
2734 4592 2928 4661 scorpii
2964 4592 3226 4658 aculeum,
3269 4607 3404 4662 quo-

1843 4692 1997 4743 mmlo
2018 4707 2137 4743 eum
2168 4688 2360 4741 artifex
2401 4689 2514 4755 ipse
2560 4696 2811 4753 tanquam
2855 4684 3038 4738 tibiam
3087 4685 3318 4749 cavavit,
3347 4695 3402 4739 ut

1841 4796 1935 4851 per
1959 4781 2101 4833 illum
2148 4781 2295 4832 virus
2323 4778 2580 4830 sauciatis
2613 4776 2948 4830 immittatur.
2980 4776 3088 4830 Nec
3120 4776 3401 4846 quisquam

1842 4871 2046 4923 im-nset
2075 4868 2439 4929 Conditorem,
2466 4868 2605 4935 quod
2642 4867 2889 4919 animalia
2928 4876 3183 4921 venenata
3214 4868 3401 4921 exitio-

1858 5111 2087 5165 Putabat
2116 5112 2257 5164 enim
2304 5112 2539 5165 futurum
2575 5111 2758 5176 fuisse,
2796 5122 2849 5164 ut
2882 5124 3047 5167 tanta!
3087 5114 3241 5167 molis
3284 5115 3402 5167 ani-

1858 5184 1963 5235 mal
2004 5198 2108 5235 tton
2150 5183 2411 5250 potuisset
2450 5195 2593 5236 stare
2631 5193 2682 5236 et
2719 5184 3034 5249 consistere,
3088 5185 3189 5237 nisi
3241 5186 3402 5251 pedes

1857 5253 1971 5318 ejus
2000 5253 2244 5305 articulis
2268 5255 2563 5306 caruissent
2601 5267 2614 5304 :
2644 5252 2733 5305 sed
2766 5253 2945 5306 statim
2963 5267 3059 5305 suo
3088 5254 3253 5319 ipsius
3272 5269 3402 5320 pon-

1852 5325 1979 5376 dere
2018 5324 2304 5376 t‘uiturum.
2349 5322 2420 5374 ita
2451 5325 2664 5391 quidem
2698 5324 2933 5376 sensisSe
2967 5323 3221 5376 Basilium
3251 5324 3398 5378 arbi-

1846 5401 1961 5446 tror
1990 5409 2001 5443 :
2035 5408 2207 5461 neque
2232 5405 2405 5445 tamen
2441 5394 2697 5446 continuo
2727 5392 2883 5445 velim
2928 5395 3064 5445 hanc
3091 5394 3395 5460 opinionem

1844 5478 1944 5529 pro
1969 5478 2092 5516 vera
2134 5463 2338 5517 haberi.
2365 5461 2540 5515 Probe
2568 5463 2711 5514 enim
2744 5464 2858 5515 scio
2888 5463 3263 5531 gravissimum
3296 5463 3395 5517 Pa-
3428 5508 3429 5511 η

1847 5544 2005 5597 trem,
2043 5533 2128 5585 cui
2183 5547 2269 5585 res
2297 5531 2559 5597 ejusmodi
2606 5532 2891 5601 diligenter
2940 5535 3245 5598 expendere
3288 5549 3394 5587 non

1843 5605 2091 5665 vacabat,
2117 5618 2210 5654 eas
2234 5618 2353 5668 quae
2382 5616 2477 5654 sua
2503 5612 2663 5655 aetate
2698 5603 2942 5667 rigebant
2967 5603 3248 5669 epinioues
3287 5618 3394 5658 nou

1842 5689 1965 5725 raro
2000 5673 2049 5725 in
2085 5673 2168 5725 his
2201 5672 2352 5725 libris
2389 5672 2657 5724 iucatttvts
2684 5682 2925 5724 secutum
2956 5687 3094 5726 esse.

1912 5742 2022 5809 (6|)
2060 5740 2189 5807 Reg.
2222 5741 2427 5806 primus
2464 5744 2605 5811 ἡμᾶς
2633 5736 2920 5796 ποιεῖσθαι.
2945 5742 3094 5797 Colb.
3130 5744 3398 5801 secundus

1839 5812 1927 5866 διὰ
1951 5812 2010 5866 τὸ
2045 5813 2165 5865 κατ’
2191 5811 2372 5866 εἰκόνα
2410 5812 2661 5881 γενέσθαι
2692 5811 2783 5866 τοῦ
2817 5813 3114 5876 κτίσαντος.
