4100 6312
707 325 810 378 205

1994 346 2052 398 S.
2099 346 2336 406 BASILII
2376 354 2589 408 MAGNI

703 451 870 509 Saque
900 454 961 495 ac
984 442 1104 497 vita:
1126 454 1319 510 nostrae
1346 449 1685 508 adversantia
1711 456 1961 525 produxit
1986 478 1999 515 :
2023 475 2113 519 aut
2142 471 2255 538 pari

2360 471 2405 522 δ’
2460 471 2526 525 ἄν
2572 473 2685 543 (62)
2724 492 2805 539 τις
2853 477 2945 529 καὶ

3809 375 3909 430 2οι

3004 480 3329 552 παιδαγωγῷ
3378 485 3630 559 ἐγκαλοίη
3661 489 3741 550 είς
3767 491 3911 557 τάξιν

704 530 914 585 ratione
931 534 1101 600 possit
1128 538 1249 607 quis
1276 539 1579 611 vituperare
1605 548 1971 622 paedagogum,
2002 557 2089 624 qui
2128 530 2255 627 δυο.

705 635 882 651 ἰιι-η...
926 622 1189 651 1η..;ι-ι..-..
1221 630 1544 651 :_--__._,,-o
1764 641 1775 651 .
1928 646 1957 651 -.

2362 560 2545 627 ἄγοντι
2577 530 2685 633 ’τὴν
2713 530 2961 620 εὐκολίαν
3004 571 3103 640 τῆς
3150 530 3430 644 νεότιτῗσιος,⁶
3450 579 3543 632 καὶ
3571 530 3911 651 πληγαῖς-,ἐξα

705 635 882 674 rorant
925 622 1191 682 levitatem
1220 630 1741 708 inconstantiamqne
1764 641 1815 695 in
1845 622 2085 699 ordinem
2119 622 2258 706 τεαὶ·

703 724 870 781 geret,
896 717 1091 787 quique
1116 720 1286 792 plagis
1322 739 1384 779 ac
1412 725 1634 798 ﬂagellis
1660 747 1844 789 eorum
1888 737 2161 795 lasciviam
2196 758 2257 799 ac

697 808 1105 872 protervitatem
1134 814 1445 883 castigaret.

774 894 827 948 6.
863 896 1009 953 Fidei
1039 917 1408 974 argumentum
1436 921 1562 965 sunt
1597 915 1800 977 bestiae.
1831 918 2057 974 Domino
2096 927 2261 980 conli-

704 985 786 1039 dis
816 986 839 1039 ?
863 986 1035 1059 Super
1057 996 1284 1063 aspidem
1313 1006 1361 1053 et
1387 999 1685 1056 basilisrum
1711 1010 2022 1076 ambulabis,
2051 1022 2098 1065 et
2133 1031 2258 1071 con—

706 1079 932 1138 euIcabis
987 1085 1180 1145 leonem
1231 1100 1279 1141 et
1330 1092 1604 1147 draconem
1639 1096 1700 1151 ⁸⁸.
1748 1102 1919 1169 Atque
1978 1119 2071 1170 per
2101 1104 2257 1163 [idem

706 1182 1018 1238 potesmtem
1084 1176 1247 1234 babes
1302 1184 1604 1240 ambulandi
1664 1202 1826 1258 super
1874 1204 2152 1261 serpentes
2196 1214 2259 1253 ac

705 1267 960 1334 scorpios.
1009 1272 1088 1321 An
1145 1284 1247 1324 non
1305 1274 1471 1334 vides.
1504 1276 1741 1345 viperam
1786 1279 1947 1336 Paulo
1988 1298 2259 1342 sarmenta

707 1355 976 1424 colligenti
1024 1361 1403 1430 adhaerentem,
1455 1368 1763 1441 nullumque
1793 1372 1841 1425 ei
1880 1375 2257 1433 detrimentum

704 1446 1017 1503 inferentem
1068 1452 1129 1517 ",
1154 1457 1294 1523 quod
1344 1458 1430 1512 ille
1473 1473 1689 1518 sanctus
1729 1467 1972 1521 inventus
2026 1478 2108 1522 est
2160 1472 2261 1525 lide

704 1537 1107 1609 plenus?Quod
1144 1549 1186 1600 si
1220 1550 1321 1603 litle
1370 1567 1544 1617 cares,
1589 1570 1693 1607 non
1746 1560 1914 1629 magis
1953 1562 2138 1617 timeas
2167 1563 2259 1615 be-

703 1630 882 1693 stiam,
932 1648 1089 1702 quam
1144 1647 1284 1691 tuam
1333 1642 1498 1712 ipsius
1555 1647 2013 1714 incredulitatem,
2049 1669 2152 1724 qua
2213 1667 2261 1713 le

703 1718 873 1785 ipsum
924 1724 1072 1777 onmi
1126 1730 1453 1799 eorrttptloni
1505 1735 1793 1793 obnoxium
1816 1739 2061 1795 eﬂ‘ecisti.
2098 1743 2257 1813 Atqui

696 1809 1009 1878 jatttdudum
1049 1818 1271 1873 adverto
1310 1840 1336 1873 ιι
1373 1838 1458 1877 me
1512 1832 1833 1897 expostulari
1896 1839 2255 1901 generationis

2358 1860 2415 1895 νο
2422 1861 2516 1913 μαι
2544 1844 2710 1900 πάλαι
2748 1850 2815 1902 τά

703 1900 934 1961 hominis
975 1911 1427 1981 explanationem,
1455 1928 1510 1973 et
1540 1921 1668 1975 mihi
1701 1922 1882 1980 videor
1913 1936 2115 1983 tantum
2152 1948 2253 1984 non

699 1993 887 2049 audire
939 2000 1212 2057 auditores
1259 2005 1311 2057 ln
1365 2006 1613 2063 cordibus
1664 2012 1956 2072 clamantes
2003 2036 2016 2071 :
2063 2019 2253 2077 Nostra

699 2082 913 2150 quidem
953 2089 1127 2158 qualia
1170 2108 1235 2147 ex
1269 2109 1363 2149 sua
1415 2105 1600 2153 natura
1651 2102 1759 2157 sint
1811 2107 2121 2177 educentur,
2155 2129 2251 2169 nos

697 2186 828 2231 vero
866 2180 1011 2250 ipsos
1037 2186 1365 2253 ignoramus.
1394 2191 1624 2252 Necesse
1660 2199 1770 2270 8'7
1801 2215 1883 2257 est
1912 2204 2094 2276 igitur,
2126 2226 2257 2267 cun-

698 2268 929 2325 ctatione
944 2275 1087 2327 omni
1113 2291 1214 2345 qua
1234 2280 1619 2352 detinebantur,
1650 2268 1881 2358 repulsa,
1900 2268 1964 2351 de
1982 2297 2063 2352 liis
2081 2268 2255 2352 disse-

700 2373 838 2413 rere.
870 2362 935 2416 Et
959 2379 1086 2422 vero
1110 2383 1167 2422 se
1198 2371 1366 2440 ipsum
1394 2390 1743 2449 cognoscere,
1774 2384 1986 2444 videtur
2014 2403 2133 2442 esse
2168 2404 2254 2444 res

698 2453 938 2509 omnium
963 2456 1296 2520 dillicillima.
1323 2465 1434 2521 Non
1465 2471 1605 2525 enim
1632 2476 1803 2533 solum
1840 2478 2023 2532 oculus
2058 2482 2255 2536 extrin-

693 2557 820 2609 seca
851 2554 1206 2629 prospiciens,
1236 2561 1300 2611 ad
1329 2574 1499 2616 semet
1534 2569 1968 2637 conspiciendum
2009 2572 2123 2626 visu
2149 2588 2251 2628 non

701 2635 915 2692 utitur:
961 2645 1053 2697 sed
1085 2656 1138 2700 et
1186 2648 1295 2717 ipsa
1347 2666 1496 2705 meus
1533 2635 1738 2723 nostra,
1782 2670 1937 2714 acute
1973 2672 2251 2729 peccatum

699 2726 933 2787 alienum
962 2735 1196 2815 intuens,
1225 2742 1289 2797 ad
1317 2744 1545 2819 prapria’
1565 2738 1896 2816 agnoscenda
1926 2726 2117 2807 delicta
2145 2765 2257 2809 tar-

698 2816 762 2868 da
789 2830 888 2875 est.
926 2824 1130 2883 Idcirco
1177 2842 1229 2886 et
1274 2816 1426 2888 nuch
1462 2837 1638 2891 oratio
1686 2848 1888 2905 nostra,
1925 2842 2046 2897 licet
2078 2844 2253 2899 aliena

697 2906 980 2978 diligenter
1015 2925 1357 2991 transegerit,
1382 2927 1447 2980 ad
1479 2942 1538 2979 ea
1583 2944 1700 2995 quae
1733 2933 1798 2986 ad
1835 2949 1930 2993 nos
1963 2937 2253 3004 pertinent,

700 2997 1091 3073 investiganda,
1124 3013 1301 3081 segnis
1328 3024 1430 3076 est,
1476 3026 1529 3068 et
1572 3021 1823 3075 tarditate
1862 2997 2012 3090 plena
2044 3041 2248 3094 :qnan-

698 3112 858 3167 quam
918 3117 1024 3161 non
1084 3104 1209 3161 licet
1269 3113 1436 3180 magis
1492 3129 1552 3167 ex
1604 3115 1740 3171 cmlo
1778 3130 1829 3170 et
1879 3130 2039 3181 terra,
2094 3140 2252 3189 quam

700 3206 765 3245 ex
792 3202 972 3250 nostra
1014 3200 1226 3268 propria
1255 3205 1632 3261 constitutione
1685 3207 1849 3262 Deum
1891 3224 2213 3277 cognoscere
2239 3256 2252 3279 ,

701 3283 750 3341 ei
801 3295 977 3352 certe,
1016 3292 1105 3361 qui
1156 3296 1330 3363 seipse
1375 3298 1664 3364 prudenter
1726 3312 1993 3357 scrutatus
2058 3303 2255 3371 fuerit,

700 3375 778 3430 uti
832 3381 907 3433 ait
944 3379 1203 3453 Propheta
1247 3405 1258 3440 :
1298 3388 1554 3444 Mirabilis
1595 3392 1737 3459 facta
1781 3404 1855 3448 est
1904 3397 2122 3452 scientia
2168 3408 2258 3452 tua

699 3481 763 3518 ea:
815 3484 893 3519 me
939 3471 984 3500 "
1016 3488 1032 3523 :
1070 3474 1169 3526 hoc
1210 3485 1320 3541 est,
1353 3478 1439 3531 ubi
1490 3495 1574 3536 me
1631 3482 1741 3549 ipse
1795 3486 1960 3550 novi,
2004 3498 2259 3553 praestan-

699 3559 963 3616 tissimam
1027 3574 1168 3619 tuam
1229 3568 1544 3636 sapientiam
1599 3573 1711 3641 ipse
1769 3574 1953 3633 didici.
2005 3578 2071 3630 Et
2125 3580 2255 3632 dixit

704 3649 837 3706 Deus
886 3667 905 3706 :
945 3651 1223 3711 Faciamus
1266 3661 1520 3715 hominem
1542 3664 1607 3717 ²¹.
1639 3663 1771 3732 Ubi,
1816 3680 2016 3735 quteso,
2044 3667 2256 3723 Judaaus

700 3750 820 3802 est,
858 3745 947 3812 qui
1004 3749 1054 3799 in
1114 3750 1511 3817 superioribus,
1557 3755 1680 3809 dum
1743 3757 2021 3827 theologia:
2077 3759 2253 3814 lumen

699 3834 845 3887 velut
895 3850 990 3905 per
1036 3837 1294 3895 fenestras
1347 3846 1602 3913 quasdam
1665 3849 2016 3911 “lucesceret.
2062 3866 2122 3904 ac
2167 3868 2251 3906 se-

702 3924 875 3981 cunda
927 3928 1139 3998 quidem
1202 3945 1428 4000 persona
1486 3937 1706 4006 mystice
1756 3941 2251 4008 demonstraretur,

708 4018 931 4073 necdum
987 4031 1161 4077 tamen
1202 4022 1344 4080 clare
1400 4025 1704 4097 ell‘nlgcrct,
1753 4032 2017 4100 pugnabat
2065 4034 2253 4088 adver-

704 4125 795 4165 sus
841 4113 1149 4176 veritatem.
1178 4126 1337 4192 atque
1380 4119 1551 4188 ipSuut
1588 4121 1749 4176 Deum
1794 4129 1858 4177 ad
1902 4126 2133 4196 seipsum
2190 4128 2257 4179 lu-

703 4205 790 4272 qui
836 4204 1135 4261 atIirmabat
1168 4210 1188 4263 ?
1222 4210 1337 4279 Ipse
1381 4212 1520 4266 enim
1546 4255 1560 4276 ,
1594 4217 1798 4283 inquit,
1835 4217 2010 4283 dixit,
2044 4230 2097 4271 et
2147 4220 2257 4288 ipse

703 4294 848 4353 fecit.
873 4295 997 4351 Fiat
1037 4299 1130 4356 tua:
1153 4340 1169 4367 ,
1202 4312 1249 4356 et
1283 4304 1425 4371 facta
1476 4315 1552 4359 est
1587 4306 1679 4360 lux
1712 4308 1777 4358 η.
1840 4305 1969 4361 Erat
2014 4308 2174 4378 igitur
2205 4321 2257 4363 et

706 4394 832 4440 tunc
872 4388 924 4442 in
955 4389 1191 4457 ipsorum
1216 4392 1397 4447 verbis
1436 4395 1591 4448 obvia
1615 4396 2006 4465 manifestaque
2036 4399 2252 4466 ineptia.

2363 652 2580 720 μάστιξι
2614 654 2673 707 τὸ
2695 657 2988 713 ἀκόλαστον
3020 665 3415 733 σωφρονίζοντι.

2429 926 2478 976 (i.
2522 926 2760 991 Πίστεώς
2799 933 2946 985 ἐστιν
2983 932 3250 999 ἀπόδειξις
3293 938 3361 989 τὰ
3417 939 3597 1010 θηρία.
3646 939 3911 1007 Πέποιθας

2360 1017 2453 1068 ἐπὶ
2481 1019 2719 1092 Κύριον;
2763 1022 2886 1074 Ἐπὶ
2927 1023 3152 1078 ἀσπίδα
3178 1027 3274 1078 καὶ
3304 1028 3677 1089 βασιλίσκων
3707 1032 3908 1100 ἐπιϐή-

2359 1125 2462 1176 an.
2498 1113 2593 1165 καὶ
2620 1114 3054 1183 καταπατήσας
3086 1118 3299 1172 λέοντα
3341 1124 3435 1173 καὶ
3466 1124 3777 1191 δράκοντα.
3807 1128 3911 1179 Καὶ

2360 1199 2500 1268 ἔχεις
2530 1202 2627 1273 τὴν
2666 1203 2751 1257 διὰ
2803 1204 3036 1271 πίστεως
3066 1208 3309 1276 ἐξουσίαν
3358 1216 3545 1266 πατεῖν
3590 1215 3701 1286 (65)
3735 1214 3912 1268 ἐπάνω

2360 1293 2533 1360 ὄφεων
2573 1298 2667 1348 καὶ
2712 1296 3001 1366 σκορπίων.
3037 1302 3103 1353 Ἢ
3148 1302 3243 1372 οὐχ
3284 1303 3432 1372 ὁρᾷς,
3470 1306 3549 1358 ὅτι
3595 1308 3911 1379 φρυγανιξο-

2366 1387 2507 1455 μένῳ
2542 1387 2616 1456 τῷ
2654 1391 2848 1461 Παύλῳ
2883 1391 3085 1460 ἐνάψας
3124 1395 3152 1446 ὁ
3195 1395 3307 1465 ἔχις
3344 1396 3596 1465 οὐδεμίαν
3633 1401 3912 1473 προσετρίς

2360 1479 2495 1547 ψατο
2540 1479 2763 1555 βλάϐην,
2799 1484 2884 1537 διὰ
2932 1484 2992 1537 τὸ
3016 1486 3193 1559 πλήρη
3225 1488 3455 1551 πίστεως
3481 1491 3772 1563 εὑρεθῆναι
3805 1495 3909 1566 (64)

2360 1570 2448 1620 τὸν
2477 1569 2664 1637 ἅγιονς
2702 1575 2765 1627 ΕΞ
2790 1575 2846 1627 δὲ
2875 1574 3097 1640 ἄπιστος
3124 1574 3193 1644 εἶ,
3223 1581 3382 1649 φοϐοῦ
3413 1582 3487 1652 μὴ
3519 1582 3717 1653 μᾶλλον
3742 1587 3800 1638 τὸ
3825 1588 3913 1658 θη-

2364 1660 2475 1730 ρίον
2521 1660 2553 1729 ἢ
2607 1663 2703 1731 τὴν
2756 1662 2981 1718 σεαυτοῦ
3028 1667 3301 1735 ἀπιστίαν,
3346 1670 3413 1723 δι’
3445 1666 3512 1741 ἧς
3556 1673 3707 1743 πάσῃ
3745 1675 3914 1746 φθορᾷ

2364 1753 2583 1805 σεαυτὸν
2630 1756 2893 1811 εὐάλωτον
2933 1762 3353 1828 κατεσκεύασας.
3401 1764 3559 1817 Ἀλλά
3589 1765 3699 1837 γὰρ
3730 1767 3912 1820 αἰσθά-

2855 1848 2964 1919 (65)
3005 1851 3132 1921 περὶ
3162 1854 3259 1922 τῆς
3290 1856 3383 1907 τοῦ
3428 1855 3716 1928 ἀνθρώπου
3768 1857 3911 1927 γενέ-

2360 1948 2493 1995 σεως
2519 1932 2933 2008 ἀπαιτούμενος,
2979 1940 3072 1991 καὶ
3107 1947 3384 2013 μονονουχὶ
3418 1947 3632 2000 ἀκούειν
3663 1948 3806 2001 δοκῶ
3829 1962 3911 2019 μοι

2353 2024 2460 2076 τῶν
2490 2026 2776 2097 ἀκροατῶν
2801 2032 2856 2084 ὲν
2880 2032 3001 2094 ταῖς
3028 2032 3273 2100 καρδίαις
3295 2039 3701 2103 καταϐοώντων,
3729 2043 3809 2095 ὅτι
3839 2044 3913 2095 τὰ

2358 2117 2453 2185 μὲν
2486 2118 2733 2190 ἡμέτερα
2761 2122 2918 2175 ὁποῖά
2944 2125 3065 2176 τινά
3085 2126 3198 2177 ἐστι
3222 2125 3319 2196 τὴν
3350 2127 3506 2197 φύσιν
3538 2130 3908 2202 διδασκόμεθα,

2355 2208 2499 2274 ἡμᾶς
2538 2208 2593 2260 δὲ
2621 2212 2817 2274 αὐτοὺς
2861 2213 3179 2284 ἀγνοοῦμεν.
3222 2216 3451 2288 Ἀνάγκη
3483 2215 3572 2271 οὖν
3607 2223 3806 2285 εἰπεῖν,
3830 2223 3911 2275 τὴν

2355 2297 2648 2368 κατέχοντα
2691 2306 2835 2375 ἡμᾶς
2868 2306 3023 2359 ὄκνον
3060 2312 3507 2381 παρωσαμένους.
3553 2312 3643 2383 Τῷ
3677 2313 3791 2367 ὄντι
3814 2315 3912 2384 γὰρ

2353 2392 2495 2446 ἔοικε
2526 2397 2740 2452 πάντων
2770 2398 2908 2454 εἶναι
2949 2402 3325 2471 χαλεπώτατον
3368 2406 3556 2458 ἑαυτὸν
3597 2407 3909 2476 ἐπιγνῶναι.

2355 2482 2427 2534 Οὐ
2455 2484 2562 2555 γὰρ
2593 2489 2748 2557 μόνον
2780 2489 2885 2559 (66)
2917 2493 3189 2562 ὀφθαλμὸς
3214 2494 3280 2547 τὰ
3318 2495 3420 2560 ἔξω
3450 2494 3661 2563 βλέπων
3693 2498 3776 2563 ἐφ’
3798 2500 3913 2550 ἐαυ-

2354 2574 2443 2625 τὸν
2478 2577 2537 2627 οὐ
2572 2578 2829 2649 κέχρηται
2862 2580 2940 2649 τῷ
2981 2583 3131 2651 ὁρᾷν,
3176 2582 3308 2637 ἀλλὰ
3361 2584 3452 2635 καὶ
3502 2584 3663 2647 αὐτὸς
3711 2587 3913 2655 ἡμῶνό

2354 2664 2495 2728 νοῦς,
2553 2664 2718 2730 ὀξέως
2773 2668 2830 2720 τὸ
2880 2670 3155 2741 ἀλλότριον
3189 2674 3485 2744 ἁμάρτημα
3537 2676 3910 2743 καταδλέπων,

2357 2754 2552 2825 βραδύς
2602 2759 2715 2810 ἐστι
2782 2760 2918 2829 πρὸς
2962 2761 3058 2832 τὴν
3095 2762 3202 2816 τῶν
3268 2766 3479 2819 οἰκείων
3524 2767 3913 2839 ἐλαττωμάτων

2355 2849 2663 2917 ἐπίγνωσιν.
2698 2853 2793 2905 Διὰ
2826 2852 2980 2906 τοῦτο
3000 2855 3089 2908 καὶ
3112 2854 3205 2909 νῦν
3232 2859 3258 2910 ό
3285 2857 3456 2926 λόγος,
3480 2858 3646 2926 ὀξέως
3677 2861 3912 2914 ἐπελθὼν

2354 2941 2422 2994 τά
2460 2941 2735 3012 ἀλλότρια,
2792 2944 2997 3015 νωθρός
3031 2948 3145 2999 ἐστι
3207 2949 3300 3000 καὶ
3343 2951 3499 3002 ὄκνου
3534 2951 3747 3021 πλήρης
3786 2950 3911 3021 πρὸς

2355 3037 2451 3099 τὴν
2479 3035 2585 3089 τῶν
2606 3036 2819 3091 οἰκείων
2845 3036 3086 3102 ἐξέτασιν
3109 3056 3121 3069 ⁸
3146 3040 3319 3093 καίτοι
3343 3043 3403 3093 οὐ
3441 3042 3635 3110 μᾶλλον
3669 3042 3725 3106 ἐξ
3755 3042 3914 3109 οὑραο

2355 3125 2446 3177 νοῦ
2484 3127 2576 3180 καὶ
2602 3128 2702 3195 γῆς
2732 3129 2822 3180 τὸν
2863 3128 2992 3182 Θεὸν
3028 3130 3171 3183 ἔστιν
3200 3132 3516 3199 ἐπιγνῶναι,
3554 3132 3585 3200 ἦ
3612 3133 3709 3185 καὶ
3734 3133 3800 3183 ὲκ
3821 3132 3912 3203 τῆς

2358 3214 2562 3277 οἰκείας
2610 3214 2765 3285 ἡμῶν
2816 3222 3156 3288 κατασκευῆς
3197 3221 3287 3272 τόν
3335 3236 3397 3286 γε
3452 3219 3688 3284 συνετῶς
3726 3221 3911 3274 ἑαυτὸν

2358 3303 2703 3370 ἐξετάσαντα,
2726 3305 2814 3369 -ῶς
2848 3325 3009 3378 φησιν
3034 3309 3062 3359 ὁ
3100 3312 3380 3381 προφήτης
3398 3328 3410 3341 ·
3457 3312 3910 3381 Ἐθαυμαστώθη

2359 3396 2396 3462 ἡ
2428 3395 2648 3466 γνῶσίς
2684 3413 2798 3451 σου
2850 3398 2917 3463 ἐξ
2955 3400 3097 3469 ἐμοῦ
3117 3417 3130 3431 °
3159 3404 3453 3466 τουτέστιν,
3483 3403 3717 3473 ἐμαυτὸν
3747 3422 3910 3457 κατα-

2363 3488 2565 3555 μαθὼν,
2605 3491 2665 3543 τὸ
2717 3492 3048 3562 ὑπερϐάλλον
3092 3494 3188 3564 τῆς
3226 3496 3283 3548 ἐν
3333 3496 3411 3547 σοι
3457 3496 3646 3564 σοφίας
3680 3496 3910 3561 ὲξεδιδά-

2358 3578 2512 3650 χθην.
2552 3582 2659 3634 Καὶ
2702 3578 2870 3636 εἶπεν
2907 3588 2939 3637 ὀ
2978 3586 3148 3650 Θεός·
3192 3585 3534 3655 Ποιήσωμεν
3581 3588 3907 3656 ἄνθρωπον.

2358 3669 2466 3723 Ποῦ
2504 3687 2592 3740 μοι
2618 3674 2646 3724 ό
2695 3672 2957 3737 Ἰουδαῖος,
2996 3674 3053 3735 ὃς
3087 3677 3142 3727 ὲν
3178 3678 3287 3738 τοῖς
3325 3679 3569 3741 κατόπιν,
3612 3677 3802 3749 (amp
3828 3678 3911 3731 διὰ

2357 3759 2581 3829 θυρίδων
2636 3762 2797 3814 τινῶν
2838 3763 2929 3815 τοῦ
2983 3764 3080 3833 τῆς
3134 3765 3405 3833 θεολογίας
3458 3766 3632 3834 φωτὸς
3688 3767 3910 3838 διαλάμ·

2356 3867 2564 3913 ποντος,
2601 3853 2691 3911 καὶ
2721 3852 2970 3924 δευτέρου
3035 3854 3322 3926 προσώπου
3377 3861 3468 3910 τοῦ
3524 3859 3910 3931 ὑποδεικνυμέο

2354 3957 2445 3992 νου
2479 3940 2588 4011 (67)
2639 3942 2739 4015 μὲν
2768 3944 3072 4014 μυστικῶς,
3100 3945 3249 4001 οὔπω
3290 3947 3345 4000 δὲ
3375 3950 3618 4021 ἐναργῶς
3659 3953 3908 4021 ἐκφανέν-

2353 4049 2465 4097 τος,
2500 4032 2633 4104 πρὸς
2659 4035 2758 4106 τὴν
2780 4035 3035 4106 ἀλήθειαν
3065 4039 3394 4109 ἀπεμάχετο,
3426 4043 3587 4096 αὑτὸν
3619 4044 3800 4113 ἑαυτῷ
3828 4044 3909 4096 λέ-

2356 4140 2466 4190 γων
2494 4122 2584 4175 τὸν
2633 4123 2764 4177 Θεὸν
2807 4125 3177 4195 διαλέγεσθαι;
3225 4130 3393 4192 Αὐτὸς
3427 4132 3534 4203 γάρ
3579 4129 3733 4194 εἶπε,
3761 4134 3907 4203 φησι,

2358 4216 2451 4275 καὶ
2483 4216 2640 4278 αὐτὸς
2690 4217 2931 4288 ἐποίησε.
2974 4220 3286 4286 Γενηθήτω
3346 4222 3504 4290 φῶς,
3540 4224 3635 4277 καὶ
3680 4225 3910 4292 ἐγένετο

2355 4305 2498 4374 φῶς.
2525 4302 2632 4358 Ἦν
2660 4308 2757 4376 μὲν
2796 4304 2887 4368 οὖν
2926 4310 3015 4367 καὶ
3058 4310 3175 4361 τότε
3216 4312 3499 4382 πρόχειρος
3538 4316 3595 4365 ὲν
3633 4317 3745 4375 τοῖς
3786 4313 3908 4382 παρ’

2356 4395 2534 4457 αὐτῶν
2556 4396 2862 4464 λεγομένοις
2892 4399 2924 4467 ή
2955 4398 3166 4450 ἀτοπία.
3198 4399 3289 4461 Τίς
3328 4398 3434 4468 γάρ
3470 4399 3705 4468 χαλκεὺς
3724 4442 3737 4465 ,
3768 4400 3800 4469 ἢ
3830 4399 3909 4451 τέ-

704 4475 835 4548 Quis
866 4479 1009 4533 enim
1044 4479 1194 4536 inber
1232 4481 1526 4550 ferrarius,
1561 4496 1652 4540 aut
1684 4486 1941 4554 lignarios
1962 4525 1977 4551 ,
2011 4498 2103 4541 aut
2137 4491 2255 4557 quis

2359 4501 2499 4536 κτων
2523 4524 2536 4546 ,
2564 4483 2595 4552 ἢ
2621 4484 2944 4553 σκυτοτόμος
2968 4523 2981 4545 ,
3025 4485 3114 4536 ἐπὶ
3143 4485 3248 4538 τῶν
3300 4486 3542 4556 ὀργάνων
3585 4487 3686 4557 τῆς
3723 4488 3908 4558 τέχνης

704 4576 873 4635 sutor,
914 4571 1060 4627 solus
1105 4574 1244 4628 inter
1274 4578 1406 4638 artis
1441 4578 1793 4634 instrumenta
1843 4581 2069 4644 sedens,
2100 4580 2254 4649 adjuo

705 4669 865 4719 vante
914 4662 1085 4731 ipsum
1146 4669 1391 4729 nemine,
1431 4669 1571 4722 dicat
1608 4669 1723 4739 ipse
1773 4670 1923 4725 sibi:
1972 4669 2255 4733 Faciamus

704 4750 959 4822 gladium,
996 4764 1090 4809 aut
1123 4766 1360 4813 aratrum
1400 4761 1805 4832 cumpingamus
1827 4802 1843 4827 ,
1882 4771 1976 4815 aut
2000 4763 2255 4816 coniicia-

704 4857 824 4898 mus
856 4846 1322 4905 calceamenturn‘!
1353 4854 1435 4904 An
1463 4868 1566 4909 non
1606 4853 1783 4924 potius
1805 4854 1947 4924 quod
1994 4855 2092 4909 sibi
2129 4869 2256 4908 con-

703 4934 849 4987 venit
874 4950 1008 5005 opus
1027 4954 1147 4993 cum
1170 4940 1384 4996 silentio
1406 4941 1667 4998 absolvit?
1691 4942 1827 4998 Sunt
1852 4945 1991 4998 enim
2016 4944 2256 5015 profecto

704 5037 857 5095 nugae
878 5027 1135 5098 insignes,
1166 5032 1210 5084 si
1241 5030 1360 5100 quis
1392 5032 1609 5095 sedeat,
1642 5034 2003 5101 imperelque,
2035 5043 2088 5086 et
2118 5048 2254 5101 prae-

2363 4576 2519 4644 μόνος
2564 4575 2865 4643 καθήμενος
2912 4574 3043 4645 (68),
3076 4577 3284 4640 οὐδενὸς
3327 4579 3473 4649 αὐτῷ
3506 4580 3905 4648 συνεργοῦντος,

2357 4665 2500 4735 λέγει
2530 4666 2687 4728 αὐτὸς
2710 4665 2900 4736 ἐαυτῷ·
2934 4667 3252 4739 Ποιήσωμεν
3272 4669 3365 4740 τὴν
3395 4672 3686 4741 μάχαιραν,
3720 4672 3752 4742 ἢ
3782 4688 3907 4740 συμ-

2358 4756 2615 4827 πὴξωμεν
2641 4757 2700 4809 τὸ
2722 4756 2948 4829 ἄροτρον
2966 4797 2981 4822 ,
3008 4758 3041 4829 ἢ
3065 4758 3504 4831 ἀπεργασώμεθα
3529 4760 3590 4813 τὸ
3623 4762 3869 4832 ὑπόδημα
3890 4780 3902 4792 ’

2357 4848 2470 4902 ἀλλ’
2493 4849 2610 4917 οὐχὶ
2642 4851 2816 4920 σιωπῇ
2844 4849 2941 4922 τὴν
2968 4850 3354 4905 ἐπιϐάλλουσαν
3374 4852 3650 4923 ἐνέργειαν
3667 4853 3903 4915 ὲκτελεί;

2357 4941 2594 5010 Φλυαρία
2623 4940 2731 5011 γὰρ
2762 4941 2838 5011 τῷ
2872 4942 3168 5014 δντιδεινὴ,
3185 4944 3416 5015 ἄρχοντά
3445 4961 3565 4999 τινα
3596 4945 3791 4999 ἑαυτοῦ
3821 4946 3907 4999 καὶ

2356 5033 2649 5102 ἐπιστάτην
2672 5032 2961 5104 καθῆσθαι,
2984 5035 3307 5100 δεσποτικῶς
3333 5035 3522 5090 ἑαυτοῦ
3553 5038 3650 5091 καὶ
3673 5038 3907 5110 σφοδρῶς

776 5187 819 5221 ⁸⁸
838 5186 981 5244 Psal.
1007 5202 1092 5255 xc,
1132 5189 1213 5244 l5.
1302 5188 1345 5219 "
1366 5188 1695 5254 Act.xxvm,
1735 5188 1853 5243 3-6.
1930 5189 1975 5220 ’°
2000 5189 2139 5244 PsaL
2173 5188 2492 5258 exxxvtnﬁ.
2568 5190 2608 5223 "
2635 5189 2769 5245 Gcn.
2795 5207 2833 5252 l,
2857 5190 2945 5247 26.
3024 5191 3067 5223 ²²
3100 5189 3234 5244 Gen.
3275 5205 3320 5253 I,
3351 5191 3401 5245 5.

801 5332 887 5409 6g)
910 5330 984 5409 ita
1011 5332 1248 5399 quinque
1272 5344 1398 5409 mss.
1430 5328 1571 5409 Editi
1600 5342 1724 5379 vero
1747 5327 1887 5409 οὕτω
1911 5327 1967 5409 γξ
1989 5327 2073 5380 ἄν.
2122 5400 2150 5409 __
2182 5400 2191 5409 '

801 5333 887 5402 62)
910 5333 984 5383 Ita
1011 5333 1248 5399 quinque
1272 5344 1398 5413 mss.
1431 5333 1571 5412 Editi
1600 5342 1724 5379 vero
1747 5333 1887 5379 οὕτω
1989 5333 2073 5380 ἀν.
2141 5400 2150 5409 _
2182 5400 2191 5409 '

776 5333 887 5475 £65)
910 5400 1039 5475 Reg.
1070 5412 1253 5475 sextus
1276 5400 1521 5475 εξουσιαν
1557 5399 1891 5468 περιπατεῖν.
1976 5414 2039 5450 ox
2070 5401 2194 5452 edttt
2220 5398 2251 5468 ἢ

704 5470 975 5549 οὐχρνρᾷς.
999 5470 1157 5549 Deest
1182 5470 1216 5539 ἡ
1242 5472 1291 5549 i_n
1315 5470 1529 5549 duobus
1557 5484 1683 5520 mss.
1792 5539 1804 5549 ο
1885 5536 1943 5549 Μ
2115 5537 2155 5549 ,η

776 5528 1143 5611 ῖϐίγάοιίἰρθδ
1178 5528 1413 5608 (ιίιίυίιιιε
1465 5539 1704 5599 πίστεως
1754 5536 2057 5608 εὑρεθῆναι.
2115 5537 2255 5592 Editi

754 5609 936 5675 ἕστεως
957 5609 1117 5666 εἶναι.

707 5636 936 5675 πίστεως
957 5636 1117 5666 ειναι.

775 5687 885 5755 ((35)
925 5683 1075 5737 Culb.
1104 5681 1367 5755 secundus
1397 5679 1724 5755 αἰσθάνομαι
1755 5678 1913 5755 πάλιν
1944 5677 2029 5755 τά.
2118 5745 2156 5755 ﬂ
2180 5744 2209 5755 υ
2244 5745 2253 5755 _

779 5744 889 5823 166)
922 5755 1053 5809 Tres
1087 5768 1213 5808 mss.
1243 5752 1451 5817 optima:
1495 5744 1637 5804 notae
1660 5748 1720 5799 oo
1762 5748 1868 5820 γὰρ
1908 5747 2086 5822 μόνος.
2118 5744 2259 5802 Editi

2359 5342 2476 5381 cum
2507 5326 2627 5380 aliis
2657 5326 2972 5395 quibusdam
3000 5342 3125 5380 mss.
3159 5326 3334 5394 μόνον.

2431 5395 2544 5479 ςϐῖ)
2574 5397 2747 5479 Etlitio
2781 5396 3496 5479 Basil.cnmqninque.mss.
3535 5396 3899 5479 prmternBedl.

2360 5465 2453 5518 τοῦ
2501 5465 2972 5535 ὑποδεικνυμένου.
3036 5467 3193 5519 Deest
3253 5467 3509 5521 articulus
3538 5465 3622 5520 Vin
3675 5468 3901 5522 editiOue

2360 5535 2546 5672 Ρδίθῗί)
2570 5607 2808 5672 Quatuor
2834 5620 2963 5676 mss.
2993 5606 3151 5674 μόνος
3190 5604 3562 5676 καθεζόμενος.
3621 5606 3763 5661 Editi
3789 5622 3899 5663 cum

2365 5676 2569 5733 duobus
2605 5691 2729 5729 mss.
2784 5674 3104 5745 καθήμενος.
