4100 6312
191 395 306 452 9.θὸ

1313 390 1590 443 ll().\ill.l.\
1636 389 1698 441 ΙΧ
1746 386 1808 440 ΙΝ
1850 383 2334 440 ΗΕΧΑΕΜΕΒΟΝ.

3312 375 3418 430 206

198 509 656 564 κατασπεύδοντα..
701 508 836 559 ’Λλλ“
867 510 1011 578 ὅμως
1051 510 1096 560 oi
1141 509 1296 560 αὑτὸν
1334 509 1419 559 τὸν
1449 507 1644 576 Κύριον
1681 524 1762 560 σν-

1876 505 1945 558 sit
1974 504 2096 568 snhi,
2144 510 2302 571 atque
2357 497 2555 551 domini
2612 509 2758 549 more
2806 494 3150 548 vehementer
3200 508 3257 547 se
3310 493 3421 563 ipse

197 596 529 664 κοφαντῆσαι
557 596 629 665 μὴ
659 597 1108 666 κατοκνήσαντες,
1143 595 1194 647 τί
1222 596 1318 648 ούκ
1346 596 1410 648 ἂν
1444 596 1643 648 εἴποιεν
1667 612 1760 662 γε-

197 685 581 754 γυμνασμένην
621 686 755 756 πρὸς
780 687 840 738 τὸ
871 687 1062 754 ψεῦδος
1111 687 1205 756 τὴν
1241 687 1485 754 γλῶσσαν
1517 689 1758 755 ἔχοντες

211 775 273 824 'ii
306 775 483 842 μέντοι
514 774 761 845 παροῦσα
791 776 939 844 φωνὴ
974 774 1246 838 παντελῶς
1273 776 1448 827 αὐτῶν
1490 776 1763 845 ἀποφράσ-

197 877 282 916 σει
324 867 379 918 τὸ
416 867 606 936 στόμα·
645 868 751 920 Καὶ
791 865 956 920 εἶπεν
997 870 1028 920 0'
1061 870 1232 932 Θεός·
1274 868 1620 936 Ποιήσωμεν
1656 867 1760 919 ἅν-

198 959 450 1022 θρωπον.
473 958 561 1026 Μὴ
591 960 683 1011 καὶ
713 959 827 1020 νῦν,
859 958 976 1009 εἰπέ
1007 976 1114 1027 μοι,
1141 959 1520 1028 μεμονωμένον
1558 959 1673 1009 ἐστὶ
1706 958 1763 1009 τὸ

198 1048 490 1116 πρόσωπον
510 1066 523 1111 ;
547 1049 620 1101 Οὐ
651 1051 754 1120 γάρ
781 1049 1115 1118 γέγραπται·
1144 1049 1429 1119 Γενηθήτω
1458 1050 1759 1120 ἄνθρωπος,

199 1135 358 1198 ἀλλὰ,
386 1137 728 1205 Ποιήσωμεν
751 1135 1079 1204 ἄνθρωπον.
1105 1138 1245 1202 Ἕως
1278 1138 1429 1191 οὔπω
1459 1141 1486 1191 ὁ
1518 1139 1761 1191 διδασκό-

199 1243 361 1294 μενος
397 1227 774 1298 παρεφαίνετο,
809 1230 865 1279 ἐν
900 1228 1049 1296 βάθει
1091 1230 1429 1282 ὲκεκάλυπτο
1456 1232 1550 1300 τῆς
1585 1228 1759 1280 θεολο-

195 1317 326 1384 γίας
354 1319 411 1371 τὸ
435 1319 540 1389 (69)
571 1319 829 1388 κήρυγμα
896 1321 980 1371 ὅτε
1017 1320 1199 1373 λοιπὸν
1233 1319 1514 1389 ἀνθρώπου
1549 1319 1759 1387 γένεσις

194 1411 576 1479 προσδοκᾶται,
599 1427 812 1480 παραγυ
822 1410 1045 1482 μνοῦται
1068 1414 1099 1481 ἡ
1117 1412 1314 1474 πίστις,
1337 1410 1661 1481 καὶτρανότε
1671 1427 1760 1478 ρον

196 1515 277 1551 πα
287 1499 598 1570 ραδηλοῦται
618 1501 717 1570 τῆς
732 1503 984 1573 ἀληθείας
1001 1503 1059 1555 τὸ
1079 1503 1269 1572 δόγμα.
1286 1501 1631 1570 Ποιήσωμεν
1662 1502 1762 1554 ἇν-

198 1595 451 1658 θρωπον.
470 1593 728 1657 Ἀκούεις,
753 1589 796 1646 ὦ
811 1596 1172 1666 Χριστομάχε,
1197 1596 1276 1646 ὅτι
1293 1593 1369 1662 τῷ
1391 1594 1630 1664 κοινωνῴ
1650 1595 1760 1663 (70)

195 1685 297 1752 τῆς
313 1685 666 1754 δημιουργίας
692 1669 1152 1756 προσδιαλέγεται,
1173 1687 1248 1738 Δι’
1267 1682 1334 1740 οὗ
1356 1687 1449 1738 καὶ
1478 1686 1615 1751 τοὺς
1633 1685 1762 1738 αἰῶ-

194 1789 310 1836 νας
338 1773 622 1841 ἐποίησεν
643 1794 654 1805 ’
687 1776 753 1841 ὃς
781 1776 942 1844 φέρει
984 1776 1053 1828 τὰ
1085 1777 1404 1842 σύμπαντα
1438 1774 1514 1839 τῷ
1545 1778 1761 1843 ῥήματι

1870 607 2076 661 urgeat.
2125 594 2500 646 Verumtamen
2539 587 2628 656 qui
2670 587 2842 656 ipsum
2887 585 3166 639 Dominum
3221 584 3423 640 calum-

1869 685 2005 737 niuri
2035 682 2190 737 veriti
2220 696 2322 734 non
2353 690 2498 741 sunt,
2528 677 2654 745 quid
2694 676 2871 728 dicere
2915 689 3018 728 non
3050 672 3288 742 possint,
3322 673 3424 727 lin~

1867 793 2022 846 gnam
2082 774 2341 827 habentes
2406 770 2467 823 ad
2525 767 2862 823 mendacium
2920 765 3306 820 exercitatam?
3355 765 3425 818 At

1869 882 2100 935 praesens
2128 881 2226 918 vox
2261 863 2481 917 omnino
2529 875 2591 915 os
2645 860 2879 927 ipsorum
2926 855 3144 925 oppilat.
3197 854 3259 907 Et
3289 855 3421 908 dixit

1868 961 2003 1014 Deus
2034 975 2050 1011 :
2076 958 2360 1010 Faciamus
2389 955 2667 1008 hominem.
2694 949 2984 1019 Nuncjam,
3009 949 3093 1002 dic
3120 947 3270 1012 mihi,
3293 961 3421 1000 nun-

1865 1051 1990 1119 quid
2034 1050 2186 1102 unica
2233 1054 2314 1100 est
2361 1044 2624 1114 persona?
2657 1042 2768 1096 Non
2810 1041 2953 1094 enim
3001 1040 3262 1109 scriptum
3293 1046 3416 1092 est:

1867 1143 1981 1194 Fiat
2047 1142 2246 1202 homo,
2310 1136 2443 1199 sed,
2503 1133 2785 1187 Faciamus
2855 1130 3140 1182 hominem.
3175 1128 3422 1195 Quandiu
3478 1174 3482 1178 .

1866 1233 2095 1285 nondum
2121 1229 2410 1299 apparebat
2449 1226 2539 1294 qui
2572 1226 2876 1283 doceretur.
2929 1221 2982 1274 in
3033 1221 3299 1288 profundo
3331 1235 3423 1274 oc-

1865 1319 2003 1372 culta
2047 1326 2166 1371 erat
2212 1315 2488 1382 theologia:
2541 1312 2851 1382 pradicatio
2889 1329 2901 1364 :
2947 1325 3068 1364 cum
3118 1319 3294 1362 autem
3329 1310 3426 1362 lto-

1866 1411 2023 1463 minis
2043 1417 2377 1477 exspectatur
2392 1405 2683 1473 generatio,
2704 1402 3001 1455 demidatur
3023 1402 3172 1464 tides,
3194 1400 3423 1454 clarius-

1864 1515 1965 1568 que
2006 1498 2267 1552 reveletur
2301 1495 2543 1549 veritatis
2580 1494 2790 1563 dogma.
2817 1491 3101 1544 Faciamus
3140 1491 3420 1544 hominem.

1864 1591 2052 1653 Audis,
2097 1607 2128 1642 ο
2161 1589 2361 1642 Christi
2411 1595 2770 1655 oppugnator,
2816 1584 2988 1651 ipsum
3039 1584 3105 1637 ad
3142 1581 3300 1638 oﬂicii
3337 1598 3425 1636 so-

1864 1686 2002 1738 cium
2044 1681 2183 1749 loqui
2218 1696 2230 1732 :
2265 1677 2370 1732 Per
2411 1695 2560 1747 quem
2611 1676 2731 1744 fecit
2773 1686 2818 1729 et
2853 1674 3082 1740 saecula;
3124 1676 3210 1745 qui
3252 1686 3422 1743 portat

1865 1778 2034 1828 omnia
2079 1773 2225 1827 verbo
2262 1773 2462 1824 virtutis
2501 1786 2611 1822 sate
2650 1768 2716 1818 ”.
2756 1767 2861 1822 Sed
2909 1783 3014 1820 non
3059 1767 3219 1821 tacite
3262 1765 3420 1821 verba

195 1864 309 1933 τῆς
341 1865 640 1936 δυνάμεως
669 1870 872 1923 αὑτοῦ.
922 1868 1059 1920 Ἀλλ’
1094 1869 1151 1920 ού
1181 1869 1287 1938 γὰρ
1314 1871 1488 1939 ἡσυχῆ
1524 1869 1762 1939 παραδέ-

1866 1869 2064 1936 excipit
2105 1865 2319 1933 pietatis
2349 1882 2358 1916 :
2393 1875 2448 1916 at
2478 1858 2924 1931 quemadmodmn
2969 1859 3153 1912 bestiae
3182 1874 3300 1927 qua:
3328 1859 3424 1913 bo-

1468 1957 1490 1968 υ

193 1974 350 2026 χεται
372 1958 460 2009 τὸν
487 1957 640 2025 λόγον
662 1959 756 2027 τῆς
787 1958 1093 2018 εὐσεϐείας·
1128 1957 1316 2028 ὥσπερ
1345 1959 1402 2010 δὲ
1427 1957 1530 2009 τῶν
1564 1957 1763 2027 θηρίων

194 2047 264 2099 τὰ
312 2048 828 2118 μισανθρωπότατα,
880 2048 1096 2099 ἐπειδάν
1140 2052 1250 2110 τοῖς
1293 2047 1521 2115 ζώγροις
1574 2050 1764 2098 ἐναπο-

193 2133 439 2205 κλεισθῇ,
490 2136 876 2206 περιδρύχεται
913 2137 1024 2205 (7-1)
1069 2139 1177 2199 τοῖς
1224 2137 1536 2206 κυλίνδροις,
1569 2136 1626 2186 τὸ
1668 2135 1764 2204 μὲν

192 2227 395 2296 πικρὸν
424 2228 516 2278 καὶ
542 2229 813 2298 ἀνήμερον
855 2228 951 2296 τῆς
994 2228 1204 2295 φύσεως
1239 2228 1635 2296 ἐνδεικνύμενα,
1670 2228 1763 2276 ἐκ-

194 2317 483 2387 πληρῶσαι
535 2319 592 2371 δὲ
630 2321 726 2388 τὴν
774 2321 969 2388 μανίαν
1010 2320 1109 2368 οὐκ
1153 2317 1374 2385 ἔχοντα·
1415 2316 1557 2367 οὓτω
1596 2317 1765 2367 καὶτὸ

195 2408 390 2480 ἐχθρὸν
419 2410 515 2479 τῆς
537 2409 792 2478 ἀληθείας
822 2409 974 2476 γένος
1006 2410 1052 2458 οἱ
1092 2407 1351 2469 Ἰουδαῖοι,
1403 2406 1764 2476 στενοχωρού-

194 2519 349 2573 μενοι
385 2502 514 2570 (72),
553 2500 745 2563 Πολλά,
772 2500 951 2567 φασιν,
987 2501 1100 2551 ἔστι
1127 2500 1190 2551 τὰ
1219 2499 1481 2569 πρόσωπα
1509 2498 1643 2568 πρὸς
1673 2498 1765 2560 οὓς

189 2593 221 2644 ὁ
273 2592 426 2657 λόγος
482 2591 669 2658 γέγονε
709 2592 801 2644 τοῦ
834 2590 987 2644 Θεοῦ.
1032 2593 1154 2654 Τοῖς
1193 2591 1441 2658 ἀγγέλοις
1472 2590 1579 2660 γὰρ
1621 2590 1764 2656 λέγει

188 2683 307 2743 τοῖς
332 2681 672 2751 παρεστῶσιν
700 2681 845 2752 αύτῷ
864 2699 876 2711 ⁸
907 2681 1256 2750 Ποιήσωμεν
1277 2681 1605 2748 ἄνθρωπον.
1637 2680 1766 2732 Ἰου-

190 2772 381 2826 δαϊκὸν
411 2774 470 2825 τὸ
499 2773 741 2844 πλάσμα,
773 2775 870 2844 τῆς
903 2775 1108 2826 ἐκεῖθεν
1154 2774 1398 2834 εὐκολίας
1443 2773 1500 2824 τὸ
1543 2773 1765 2840 μυθολό-

191 2883 368 2937 γημα·
429 2866 513 2919 ἵνα
542 2867 628 2918 τὸν
660 2868 772 2937 (75)
821 2867 915 2918 ἕνα
962 2865 1034 2934 μὴ
1065 2864 1492 2933 παραδέξωνται,
1534 2863 1762 2931 μυρίους

193 2958 496 3023 εἰσάγουσι.
533 2957 638 3008 Καὶ
676 2957 764 3007 τὸν
797 2957 922 3006 Υἰὸν
956 2953 1288 3016 ἀθετοῦντες,
1325 2953 1559 3015 οἰκέταις
1585 2953 1643 3004 τὸ
1668 2955 1764 3023 τῆς

195 3044 527 3113 συμϐουλίας
545 3045 756 3113 ἀξίωμα
776 3044 1132 3114 περιάπτουσι
1153 3061 1166 3073 '
1193 3044 1426 3105 καὶτοὺς
1447 3043 1764 3112 ὁμοδούλους

192 3135 353 3206 ἡμῶν
396 3136 614 3206 κυρίους
665 3134 876 3188 ποιοῦσι
923 3136 1019 3205 τῆς
1068 3138 1339 3205 ἡμετέρας
1389 3136 1760 3206 δημιουργίας.

1870 1961 1999 2012 mini
2025 1966 2150 2011 sunt
2182 1955 2576 2018 itifensissimm,
2612 1968 2731 2007 cum
2765 1953 2815 2006 in
2849 1951 3031 2005 caveis
3058 1951 3421 2013 includuntur,

1867 2053 2068 2103 circum
2129 2048 2420 2116 sepimenta
2471 2044 2741 2105 frendent,
2806 2054 2966 2112 atque
3014 2043 3422 2096 amaritudinem

1867 2142 2082 2208 quidem
2116 2154 2178 2191 ac
2211 2138 2474 2190 feritatem
2510 2144 2712 2188 natura:
2751 2136 3073 2197 ostendunt,
3115 2149 3211 2188 nec
3244 2143 3423 2187 tamen

1870 2232 2100 2285 furorem
2127 2245 2279 2283 suum
2309 2236 2532 2296 possunt
2558 2224 2773 2294 explere
2805 2242 2817 2277 :
2851 2225 2920 2276 ita
2953 2233 3004 2275 et
3029 2239 3158 2292 gens
3183 2224 3425 2278 veritatis

1869 2320 2114 2381 inimica,
2148 2316 2311 2370 Juda-i
2357 2316 2420 2368 ad
2467 2317 2740 2384 angustias
2780 2313 3008 2376 redacti,
3037 2313 3230 2366 multas
3273 2316 3424 2368 aiunt

1866 2425 1984 2463 esse
2036 2421 2323 2476 personas,
2377 2405 2442 2459 ad
2494 2419 2628 2473 quas
2669 2403 2758 2456 Dei
2805 2419 2982 2456 sermo
3035 2402 3267 2455 directus
3320 2410 3422 2454 est.

1868 2496 2003 2549 Dicit
2047 2496 2186 2548 enim
2236 2493 2534 2546 astantibus
2584 2493 2682 2545 sibi
2712 2492 2946 2561 angelis:
2985 2489 3267 2544 Faciamus
3321 2493 3418 2543 ho-

1866 2588 2052 2640 minem
2070 2583 2427 2639 “.Judaicum
2460 2592 2817 2637 commentum
2858 2593 2974 2646 est,
2999 2592 3158 2651 atque
3187 2583 3419 2636 levitatis

1867 2679 1990 2731 inde
2037 2677 2288 2746 profecta:
2334 2677 2646 2729 inventum:
2687 2684 2742 2727 ut
2775 2689 2840 2727 ne
2883 2690 3043 2726 unum
3090 2673 3420 2741 suscipiant,

1868 2771 2172 2820 i;;ntttneros
2208 2768 2485 2820 inducunt.
2509 2765 2573 2818 Et
2598 2765 2790 2818 Filium
2823 2767 3188 2832 reprobantes,
3214 2764 3426 2819 famulis

1866 2856 2175 2923 dignitatem
2201 2855 2500 2906 attribuunt
2531 2854 2761 2917 consilii,
2791 2863 2843 2906 et
2872 2868 3159 2908 conservos
3196 2863 3411 2908 nostros

1865 2946 2098 3001 elﬁciunt
2132 2945 2418 2999 creatiouis
2470 2953 2666 2997 nostrae
2700 2945 2961 2998 dominos.
3013 2943 3185 2997 Homo
3244 2945 3423 3013 perfe-

1868 3050 1986 3092 ctus
2020 3038 2085 3092 ad
2122 3036 2431 3106 angelorum
2470 3035 2716 3090 evehitur
2745 3034 3074 3102 dignitatem.
3112 3036 3279 3100 Quale
3331 3053 3425 3087 au-

1871 3139 1974 3181 tem
2003 3127 2274 3196 opiﬁcium
2317 3140 2411 3193 par
2440 3139 2559 3178 esse
2595 3134 2770 3193 potest
2801 3124 2913 3194 88
2941 3126 3237 3178 conditori?
3281 3128 3425 3180 (Lon-

194 3227 585 3298 Τελειούμενος
614 3228 894 3300 ἄνθρωπος
924 3229 1056 3299 πρὸς
1092 3229 1189 3298 τὴν
1217 3228 1321 3280 τῶν
1346 3228 1588 3295 ἀγγέλων
1613 3229 1762 3293 ἀξίαν

1870 3222 2044 3274 sidera
2072 3229 2248 3270 autem
2283 3226 2334 3270 et
2361 3231 2478 3284 qua:
2525 3224 2857 3283 sequuntur:
2896 3217 2972 3268 Ad
3016 3218 3290 3286 imaginem
3332 3235 3425 3270 no-

194 3319 477 3386 ἀνάγεται.
516 3321 670 3372 Ποῖον
713 3319 769 3371 δὲ
805 3318 1193 3390 δημιούργημα
1237 3321 1348 3371 ἴσον
1374 3319 1591 3372 δύναται
1623 3315 1760 3372 εἶναι

190 3407 275 3478 τῷ
323 3411 604 3474 κτίσαντι;
645 3411 838 3463 Σκόπει
881 3410 936 3462 δὲ
995 3410 1177 3463 καὶτὰ
1216 3410 1326 3479 (74)
1366 3411 1594 3480 ἐφεξῆς·
1625 3413 1761 3465 Κατ’

194 3503 402 3558 εἰκόνα
434 3503 742 3572 ἡμετέραν.
776 3505 838 3555 Τί
870 3502 1042 3570 λέγεις
1077 3502 1208 3571 πρὸς
1228 3503 1418 3568 τοῦτο;
1448 3503 1536 3572 Μὴ
1571 3506 1662 3555 καὶ
1691 3505 1765 3555 εἰ-

195 3594 311 3651 κὼν
345 3595 440 3665 μία
486 3595 620 3647 θεοῦ
657 3597 750 3648 καὶ
788 3596 1067 3664 ἁγγέλων;
1107 3593 1234 3646 Υίοῦ
1271 3595 1366 3663 μὲν
1404 3595 1508 3664 γάρ
1539 3596 1630 3647 καὶ
1665 3597 1765 3646 Πα-

193 3685 326 3754 τρὸς
361 3686 512 3737 πᾶσα
543 3685 752 3755 ἀνάγκη
777 3685 874 3754 τὴν
902 3683 1068 3753 αὐτὴν
1092 3679 1228 3734 εἶναι
1271 3684 1483 3752 μορφήν
1503 3701 1515 3713 ο
1550 3683 1765 3753 θεοπρε-

197 3778 319 3841 πῶς
345 3777 584 3848 δηλονότι
610 3778 709 3847 τῆς
741 3777 946 3846 μορφῆς
983 3776 1292 3845 νοουμένης,
1324 3775 1422 3826 οὐκ
1451 3776 1506 3826 ἐν
1530 3778 1763 3844 σχήματι

197 3869 521 3938 σωματικῷ,
553 3869 667 3920 ἀλλ’
694 3869 749 3918 ὲν
782 3866 857 3936 τῷ
894 3865 1140 3936 ἰδιώματι
1170 3868 1268 3933 τῆς
1292 3867 1765 3935 θεότητος.”Ακουε

195 3961 293 4013 καὶ
329 3960 392 4010 σὺ
425 3961 451 4010 ό
490 3960 552 4008 ὲκ
581 3959 676 4026 τῆς
709 3957 829 4019 νέας
879 3959 1185 4027 κατατομῆς
1236 3958 1377 4026 (75),
1429 3960 1455 4009 ὁ
1498 3957 1588 4009 τὸν
1636 3959 1763 4010 Ἰουο

193 4049 425 4117 δαῖσμδν
461 4046 773 4118 πρεσϐεύων
823 4049 879 4098 ὲν
915 4049 1338 4118 Χριστιανισμοῦ
1389 4051 1759 4119 προσποιήσει.

195 4140 316 4192 Τίνι
347 4139 508 4208 λέγει·
563 4139 700 4194 Κατ’
729 4141 927 4192 εἰκόνα
957 4140 1274 4207 ἡμετέραν;
1309 4141 1422 4191 Τίνι
1457 4140 1599 4208 ἄλλῳ
1641 4157 1702 4207 γε
1730 4141 1760 4208 ἢ

195 4229 274 4299 τῷ
306 4230 696 4299 άπαυγάσματι
724 4231 822 4299 τῆς
843 4230 1016 4300 δόξης,
1051 4232 1142 4282 καὶ
1165 4231 1465 4300 χαρακτῆρι
1501 4230 1598 4298 τῆς
1632 4231 1763 4280 υπο-

198 4323 444 4384 στάοεως
491 4323 652 4375 αὑτοῦ
707 4324 839 4391 (76),
877 4324 933 4384 ὃς
986 4325 1130 4376 ἐστιν
1178 4323 1337 4376 εἰκῶν
1379 4322 1467 4374 τοῦ
1503 4323 1633 4374 Θεοῦ
1673 4323 1764 4374 τοῦ

193 4413 468 4482 ἀοράτου;
501 4414 577 4482 Τῇ
609 4415 712 4485 ἰδία
752 4417 925 4467 τοίνυν
962 4417 1129 4466 εἰκόνι
1164 4418 1228 4484 τῇ
1263 4414 1441 4487 ζώσῃ,
1477 4417 1540 4482 τῇ
1583 4416 1763 4466 εἰπού-

269 4612 317 4644 ¹³
349 4611 513 4667 Hebr.
548 4627 589 4675 ι,
618 4611 672 4675 2,
702 4612 757 4664 5.
835 4615 878 4645 *³
917 4614 1048 4668 Cen.
1095 4629 1128 4676 ι,
1163 4611 1251 4663 26.

273 4765 385 4834 (69)
409 4766 643 4845 ιιαὶιιιδε.
692 4774 918 4845 septem.
950 4765 1089 4845 Editi
1132 4765 1750 4845 cu_m_a|iislquihusdam
1789 4778 1827 4830 υ

199 4833 332 4890 mss.
360 4835 664 4888 κεκάλυπτο
689 4835 784 4905 τῆς
808 4833 1131 4902 θεογνωσίας
1145 4837 1226 4887 τό.
1249 4836 1548 4902 Theologite
1576 4847 1750 4889 autem

197 4905 637 4975 praedicationem
679 4906 1130 4975 dicitdoctrinam
1186 4921 1324 4968 eam,
1365 4921 1468 4972 qua
1512 4920 1753 4973 personze

199 4973 557 5030 sanctissima:
583 4974 862 5028 Trinitatis
893 4987 1074 5041 aperte
1099 4977 1473 5043 praedicantur.

274 5043 390 5165 (70)
444 5043 532 5096 Sic
568 5043 713 5114 Regii
753 5045 973 5110 prinms,
1022 5048 1208 5098 tertius
1263 5055 1316 5098 et
1373 5047 1591 5111 quintus
1631 5058 1749 5096 cum

274 5116 356 5165 ιι).
419 5115 672 5165 secundo.
715 5114 852 5165 Editi
904 5131 1023 5165 cum
1066 5126 1287 5165 uuoant
1339 5115 1505 5165 altero
1543 5130 1640 5165 ms.
1675 5114 1749 5165 τῶ

198 5113 377 5169 Colb.
419 5113 672 5182 secundo.
715 5114 852 5167 Editi
904 5131 1023 5167 cum
1066 5126 1287 5166 uuoant
1339 5115 1505 5165 altero
1543 5130 1640 5165 ms.
1675 5114 1752 5182 τῷ

199 5183 383 5268 κοινῷ.
422 5182 561 5237 Infra
593 5181 724 5252 Reg.
750 5195 930 5237 sextus
960 5183 1103 5238 solus
1144 5182 1296 5249 λόγον
1337 5183 1436 5252 τῆς
1477 5181 1747 5253 ἀληθείας·

199 5270 413 5322 ωσπερ.

273 5321 387 5392 (71)
427 5323 556 5390 Reg.
585 5322 784 5394 primus
813 5323 1036 5394 ζώγροις
1068 5325 1462 5392 ἐναποσκιασθῇ
1492 5321 1757 5394 ,περιδρύ-

199 5391 378 5462 χεται.
411 5394 584 5448 Editio
616 5391 752 5445 Basil
813 5391 940 5446 cum
991 5405 1130 5446 sext.
1182 5410 1309 5447 mss.
1349 5391 1752 5462 περιδρύχεται.

202 5463 382 5533 Edilio
413 5463 580 5533 Paris.
617 5463 1030 5533 περιϐρυχᾶται.

276 5531 393 5603 (79)-
426 5532 559 5593 Reg.
617 5531 820 5603 primus
864 5533 1003 5585 οὕτω
1034 5537 1125 5587 καὶ
1172 5535 1229 5586 τὸ
1279 5532 1383 5584 τῶν
1425 5533 1630 5603 ἐχθρῶν
1661 5535 1757 5600 τῆς

203 5599 484 5674 ἀληθείαςυ
511 5601 774 5655 Ἰουδαίων
838 5604 1010 5674 γένος,
1063 5599 1566 5674 στενοχωρούμενοι.
1609 5599 1755 5674 ttug.

207 5670 399 5725 tertius
430 5670 572 5723 οὕτω
600 5674 691 5725 καὶ
727 5674 785 5725 τὸ
834 5673 1022 5743 ἐχθρὸν
1071 5675 1169 5742 τῆς
1217 5670 1469 5742 ἀληθείας
1498 5670 1758 5725 Ἰουδαίων

205 5745 379 5810 γένος,
415 5743 914 5814 στενοχωρούμενοι.
946 5744 1083 5799 Editi
1108 5760 1227 5797 cum
1264 5746 1434 5798 tribus
1465 5761 1592 5798 mss.
1628 5753 1680 5796 ut
1710 5747 1758 5794 in

207 5822 479 5866 i0l|lt'\ill.

1364 4613 1407 4641 ³⁵
1441 4608 1591 4663 Joan.
1627 4625 1689 4675 x,
1718 4611 1806 4664 30.

1864 3324 2044 3364 somn.
2098 3308 2231 3374 Quid
2283 3309 2413 3361 dicis
2458 3308 2523 3360 ad
2573 3307 2701 3359 hoc?
2751 3306 2886 3360 Num
2911 3316 2965 3360 et
2994 3307 3084 3360 Dei
3123 3319 3174 3361 et
3209 3310 3424 3377 angelo-

1865 3419 1981 3456 rum
2014 3418 2114 3454 una
2154 3410 2238 3454 est
2260 3400 2475 3468 imago?
2507 3398 2622 3451 Filii
2654 3399 2868 3465 quidem
2895 3408 2949 3452 et
2983 3397 3156 3453 Patris
3182 3401 3422 3453 eamdem

1863 3510 1982 3548 esse
2019 3493 2242 3547 formam
2281 3492 2500 3544 omnino
2543 3504 2766 3543 necesse
2793 3499 2909 3553 est;
2943 3488 3110 3541 forma
3155 3491 3421 3555 videlicet,

1866 3584 1938 3637 uti
1973 3584 2137 3636 Deum
2166 3584 2339 3647 decet,
2370 3580 2660 3645 intellecta,
2707 3595 2812 3633 non
2852 3581 2903 3632 in
2941 3596 3200 3649 corporea
3231 3583 3421 3652 tigura,

1865 3675 1956 3728 scd
1983 3676 2033 3726 in
2065 3673 2362 3727 divinitatis
2392 3672 2734 3740 proprietate.
2757 3671 2895 3726 Audi
2921 3680 2975 3726 et
3004 3680 3057 3726 tu
3082 3673 3170 3741 qui
3194 3689 3257 3728 ex
3289 3690 3421 3728 nova

1863 3768 2168 3823 concisione
2200 3783 2282 3830 es,
2309 3768 2398 3836 qui
2443 3767 2838 3823 Christianismi
2884 3769 3100 3822 nomine
3144 3781 3303 3838 atque
3350 3773 3424 3826 si-

1867 3860 2159 3914 mulatione
2197 3861 2404 3914 stabilis
2439 3859 2793 3914 Judaismum.
2832 3861 2925 3915 Cui
2962 3862 3089 3916 dicit
3129 3880 3140 3915 :
3180 3863 3258 3915 Ad
3291 3864 3424 3916 ima-

1867 3957 2033 4024 ginem
2085 3955 2356 4007 nostram?
2402 3953 2518 4015 Cui,
2559 3967 2774 4019 quaso,
2829 3952 2982 4004 alteri
3035 3967 3197 4019 quam
3244 3954 3423 4018 gloria:

1867 4047 2173 4115 splendori,
2207 4056 2261 4098 et
2308 4045 2619 4098 substantia:
2651 4043 2816 4112 ipsius
2844 4043 3144 4096 characteri
3173 4083 3185 4106 ,
3224 4044 3312 4111 qui
3340 4055 3423 4097 est

1872 4137 1962 4190 Dei
1991 4135 2271 4189 invisibilis
2317 4133 2534 4202 imago?
2574 4132 2756 4201 itaque
2799 4132 3018 4201 imagini
3058 4148 3168 4186 sua:
3200 4135 3420 4196 viventi,

1867 4244 1984 4296 qua:
2019 4229 2151 4281 dixit
2184 4246 2194 4279 :
2234 4225 2342 4296 Ego
2396 4239 2441 4279 et
2485 4225 2645 4279 Pater
2684 4242 2843 4277 unum
2881 4242 3058 4278 smnus
3089 4227 3131 4256 ’⁵
3155 4242 3168 4287 ;
3195 4235 3283 4278 et:
3318 4225 3421 4289 Qui

1869 4336 1944 4371 me
1992 4319 2140 4380 vidit,
2195 4320 2319 4371 vidit
2359 4317 2566 4370 Patrem
2600 4319 2677 4376 ²⁶;
2737 4321 2857 4372 huic
2909 4319 3079 4372 dicit:
3140 4318 3420 4372 Faciamus

1870 4412 2130 4462 hominem
2157 4410 2223 4460 ad
2256 4410 2534 4478 imaginem
2559 4422 2808 4462 uastram.
2847 4409 2945 4464 Ubi
2981 4419 3064 4464 est
3092 4411 3265 4480 imago
3288 4425 3416 4476 una,

1883 4612 1926 4640 ’⁸
1964 4611 2114 4661 Joan.
2154 4625 2258 4666 xlv.
2289 4611 2337 4660 ε).

1929 4765 2040 4832 (75)
2072 4764 2220 4836 Colb.
2258 4766 2524 4818 secundus
2577 4766 2660 4818 ἵνα
2683 4765 2786 4836 γὰρ
2836 4767 2942 4818 τόν.
3003 4765 3150 4836 Bodl.
3201 4767 3284 4819 ἵνα
3326 4769 3418 4821 τὸν

1860 4835 1955 4886 ἕνα
1983 4836 2055 4905 μὴ
2084 4835 2357 4898 δέξωνται.
2393 4837 2582 4888 Statim
2636 4837 2772 4889 ideln
2812 4851 2932 4887 mss.
2989 4835 3212 4905 μυρίους
3247 4838 3420 4891 ἐπεισ-

1861 4906 2105 4978 άγουσιν.
2153 4906 2388 4958 Subinde
2427 4915 2657 4978 quatuor
2699 4919 2826 4978 mss.
2860 4905 2924 4978 to
2961 4905 3058 4974 τῆς
3088 4905 3413 4978 συμβουλῆς.

1863 4976 1998 5027 Editi
2029 4993 2147 5027 cum
2177 4991 2280 5028 uno
2304 4985 2395 5028 aut
2419 4977 2587 5028 altero
2624 4991 2749 5027 mss.
2776 4974 2835 5025 τὸ
2867 4975 2963 5043 τῆς
2991 4974 3339 5044 συμϐουλίας.

1931 5045 2040 5114 (74)
2067 5045 2190 5097 Mss.
2227 5045 2467 5112 plerique
2506 5060 2691 5114 omnes
2725 5044 2816 5094 καὶ
2844 5044 2931 5098 τά.
2966 5043 3104 5097 Editi
3149 5048 3239 5098 καὶ
3267 5049 3345 5100 τό.

1930 5113 2040 5183 (75)
2073 5115 2440 5182 Κατατομῆς.
2484 5113 2595 5183 νυιι
2646 5123 2727 5167 est
2769 5114 2936 5178 l’auli,
2966 5114 3196 5182 Philipp.
3235 5132 3316 5182 ιιι,
3361 5121 3413 5183 ‘2,

1861 5182 2081 5252 βλέπετε
2132 5187 2459 5254 κατατομήν,
2496 5182 2678 5236 Cavete
2709 5186 3070 5236 concisionem.
3107 5187 3196 5238 Sic
3236 5182 3413 5239 autem

1859 5255 2146 5321 Apostolus
2174 5258 2392 5306 vocabat
2421 5255 2629 5307 Judaeos
2657 5268 2749 5318 per
2779 5265 3165 5320 contemptum,
3201 5271 3415 5307 eorum-

1858 5340 1960 5390 que
1990 5325 2348 5378 concisiouem
2391 5326 2438 5376 in
2493 5337 2654 5376 carne
2709 5325 2934 5388 positam
2992 5334 3153 5376 totam
3218 5340 3414 5378 nostra:

1861 5396 2256 5447 circumcisioni
2286 5393 2440 5460 plane
2467 5393 2731 5460 spirituali
2764 5395 3089 5460 opponebat.

1932 5464 2041 5536 (76)
2075 5463 2211 5536 Editi
2237 5461 2488 5536 et_Coi_s_l.
2522 5461 2727 5536 primus
2761 5476 2815 5536 et
2860 5462 2991 5536 Reg.
3014 5473 3244 5536 octavus
3284 5463 3414 5536 ύποτ

1863 5530 2100 5593 στάσεως
2157 5530 2339 5582 αὐτοῦ.
2407 5534 2516 5585 Nec
2565 5530 2719 5601 aliter
2773 5533 2962 5598 legitur
3014 5533 3064 5585 in
3126 5534 3292 5601 Epist.
3347 5535 3414 5587 ad

1863 5604 2023 5655 Hebr.
2056 5619 2090 5661 I,
2117 5601 2166 5652 ’5.
2200 5605 2275 5672 ,Αι
2307 5606 2452 5655 deest
2483 5600 2642 5652 αὐτοῦ
2678 5604 2729 5654 in
2756 5617 2848 5656 sex
2872 5618 2996 5655 mss.
3025 5600 3413 5672 Quzusequun-

1866 5683 1949 5724 tur
1985 5673 2164 5734 verba,
2195 5671 2250 5741 δς
2288 5673 2448 5736 ἐστιν,
2479 5680 2605 5736 ctc.,
2644 5673 2984 5738 reperiuntur
3036 5678 3084 5723 in
3129 5671 3296 5741 Epist.
3345 5675 3412 5724 ad

1863 5743 2062 5796 Cttloss.
2091 5757 2125 5807 l,
2159 5740 2238 5793 15.
