4092 6318
679 345 782 401 207

1991 347 2050 404 S.
2092 346 2335 402 BASlLll
2376 349 2588 405 MAGNI

3821 345 3914 400 es

675 456 948 529 quomodo
997 454 1156 510 fuerit
1206 455 1623 512 dissimilitudo?
1669 456 1735 512 Et
1775 460 1895 528 fecit
1948 460 2086 514 Deus
2145 461 2240 514 Ιιο-

2351 479 2418 537 σῃ
2437 463 2548 530 (77)
2564 479 2579 493 °
2597 461 2737 530 Ἐγὼ
2751 462 2845 513 καὶ
2868 464 2899 514 ὁ
2917 457 3117 528 Πατὴρ
3132 457 3201 512 ἐν
3218 458 3422 526 ἐσμεν,
3439 457 3554 519 καὶ,
3576 458 3640 508 ’0
3656 456 3912 525 ἑωρακὼς

673 553 864 605 minem
917 549 980 603 ²⁷.
1028 547 1173 613 Non,
1228 547 1512 605 Fecerunt.
1560 551 1757 606 Vitavit
1802 555 1902 607 hoc
1954 554 2071 607 loco
2119 569 2242 623 per-

675 656 928 698 sonarum
991 640 1406 696 multitudinem.
1457 641 1749 712 Postquam
1802 653 1982 698 autem
2029 659 2126 712 per
2159 644 2244 698 illa

673 730 1191 796 erudivitludaaum,
1227 746 1322 801 per
1366 733 1478 788 haec
1524 750 1649 788 vero
1699 750 1938 790 errorem
1969 736 2245 806 gentilium

674 823 942 887 exclusit,
1001 832 1115 876 tuto
1175 825 1405 877 recurrit
1448 825 1512 878 ad
1563 827 1848 890 unitatem,
1880 836 1936 879 ut
1965 837 2018 881 cl
2050 827 2244 881 Filium

677 925 797 966 cum
824 910 982 964 Patre
1007 911 1296 979 intelligas,
1322 923 1377 965 et
1402 913 1696 980 periculum
1727 917 2081 971 multitudinis
2120 918 2248 971 deo-

675 1019 792 1060 rum
817 1003 1062 1073 ellugias.
1102 1003 1168 1056 In
1203 1006 1429 1072 imagine
1468 1005 1560 1059 Dei
1597 1007 1710 1075 {ecit
1736 1008 1909 1073 ipsum
1944 1009 2008 1061 ³⁸.
2034 1008 2245 1064 Rursus

673 1110 962 1165 personam
989 1096 1105 1160 ejus
1145 1096 1233 1163 qui
1262 1111 1443 1150 secum
1491 1098 1650 1150 simul
1696 1100 2042 1166 operabatur,
2077 1102 2242 1156 intro-

672 1184 849 1238 duxit.
887 1181 1000 1235 Non
1034 1182 1175 1236 enim
1214 1184 1347 1237 dixit
1383 1205 1392 1237 :
1427 1183 1482 1237 In
1517 1185 1750 1255 imagine
1781 1187 1859 1240 sui
1893 1187 2090 1254 ipsius;
2126 1189 2239 1253 sed,

673 1275 740 1332 In
773 1274 868 1329 Dei
901 1276 1149 1344 imagine.
1186 1274 1240 1328 lu
1286 1291 1391 1344 quo
1427 1286 1605 1330 autem
1656 1278 1902 1345 pra-lerat
1935 1279 2027 1332 Dei
2057 1278 2242 1349 imagi-

676 1386 802 1424 nem
834 1369 994 1422 homo
1017 1409 1031 1431 ,
1077 1377 1130 1422 ct
1156 1383 1264 1438 quo
1299 1381 1455 1436 pacto
1482 1370 1850 1426 similitudinis
1877 1371 1990 1439 ejus
2024 1371 2095 1425 sit
2122 1387 2241 1440 par-

679 1460 868 1526 ticeps,
895 1458 946 1510 in
979 1459 1345 1524 sequentibus,
1377 1459 1484 1512 Deo
1509 1464 1688 1520 dante,
1716 1475 2066 1529 exponemus.
2092 1459 2242 1516 Nunc

671 1560 848 1604 autem
891 1549 942 1603 id
971 1548 1141 1602 solum
1169 1549 1400 1614 dicatur,
1433 1551 1477 1605 si
1513 1567 1614 1604 una
1646 1561 1728 1605 est
1755 1553 1953 1619 imago.
1987 1553 2124 1605 unde
2148 1553 2240 1606 tibi

669 1643 724 1697 in
762 1652 995 1696 mentem
1029 1642 1175 1695 venit
1206 1643 1531 1708 impietatem
1563 1652 1668 1697 tam
1701 1643 2090 1698 intolerandam
2118 1660 2244 1713 pro-

670 1737 833 1799 titeri,
864 1745 920 1788 ut
953 1735 1147 1788 Filium
1185 1734 1330 1788 Patri
1359 1735 1672 1790 dissimilem
1701 1735 1884 1791 dicas?
1904 1735 1947 1792 Ο
1974 1737 2238 1806 ingratum

2344 553 2467 622 ἐμὲ,
2505 552 2721 622 ἑώρακε
2749 551 2854 604 τὸν
2885 550 3145 618 Πατέρα·
3176 548 3346 619 ταύτῃ
3365 546 3534 614 λέγει·
3573 547 3914 616 Ποιήσωμεν

2345 642 2654 710 ἄνθρωπον
2677 647 2802 696 κατ’
2831 643 3029 694 εἰκόνα
3060 639 3363 709 ἡμετέραν.
3396 640 3572 692 Ὅπου
3613 639 3714 708 μία
3749 639 3910 703 εἰκὼν,

2349 735 2447 786 ποῦ
2478 736 2534 788 τὸ
2566 735 2849 804 ὰνόμοιον;
2875 738 2978 786 Καὶ
3007 732 3297 798 ἐποίησεν
3322 734 3353 783 0'
3389 730 3531 795 Θεὸς
3566 731 3678 781 τὸν
3708 730 3912 799 ἅνθρω-

2348 841 2482 881 nor.
2535 827 2697 895 Οὐχὶ,
2746 825 3055 896 Ἐποίησαν.
3096 825 3332 891 Ἐφυγεν
3379 820 3616 874 ἐνταῦθα
3664 822 3761 874 τὸν
3790 823 3908 893 πλη-

2347 915 2551 985 Θυσμὺν
2578 917 2683 968 τῶν
2717 914 3041 987 προσώπων.
3066 916 3142 966 Δι’
3177 914 3397 966 ἐκείνων
3424 914 3520 982 μὲν
3559 913 3652 964 τὸν
3673 913 3914 966 Ἰουδαῖον

2347 1007 2630 1071 παιδεύων,
2658 1009 2743 1061 διὰ
2769 1008 2971 1060 τούτων
3001 1007 3058 1059 δὲ
3086 1005 3176 1058 τὸν
3210 1004 3558 1077 Ἑλληνισμὸν
3596 1005 3912 1071 ἀποκλείων,

2347 1098 2604 1166 ἁσξαλῶς
2648 1099 2950 1169 ἀνέδραμεν
2996 1099 3087 1150 ἐπὶ
3126 1097 3222 1170 τὴν
3267 1097 3495 1166 μονάδα,
3531 1097 3622 1149 ἵνα
3673 1097 3774 1148 καὶ
3806 1097 3915 1149 Ti?»

2345 1191 2470 1258 νοῇς
2504 1188 2644 1258 μετὰ
2688 1189 2916 1257 Πατρὸς,
2945 1188 3039 1242 καὶ
3083 1189 3180 1258 τῆς
3236 1187 3518 1250 πολυθεῖας
3569 1186 3826 1258 sursum;
3867 1187 3916 1239 τὺ

2343 1280 2700 1332 ἐπικίνδυνον.
2763 1279 2863 1331 Ἔν
2905 1279 3088 1332 εικόνι
3130 1278 3274 1332 Θεοῦ
3319 1278 3428 1347 (78)
3473 1279 3778 1341 ἐποίησεν
3823 1280 3917 1332 αὑ-

2344 1375 2466 1424 τόν.
2497 1370 2665 1423 Πάλιν
2693 1369 2782 1422 τοῦ
2809 1370 3066 1439 συνεργοῦ
3087 1371 3146 1422 τὸ
3173 1370 3458 1439 πρόσωπον
3492 1371 3913 1440 παρεισήγαγεν.

2344 1463 2417 1513 Ub
2440 1463 2544 1532 γὰρ
2568 1458 2839 1525 εἷπεν,Ἐν
2866 1461 3029 1513 εἰκόνι
3044 1461 3255 1525 ἑαυτοῦ,
3281 1461 3415 1524 ἀλλ’,
3435 1462 3529 1513 Ἐν
3547 1464 3740 1514 εἰκόνι
3763 1462 3914 1514 Θεοῦ.

2357 1554 2442 1605 Ἐν
2463 1555 2566 1606 τίνι
2612 1555 2708 1622 μὲν
2739 1549 2830 1605 οὖν
2875 1552 2986 1622 ἔχει
3030 1551 3088 1603 τὸ
3121 1554 3237 1604 κατ’
3273 1554 3453 1604 εἰκόνα
3485 1551 3624 1604 Θεοῦ
3665 1553 3694 1604 ὁ
3725 1552 3916 1622 ἄνθρω-

2346 1663 2467 1708 πος,
2505 1648 2598 1700 καὶ
2643 1646 2758 1708 πῶς
2807 1643 3208 1716 μεταλαμϐάνει
3246 1644 3338 1695 τοῦ
3369 1644 3486 1696 καθ’
3534 1645 3825 1713 ὁμοίωσιν,
3870 1646 3916 1696 ἐν

2344 1741 2454 1800 τοῖς
2479 1740 2694 1806 ἐφεξῆς,
2727 1737 2862 1790 θεοῦ
2892 1737 3143 1799 διδόντος,
3174 1736 3445 1806 εἰρήσεται
3467 1752 3480 1764 '
3519 1736 3620 1788 νῦν
3645 1737 3703 1788 δὲ
3739 1735 3916 1789 τοσοῦ·

671 1827 947 1880 animum!
983 1826 1419 1895 quandoquidem
1455 1827 1861 1882 similitudinem
1908 1843 2050 1893 eam,
2087 1829 2239 1898 cujus

2344 1841 2430 1878 τον
2458 1825 2712 1892 λεγέσθω,
2748 1828 2828 1879 ὅτι
2885 1828 2931 1878 εἰ
2994 1826 3093 1893 μία
3130 1823 3326 1886 εἰκὼν,
3381 1824 3542 1878 πόθεν
3578 1842 3663 1877 σοι
3697 1827 3917 1896 ἐπῆλθεν

668 1915 845 1975 factus
873 1931 931 1971 es
956 1918 1223 1985 particeps
1247 1955 1262 1976 ,
1294 1916 1539 1968 benelicii
1572 1919 1774 1971 auctori
1821 1934 1927 1972 non
1967 1919 2239 1987 rependis,

667 2021 722 2070 et
749 2026 812 2065 ea
841 2026 959 2079 quae
983 2011 1121 2062 dono
1149 2023 1400 2062 concessa
1434 2019 1582 2071 sunt,
1616 2012 1708 2064 tibi
1746 2012 1843 2079 ipsi
1875 2013 2090 2076 quidem
2117 2027 2242 2079 pro-

668 2102 785 2172 pria
842 2115 1059 2153 manere
1104 2111 1300 2170 putas,
1351 2102 1444 2153 sed
1496 2119 1598 2154 nou
1637 2103 1771 2156 sinis
1807 2105 2004 2156 habere
2046 2103 2238 2158 Filium

673 2213 796 2246 cum
845 2195 1086 2262 genitore
1135 2201 1412 2260 acceptam
1469 2208 1498 2245 a
1563 2204 1751 2246 natura
1812 2195 2235 2251 similitudinem.

670 2284 865 2338 Verum
916 2285 1068 2338 nobis
1115 2284 1386 2338 silentiqu
1439 2286 1625 2338 indicit
1666 2296 1874 2355 tempus
1919 2286 2242 2356 advespera-

667 2392 851 2440 sceus,
876 2377 1072 2446 quippe
1099 2377 1240 2446 quod
1269 2376 1589 2446 jamdudum
1633 2378 1797 2431 solun
1821 2379 1884 2430 ad
1908 2379 2240 2432 occidentem

669 2471 963 2524 ιΙ‹-ιιιίεοι·ἰι.
1005 2471 1099 2523 llic
1135 2471 1298 2539 igitur
1339 2480 1393 2524 et
1422 2485 1519 2523 nos
1548 2470 1707 2522 dictis
1743 2471 1979 2522 contenti
2007 2511 2021 2531 ,
2043 2470 2242 2522 oratio-

674 2575 798 2614 nem
853 2562 1250 2629 couSOpiamus.
1293 2559 1447 2614 Nunc
1491 2562 1708 2630 quidem
1757 2573 2016 2628 quantum
2065 2563 2243 2616 studio

670 2663 854 2706 vestro
901 2652 1191 2705 excitando
1223 2654 1355 2708 satis
1401 2653 1535 2718 fuit,
1586 2666 1888 2706 sermonem
1924 2653 2238 2722 attigimus:

668 2745 763 2798 sed
796 2744 1174 2813 perfectiorem
1207 2761 1383 2799 rerum
1417 2747 1809 2815 propositarum
1838 2746 2239 2814 inquisitionem

670 2835 725 2896 iu
753 2837 1230 2904 consequentibus,
1270 2835 1471 2903 Spiritu
1513 2847 1700 2891 sancto
1732 2838 2050 2903 adjuvante,
2084 2839 2238 2891 adhi-

670 2926 939 2980 bebimus.
969 2928 1128 2981 Abite
1169 2929 1535 2993 exsultantes,
1569 2942 1759 2981 amans
1785 2929 1982 2982 Christi
2016 2930 2205 2982 concio
2225 2970 2239 2995 ,

667 3028 723 3073 et
747 3020 925 3073 cumis
952 3019 1163 3075 obsonii
1202 3020 1501 3089 sumptuosi
1529 3029 1583 3072 et
1608 3019 1880 3073 variorum
1930 3019 2242 3074 condimen-

2343 1920 2589 1993 ἀφόρητα
2633 1920 2931 1982 δυσισεῦεῖν,
2983 1920 3234 1990 ἀνόμοιον
3283 1918 3492 1986 λέγοντι
3536 1918 3630 1969 τὸν
3682 1919 3813 1970 Υἱὸν
3854 1920 3917 1988 τῷ

2343 2011 2546 2080 Πατρί;
2581 2012 2643 2061 Ὢ
2665 2012 2760 2079 τῆς
2783 2011 3104 2081 ἀχαριστίας
3129 2012 3140 2063 l
3169 2006 3235 2081 ἦς
3260 2007 3550 2081 μετέλαδες
3585 2010 3918 2078 ὁμοιότητος,

2341 2101 2542 2172 ταύτης
2567 2103 2626 2153 οὐ
2678 2101 2967 2171 μεταδίδως
3000 2101 3075 2171 τῷ
3119 2101 3411 2174 εὐεργέτῃ
3455 2100 3551 2153 καὶ
3601 2099 3790 2168 σαυτῷ
3835 2101 3920 2169 μὲν

2343 2195 2504 2266 κύρια
2540 2195 2722 2265 μένειν
2752 2194 2818 2245 τὰ
2852 2195 2914 2246 ἐκ
2948 2193 3047 2262 τῆς
3093 2195 3314 2264 χάριτος
3361 2191 3790 2266 παραηεθέντα
3823 2193 3917 2260 (79)

2342 2283 2601 2355 νομίζεις,
2628 2283 2704 2353 τῷ
2736 2283 2792 2336 δὲ
2832 2281 2944 2352 Υἱῷ
2978 2282 3073 2353 τὴν
3112 2284 3175 2334 ὲκ
3202 2283 3416 2350 φύσεως
3459 2283 3764 2352 ὁμοιότητα
3801 2283 3921 2351 apo;

2342 2377 2430 2428 τὸν
2459 2379 2796 2445 γεννήσαντα
2821 2376 2964 2445 ἔχειν
2999 2376 3096 2427 οὐκ
3121 2377 3468 2446 ὲπιτρέπειςς
3515 2377 3681 2429 Ἀλλὰ
3720 2375 3918 2445 σιωπὴν

2342 2469 2451 2539 γὰρ
2478 2471 2606 2538 ἡμῖν
2640 2471 2918 2520 ἐπιτάσσει
2950 2468 3133 2521 λοιπὸν
3163 2471 3194 2538 ἡ
3227 2470 3434 2537 ἑσπέρα
3461 2467 3632 2521 πάλαι
3669 2470 3815 2539 πρὸς
3841 2468 3920 2520 δυ-

2345 2558 2488 2627 σμὰς
2516 2559 2605 2610 τὸν
2631 2557 2781 2626 ἥλιον
2823 2557 3257 2627 παραπέμψασα.
3299 2558 3560 2611 Ἐνταῦθα
3605 2557 3671 2628 δὴ
3704 2554 3801 2610 οὖν
3839 2558 3918 2609 τὸν

2343 2649 2498 2718 λόγον
2557 2650 2648 2702 καὶ
2696 2650 2857 2718 ἡμεῖς
2905 2650 3322 2718 κατευνάσωμεν
3377 2651 3509 2720 (80),
3561 2651 3917 2721 ἀρκεσθέντες

2342 2746 2453 2808 τοῖς
2480 2743 2808 2815 εἰρημένοις.
2836 2740 2948 2793 Νῦν
2974 2740 3069 2810 μὲν
3097 2736 3189 2792 οὖν
3215 2742 3334 2792 ὅσον
3357 2741 3618 2812 διεγεῖραι
3654 2743 3811 2811 ὑμῶν
3839 2742 3917 2794 τὸν

2345 2833 2504 2902 ζῆλον
2543 2831 2634 2884 τοῦ
2694 2831 2851 2898 λόγου
2897 2827 3288 2899 παρηψάμεθα·
3321 2828 3418 2898 τὴν
3472 2829 3528 2880 δὲ
3583 2831 3916 2898 τελειοτέραν

2346 2925 2472 2995 περὶ
2503 2924 2610 2976 τῶν
2642 2922 3017 2995 προκειμένων
3054 2920 3299 2986 ἐξέτασιν
3327 2921 3382 2972 ὲν
3422 2923 3530 2981 τοῖς
3559 2921 3689 2989 ἑξῆς
3720 2921 3917 2972 ἁποδὼ-

2345 3035 2507 3088 σομεν
2540 3021 2604 3087 τῇ
2642 3016 2902 3086 συνεργίᾳ.
2932 3014 3027 3068 τοῦ
3068 3015 3405 3085 Πνεύματος.
3443 3013 3638 3066 Ἀπιτέ
3681 3014 3793 3083 (81)
3837 3031 3915 3083 μοι

671 3119 845 3165 torum
879 3112 1016 3178 loco,
1052 3127 1237 3166 eorum
1274 3128 1392 3179 quae
1420 3112 1654 3164 diximus
1692 3111 1949 3164 memoria
1989 3111 2240 3166 honestas

2344 3109 2643 3179 χαίροντες,
2670 3111 2702 3179 ή
2741 3108 3078 3178 φιλόχριστος
3108 3107 3390 3176 ἐκκλησία,
3416 3108 3534 3160 ἀντὶ
3564 3106 3772 3169 παντὸς
3790 3107 3912 3176 ’ὄψου

672 3213 886 3257 vestras
913 3217 1129 3257 mensas
1177 3203 1442 3255 iustruite.
1476 3201 1850 3254 Confundatur
1883 3201 1973 3269 qui
2005 3202 2239 3256 dissimi-

672 3293 953 3348 litudinem
985 3292 1230 3347 inducit:
1266 3293 1469 3361 pudore
1502 3290 1765 3343 alliciatur
1802 3289 2057 3344 «Ιιιιίιοιιεε
2106 3308 2240 3361 gau-

671 3387 793 3440 deat
820 3385 941 3455 pius
990 3384 1330 3454 dogmatibus
1359 3381 1605 3437 veritatis
1642 3399 1654 3435 :
1686 3379 2016 3449 glorificetur
2059 3382 2239 3436 Domi-

671 3491 774 3543 pus
800 3516 814 3542 ,
850 3478 934 3530 cui
977 3477 1143 3546 gloria
1176 3488 1229 3530 et
1267 3477 1544 3546 imperium
1585 3474 1635 3526 in
1671 3473 1865 3527 saecula
1899 3474 2216 3529 sazculorum

670 3572 864 3626 Amen.

2347 3199 2670 3263 πολυτελοῦς
2696 3202 2788 3254 καὶ
2809 3219 2918 3253 των
2951 3201 3208 3254 ποικίλων
3239 3217 3474 3269 καρυκευ
3485 3201 3673 3270 μάτων
3696 3204 3764 3271 τῇ
3793 3201 3914 3268 μνή-

2344 3309 2415 3361 μῃ
2446 3291 2552 3343 τῶν
2585 3291 2886 3360 εἰρημένων
2937 3293 3035 3354 τὰς
3080 3291 3280 3358 σεμνὰς
3323 3292 3473 3360 ὑμῶν
3507 3289 3911 3360 κατακοσμοῦν·

2341 3399 2428 3444 τες
2453 3383 2747 3452 τραπέζας.
2794 3382 3250 3449 Καταισχυνὲσθω
3295 3384 3323 3434 ὁ
3356 3383 3628 3450 ἀνόμοιος,
3671 3383 3912 3454 ἐντρεπέ-

2343 3473 2451 3526 σθω
2483 3476 2510 3526 ὁ
2563 3472 2829 3536 Ἰουδαῖος,
2868 3473 3182 3541 ἀγαλλέσϐω
3211 3477 3322 3535 τοῖς
3369 3473 3601 3542 δόγμασι
3643 3475 3745 3544 τῆς
3792 3474 3910 3541 ἁλη-

2342 3566 2488 3630 ϐείας
2514 3568 2542 3619 ὁ
2573 3565 2685 3635 (89.)
2716 3564 2964 3636 εὐσεϐὴς,
2999 3564 3302 3628 δοξαζέσθω
3333 3567 3361 3617 ὁ
3395 3566 3620 3634 Κύριος,
3654 3560 3699 3635 ᾧ
3741 3569 3772 3636 ἡ
3801 3563 3912 3629 δόξα

2348 3660 2440 3716 καὶ
2465 3659 2524 3710 τὸ
2557 3660 2754 3729 κράτος
2781 3660 2858 3721 είς
2884 3659 3009 3721 τοὺς
3044 3657 3246 3720 αἰῶνας
3269 3655 3376 3708 τῶν
3413 3656 3645 3712 αἰώνων.
3689 3659 3873 3728 ’Δμήν.

2439 3873 2508 3879 ____
2523 3875 2549 3879 _
2575 3873 3008 3883 -μ--ν--ρη-..ησ
3025 3877 3188 3885 ...ι--

1964 4061 2579 4154 MONITUM.

745 4502 858 4572 89
895 4500 1079 4556 Basilii
1136 4502 1190 4554 in
1226 4501 1467 4554 Psalmos
1516 4501 1792 4555 orationes
1845 4511 1968 4569 post
2012 4501 2159 4571 Opus
2194 4517 2286 4556 sex
2335 4504 2542 4556 diertnu
2592 4501 2826 4555 edendas
2864 4514 2982 4556 esse
3022 4501 3404 4571 judicavimus.
3438 4501 3620 4554 Visum
3652 4507 3728 4553 cst
3770 4496 3898 4550 enim

681 4597 1017 4666 Seripturam
1055 4610 1083 4648 a
1119 4594 1396 4663 Scriptura
1425 4609 1528 4647 non
1561 4610 1835 4664 separare.
1863 4594 2015 4662 Quod
2048 4597 2094 4651 si
2121 4604 2377 4663 utrasque
2409 4597 2680 4649 orationes
2713 4604 2766 4647 et
2791 4596 2842 4647 in
2873 4589 3232 4650 Hexaemeron
3257 4597 3380 4650 etin
3417 4591 3659 4646 Psalmos
3693 4591 3818 4642 inter
3844 4600 3899 4638 se

686 4703 1004 4758 comparare
1048 4688 1295 4743 volumus
1321 4727 1335 4750 ,
1375 4702 1479 4740 non
1515 4687 1720 4750 negabo
1754 4689 1968 4757 quidem
2014 4690 2224 4760 priores
2258 4689 2648 4757 posterioribus
2682 4686 2837 4758 longe
2879 4691 3018 4759 apud
3053 4690 3305 4757 antiquos
3346 4687 3514 4742 fuisse
3545 4685 3850 4740 celebriores
3880 4698 3892 4732 ι

687 4781 776 4835 sed
813 4797 916 4832 uon
959 4781 1113 4835 facile
1157 4779 1451 4834 concedam
1497 4778 1739 4833 utiliores
1780 4795 1920 4837 esse.
1946 4780 2011 4834 Et
2045 4792 2105 4834 ut
2148 4780 2312 4836 semel
2353 4781 2523 4834 dicam
2565 4779 2705 4849 quod
2757 4782 2966 4847 sentio,
2999 4780 3304 4850 eloquentia
3350 4779 3393 4832 si
3439 4786 3713 4848 spectetur
3756 4784 3897 4841 atque

685 4873 924 4924 varietas
951 4871 1273 4940 argumenti,
1307 4874 1483 4938 patiar
1512 4869 1875 4924 Hexaemeron
1898 4874 2188 4939 anteponi;
2219 4875 2261 4926 si
2305 4870 2510 4926 fruetus
2536 4882 2696 4941 atque
2721 4874 2942 4936 utilitas,
2977 4887 3080 4926 non
3114 4873 3265 4926 item.

750 4964 995 5018 Ps::lmos
1031 4979 1229 5031 paucos
1255 4965 1640 5029 interpretatus
1663 4973 1738 5015 est
1769 4962 2018 5026 Basilius,
2046 4973 2139 5016 aut
2163 4974 2309 5018 certe
2336 4979 2627 5032 paucorum
2658 4965 3155 5031 interpretationem
3183 4965 3247 5017 ad
3278 4979 3374 5020 nos
3409 4977 3577 5032 usque
3602 4955 3898 5033 pervenisse

749 5122 793 5152 ’⁷
823 5119 1016 5186 Gem],
1051 5118 1138 5172 27.
1183 5118 1227 5148 "
1263 5119 1388 5173 ibid.

893 5280 983 5335 Sic
1025 5280 1240 5334 codices
1269 5289 1392 5332 tres.
1439 5280 1574 5332 [illiti
1607 5277 1752 5350 ζώσῃ
1785 5297 1838 5331 τε
1868 5280 1960 5332 καὶ
1994 5279 2246 5351 εἰπούσῃο

697 5350 927 5406 Ὶείνώίτε
961 5352 1053 5404 καὶ
1081 5351 1128 5401 ὁ.
1171 5352 1449 5403 (Ionsentit
1489 5363 1663 5404 textus
1691 5367 1845 5402 sacer
1868 5367 1985 5402 cum
2020 5366 2146 5402 mss.

752 5423 864 5491 (78)
932 5422 1019 5473 Ἑν
1065 5419 1243 5491 γείκρνι
1295 5418 1452 5473 Θεοῦ·
1516 5422 1602 5472 ubi
1663 5419 1804 5473 LXX
1861 5421 2252 5489 signiﬁcantius

679 5489 801 5551 κατ’
835 5489 1020 5545 εἰκόνα
1049 5489 1204 5544 Θεοῦ.

751 5564 861 5630 (79)
899 5564 1048 5633 Reg.
1103 5564 1322 5633 quintus
1381 5578 1461 5613 σοι
1510 5561 1943 5633 παρασχεϐέντσι.
2014 5561 2251 5633 Subinde

680 5637 806 5688 editi
840 5631 918 5701 τῷ
943 5633 998 5684 δὲ
1024 5631 1212 5703 Κυρίῳ
1243 5634 1364 5700 τήν.
1406 5635 1474 5684 At
1505 5631 1600 5703 seat
1631 5649 1760 5688 mss.
1795 5632 1869 5702 τῷ
1900 5631 1955 5683 δὲ
1982 5632 2095 5701 Υίῷ
2129 5631 2247 5701 τήν.

680 5703 819 5772 infra
862 5703 989 5772 Reg.
1016 5705 1220 5772 primus
1253 5704 1331 5765 εἰς
1353 5702 1581 5771 δυσμάς.

755 5771 863 5842 (80)
894 5770 1027 5838 Reg.
1056 5774 1274 5840 quintus
1305 5770 1802 5841 καταπαυσώμεθα.
1837 5770 1969 5841 Reg.
2013 5773 2044 5825 5
2075 5788 2242 5825 καταη

2367 5279 2682 5349 παύσωμεν.
2715 5278 2851 5332 Edili
2878 5293 2996 5332 cum
3025 5277 3288 5349 aliquibus
3317 5294 3442 5333 mss.
3474 5290 3530 5332 ut
3557 5281 3608 5333 in
3643 5289 3802 5335 textu.

2433 5351 2542 5420 (8|)
2567 5347 2716 5404 Editi
2747 5349 2904 5402 ἄπιτε
2951 5348 3102 5420 γοῦν.
3139 5347 3293 5403 Deest
3321 5350 3450 5417 γοῦν
3488 5350 3538 5402 in
3576 5353 3769 5420 nostris
3809 5362 3886 5402 sex

2359 5417 2490 5474 mss.
2517 5417 2566 5472 et
2595 5422 2643 5474 iu
2687 5420 2834 5472 Bodl.
2885 5421 2946 5486 Iit
2980 5418 3192 5485 quidem
3223 5420 3479 5487 particula
3503 5417 3634 5486 γοῦν
3655 5436 3715 5470 eo
3739 5422 3886 5487 magis

2357 5500 2603 5556 suspecta
2653 5491 2816 5545 videri
2856 5490 3038 5553 debet,
3069 5491 3207 5557 quod
3241 5489 3437 5542 Basilio
3469 5505 3798 5559 nequaquam
3823 5486 3884 5538 fa-

2358 5563 2580 5614 miliaris
2613 5562 2701 5614 sit.

2429 5630 2540 5701 (82)
2570 5632 2720 5686 Culb.
2758 5627 3290 5701 SCCItlltltlS_5’5‘{p.adt
3337 5628 3438 5698 τῆς
3484 5628 3800 5701 Ἐκκλησίας
3841 5623 3880 5675 ὁ.

2359 5697 2548 5756 Statim
2588 5705 2725 5758 idem
2755 5702 2920 5758 codex
2949 5698 3167 5771 κράτος,
3198 5702 3230 5768 ἡ
3267 5701 3398 5771 τιμὴ
3427 5700 3518 5752 καὶ
3549 5697 3884 5770 προσκύνησις

2353 5787 2452 5834 εις.
