4100 6312
194 395 299 449 209
1400 391 1683 448 HOMILIA
1720 391 1787 447 IN
1832 392 2159 449 PSALMUM
2200 394 2241 450 l.
3320 384 3427 439 210

193 517 425 562 constat.
470 507 596 563 Mihi
633 507 846 577 quidem
874 508 1095 564 dubium
1131 524 1235 563 non
1266 516 1369 572 est,
1407 509 1533 576 quin
1568 508 1918 577 gravissimus
1961 508 2119 562 Pater
2140 518 2193 561 et
2225 509 2361 563 alios
2390 506 2624 577 psalmos
2652 508 3034 574 interpretatus
3057 504 3154 565 sit,
3180 516 3302 555 cum
3337 500 3424 552 vix

195 607 370 673 possit
403 604 582 658 δῦθι·τί
615 606 776 670 ratio,
806 620 903 660 cur
945 606 1040 660 bos
1063 620 1199 674 quos
1230 604 1492 658 habemus
1520 604 1861 672 exposuisset
1890 620 2025 658 unos
2054 622 2069 656 :
2112 603 2208 659 sed
2240 613 2415 658 tamen
2447 603 2513 657 iis
2541 604 2788 657 assentiri
2812 617 2917 655 non
2950 613 3109 668 queo,
3144 598 3234 667 qui
3260 610 3420 665 argu-

192 712 441 756 mentum
467 702 831 755 certissimum
863 710 1023 771 atque
1051 700 1512 754 evidentissimum
1543 715 1608 755 ex
1642 701 2088 768 interpretatione
2120 699 2311 768 psalmi
2341 698 2553 767 septimi
2586 707 2638 750 et
2667 692 2923 750 tricesimi
2957 690 3062 759 peti
3095 702 3254 757 posse
3278 686 3425 739 arbi-

192 803 428 850 trantur.
453 794 603 862 Quod
633 797 775 850 enim
792 797 936 849 aiunt
956 794 1089 863 (83),
1120 795 1275 848 citari
1302 795 1351 848 in
1383 795 1485 849 hac
1509 795 1950 862 interpretatione
1980 794 2409 863 explanationem
2432 793 2620 864 psalmi
2642 791 2802 853 sexti,
2831 803 2931 843 nec
2979 798 3152 839 tamen
3181 798 3299 837 eam
3333 797 3424 836 us-

198 900 363 955 quam
398 902 734 957 comparere,
768 889 819 942 id
853 888 1003 941 futile
1031 897 1114 941 est
1145 888 1365 943 omnino
1391 899 1441 942 et
1468 888 1645 942 inane.
1676 888 1768 941 Illa
1793 890 1936 943 enim
1965 891 2155 957 psalmi
2184 890 2441 944 tricesimi
2477 887 2689 957 septimi
2721 881 3112 951 interpretatio,
3137 878 3213 933 uti
3242 886 3427 931 osten-

189 982 403 1042 demus.
442 980 660 1036 Eusebii
710 982 847 1036 fetus
879 991 961 1035 est
983 1021 997 1044 ,
1029 997 1135 1037 non
1170 980 1378 1033 Basilii.
1407 980 1607 1034 Praeter
1641 980 1739 1034 bos
1770 995 1905 1049 quos
1942 981 2205 1037 habemus
2234 982 2501 1052 psalmos,
2535 978 2687 1035 citari
2728 985 2783 1029 et
2813 975 2949 1029 alios
2992 988 3020 1026 a
3054 969 3421 1038 Metaphrasta

187 1072 339 1127 haud
370 1074 678 1144 ignoramus
708 1092 720 1127 :
755 1075 849 1127 sed
883 1074 1260 1144 Metaphrastte
1288 1077 1340 1129 in
1370 1076 1563 1130 litteris
1594 1077 1891 1130 auctoritas
1914 1092 1974 1130 ea
2014 1094 2119 1132 non
2146 1088 2250 1145 est,
2285 1095 2445 1146 quam
2480 1093 2622 1131 (τίεεο
2658 1078 2857 1145 impetu
2896 1070 3048 1139 sequi
3078 1083 3352 1137 cogamur.

260 1166 730 1221 Circutnl‘eruntur
756 1166 969 1218 nomine
998 1164 1176 1219 Basilii
1208 1167 1388 1220 decem
1424 1174 1476 1219 et
1512 1174 1718 1233 septem
1753 1164 2030 1219 Orationes
2063 1167 2116 1219 in
2149 1165 2410 1223 Psalmos.
2451 1166 2555 1219 Sed
2596 1165 2706 1219 fere
2740 1161 2988 1218 convenit
3022 1160 3163 1213 inter
3205 1160 3423 1223 doctos,

188 1266 423 1320 alteram
466 1266 517 1318 in
548 1263 859 1317 vicesimum
905 1274 1153 1316 octavum
1192 1262 1455 1332 psalmum
1487 1262 1764 1315 homiliatn
1796 1262 1859 1314 ad
1885 1277 2006 1315 eum
2049 1262 2268 1317 minime
2313 1264 2584 1330 pertinere
2628 1280 2641 1316 :
2678 1261 2770 1316 sed
2816 1273 2948 1328 opus
2984 1270 3106 1310 esse
3138 1254 3381 1325 plagiarii
3407 1293 3423 1318 ,

189 1360 277 1413 vel
312 1358 490 1427 pctius
517 1354 743 1410 studiosi
792 1352 1117 1423 cujuspiatn,
1155 1354 1243 1421 qui
1275 1368 1331 1406 se
1371 1367 1625 1406 exercere
1653 1394 1667 1417 ,
1704 1360 1759 1406 et
1786 1350 2041 1405 Basiliam
2073 1352 2269 1407 imitari
2310 1352 2559 1408 voluerit.
2599 1353 2785 1409 Oratio
2813 1368 3025 1424 quoque
3055 1354 3105 1407 in
3136 1353 3422 1422 septimum

186 1461 243 1506 et
276 1451 607 1506 tricesimum
655 1448 921 1518 psalmum
952 1459 1198 1518 suSpecta
1237 1446 1451 1515 Quidem
1481 1446 1595 1500 visa
1637 1454 1721 1501 est
1744 1446 2109 1501 Combellsio:
2148 1447 2242 1501 sed
2302 1448 2469 1501 noluit
2524 1448 2814 1517 quidquam
2869 1458 3131 1509 statuere,
3162 1456 3252 1497 aut
3301 1459 3425 1513 pro-

188 1548 463 1602 nuntiare.
495 1545 759 1599 Potuisset
790 1553 990 1609 tamen,
1025 1559 1147 1597 cum
1180 1542 1354 1597 oratio
1386 1542 1494 1608 illa,
1531 1554 1587 1597 ut
1621 1542 1960 1605 monuimus,
1994 1550 2269 1595 auctorem
2302 1542 2492 1596 habeat
2532 1559 2634 1596 non
2670 1541 2925 1595 Basiliam
2952 1582 2967 1604 ,
2996 1540 3087 1593 sed
3117 1537 3423 1593 Eusebium.

187 1640 267 1693 De
303 1640 382 1691 his
408 1637 579 1692 fusius
600 1638 649 1690 in
675 1637 1015 1691 Prtel'atione.

259 1726 503 1794 Reliqua:
525 1728 829 1795 quindecim
863 1729 1136 1782 orationes
1167 1744 1263 1797 pro
1291 1729 1523 1798 genuino
1560 1727 1744 1781 Basilii
1780 1729 1886 1782 fetu
1926 1728 2194 1781 habentur
2220 1727 2287 1779 ab
2314 1726 2585 1780 omnibus.
2625 1725 2705 1780 Me
2744 1726 2959 1793 quidem
2997 1738 3319 1791 magnopere
3348 1730 3427 1775 tot

184 1819 523 1871 eruditorum
556 1818 792 1871 virorum
817 1831 1122 1873 commovet
1152 1822 1443 1872 auctoritas
1470 1837 1481 1871 :
1520 1819 1612 1871 sed
1639 1835 1703 1872 ne
1731 1819 1784 1872 in
1806 1832 1990 1872 eorum
2022 1817 2344 1869 sententiam
2374 1818 2689 1881 concedam,
2721 1816 3007 1885 prohibent
3043 1814 3228 1878 nmlta,
3256 1826 3428 1882 eaque

185 1910 537 1979 gravissima.
576 1910 680 1964 Res
708 1923 884 1965 autem
926 1912 1329 1980 inquisitionem
1373 1909 1664 1979 longiorem
1705 1912 2207 1981 diligentioremque
2251 1924 2370 1963 cum
2405 1909 2671 1977 postulet,
2722 1908 2772 1961 id
2803 1909 3136 1963 commodius
3169 1906 3337 1959 multo
3368 1906 3423 1959 in

194 2002 517 2070 prmfalione
544 2003 773 2071 generali
800 2004 1190 2069 praestabimus.
1222 2002 1403 2056 Dicam
1430 2004 1623 2066 obiter,
1658 2005 1955 2067 orationes,
1981 2020 2097 2073 qua?
2134 2018 2255 2055 vere
2281 2000 2459 2053 Basilii
2494 2009 2640 2064 sunt,
2666 2002 2731 2054 ad
2766 2001 3017 2069 p0pulum
3044 2000 3251 2053 habitas
3277 2013 3421 2051 esse:

184 2085 351 2162 inque
377 2102 641 2148 conventu
677 2092 888 2160 publico
917 2096 1315 2162 pronuntiatas,
1355 2108 1409 2151 et
1448 2112 1782 2167 quan-unque
1814 2099 1951 2151 hanc
1989 2106 2167 2150 notam
2206 2110 2312 2162 pra:
2345 2109 2400 2148 se
2433 2110 2534 2146 non
2570 2090 2689 2155 fert,
2720 2108 2836 2146 eam
2867 2096 2935 2145 ob
2965 2092 3014 2144 id
3048 2092 3214 2145 solum
3245 2103 3428 2158 suspe-

180 2199 330 2242 Ctam
360 2189 527 2240 videri
559 2186 770 2240 debere.

259 2278 477 2349 Legeuti
505 2280 631 2333 mihi
669 2280 717 2333 id
741 2295 896 2350 Opus,
938 2280 1077 2349 quod
1121 2280 1383 2334 edendum
1428 2284 1634 2333 curavit
1664 2281 1743 2334 vir
1779 2281 2120 2335 doctissimus
2162 2278 2437 2330 Balthasar
2478 2276 2799 2341 Corderius,
2863 2278 3099 2331 occurrit
3141 2276 3424 2333 difﬁcultas

182 2372 331 2428 haud
366 2373 579 2441 exigua.
613 2371 744 2426 Nam
772 2374 1062 2425 maximam
1100 2383 1304 2440 partem
1330 2387 1513 2426 eorum
1550 2388 1666 2442 quae
1690 2374 1741 2426 in
1766 2372 2180 2427 Conimentario
2211 2370 2475 2424 Theodori
2512 2367 2841 2422 Heracleottc
2864 2369 3136 2438 legebam,
3186 2375 3425 2439 comperi

183 2469 322 2522 nihil
346 2468 487 2521 aliud
519 2484 638 2523 esse
663 2513 675 2530 ,
718 2470 816 2522 nisi
850 2470 1017 2533 ipsam
1056 2468 1234 2521 Basilii
1272 2471 1326 2521 in
1364 2464 1603 2521 Psalmos
1650 2467 2082 2537 explanationem
2105 2508 2121 2533 ,
2154 2467 2313 2535 idque
2345 2466 2409 2518 ad
2452 2465 2693 2518 verbum.
2727 2460 2965 2518 Verebar
2991 2479 3091 2517 una
3131 2477 3193 2516 ex
3232 2474 3421 2532 parte,

186 2565 653 2618 Commentarium
691 2566 835 2619 illum
864 2565 1144 2620 Theodoro
1175 2567 1431 2623 adimere.
1464 2566 1532 2619 ob
1564 2577 1800 2619 veterum
1832 2565 2091 2620 librorum
2117 2566 2517 2629 auctoritatem,
2550 2567 2614 2619 ad
2642 2580 2869 2633 quorum
2897 2562 3055 2617 fidem
3083 2563 3183 2617 hoc
3211 2563 3258 2616 ei
3289 2578 3425 2633 Opus

186 2669 226 2711 ti
246 2660 450 2712 ibntum
487 2672 569 2714 est
597 2680 608 2714 :
645 2677 707 2714 cx
737 2662 926 2725 altera,
962 2672 1236 2715 oratorum
1267 2663 1528 2729 optimum
1556 2661 1811 2715 Basilium
1837 2661 1960 2714 furti
1989 2662 2251 2715 dedecore
2280 2670 2440 2724 atque
2468 2658 2684 2712 infamia
2716 2675 3001 2728 aspergere
3030 2675 3135 2713 non
3160 2669 3419 2727 poterant.

189 2752 299 2806 Sed
336 2770 441 2807 non
475 2756 559 2807 ditt
591 2772 880 2823 suspensus
913 2756 984 2808 fui
1014 2766 1065 2810 et
1106 2757 1361 2811 incertus.
1395 2756 1527 2809 Nam
1555 2758 1734 2810 statim
1762 2758 1955 2826 agnovi
1983 2757 2437 2811 Commentarium
2472 2772 2590 2809 eum
2622 2757 2710 2824 qui
2758 2757 2975 2809 nomine
3020 2755 3285 2809 Theodori
3317 2756 3423 2808 cir-

188 2846 513 2912 cumfertur,
539 2844 805 2901 Theodori
845 2850 1001 2902 unius
1029 2866 1162 2917 opus
1202 2866 1306 2903 non
1334 2867 1474 2913 esse,
1508 2853 1600 2904 sed
1630 2851 1941 2915 multorum,
1971 2850 2238 2920 Origenis,
2268 2850 2502 2913 Eusebii,
2538 2849 2720 2903 Basilii
2757 2850 2944 2919 ipsius,
2978 2849 3183 2918 Didymi
3210 2888 3223 2911 ,
3257 2845 3420 2900 Joan-

185 2936 272 2988 nis
301 2936 694 3006 CllstOSlOIIti,
730 2938 1076 3003 Theodoreti,
1111 2950 1215 2994 etc.
1244 2941 1360 2996 Uno
1386 2942 1568 3004 verbo,
1602 2943 1871 2995 constabit
1894 2957 1955 2995 ex
1982 2942 2295 3011 praefatione
2318 2984 2330 3005 ,
2367 2940 2826 2995 Commentarium
2854 2940 3113 2993 hactenus
3140 2937 3422 2991 Theodoro

187 3022 522 3080 lleraclcotzc
555 3029 868 3083 attributum
899 3031 947 3082 in
972 3030 1291 3084 Catenarum
1319 3047 1541 3084 numero
1569 3035 1750 3099 reperti
1780 3034 1971 3087 merito
2000 3049 2173 3102 posse.
2201 3035 2276 3087 Ex
2302 3051 2409 3105 quo
2444 3035 2521 3097 fit,
2560 3044 2616 3088 ut
2643 3032 2874 3088 Basilius
2904 3044 3083 3087 noster
3112 3032 3424 3104 longissime

184 3114 255 3167 ab
284 3118 428 3170 omni
456 3120 793 3186 expilationis
822 3122 1055 3188 furtique
1082 3121 1387 3188 suSpicione
1414 3121 1602 3175 abesse
1625 3123 1833 3178 debeat.

257 3205 376 3258 Jam
409 3208 453 3261 si
484 3210 747 3277 quispiam
780 3220 1003 3274 qtnerat,
1031 3225 1135 3277 quo
1161 3220 1419 3279 tempore,
1454 3226 1560 3280 quo
1588 3211 1704 3266 loco
1728 3213 1920 3267 habitae
1947 3215 2054 3267 sint
2082 3216 2181 3268 illa:
2214 3215 2394 3269 Basilii
2422 3219 2474 3268 in
2508 3215 2746 3269 Psatmos
2777 3230 3060 3280 orationes,
3094 3224 3420 3285 respondere

186 3309 494 3365 promptum
527 3314 631 3351 non
667 3300 789 3351 erit.
827 3300 920 3352 Vix
954 3300 1095 3354 enim
1128 3317 1187 3354 ea
1217 3301 1282 3355 de
1311 3318 1369 3357 re
1392 3304 1527 3357 certi
1559 3304 1851 3374 quidquam
1884 3306 2046 3359 statui
2092 3320 2248 3376 posse
2280 3308 2630 3362 arbitramur.
2658 3305 2921 3361 Malumus
2948 3317 3125 3360 autem
3160 3307 3226 3361 de
3260 3308 3423 3365 rebus

184 3390 372 3452 silere,
405 3404 561 3457 quam
592 3389 781 3444 falsum
819 3391 1019 3459 aliquid
1048 3406 1138 3447 aut
1168 3395 1431 3450 incertum
1466 3401 1836 3465 pronuntiare.

260 3483 433 3537 Nemo
470 3485 630 3554 paulo
663 3486 942 3542 humanior
971 3491 1164 3556 nescit,
1202 3491 1563 3556 Ambrosium,
1590 3508 1711 3545 cum
1738 3509 1863 3547 suos
1889 3494 1940 3545 in
1970 3492 2333 3547 Hexaemeron
2382 3494 2547 3548 libros
2577 3494 2871 3555 scriberet,
2915 3494 3176 3561 pernmlta
3207 3494 3274 3547 ad
3304 3508 3420 3547 ver-

185 3578 314 3631 bum
350 3593 378 3632 e
403 3578 601 3633 Basilio
626 3581 941 3648 sumpsisse.
976 3582 1081 3637 Sed
1114 3600 1216 3637 non
1242 3584 1314 3638 ita
1350 3594 1530 3639 uotum
1564 3597 1666 3648 est,
1699 3602 1818 3640 eum
1848 3586 1946 3639 hoc
1970 3586 2107 3639 idem
2138 3587 2346 3653 fecisse,
2381 3603 2501 3640 cum
2526 3585 2762 3654 psalmos
2798 3588 3058 3654 quasdam
3094 3590 3420 3658 iuterprelaa

188 3684 358 3725 retur.
391 3671 497 3724 Nec
530 3674 776 3742 cuiquam
807 3675 856 3727 id
890 3676 1079 3728 mirum
1116 3676 1280 3729 videri
1307 3676 1485 3741 debet,
1520 3693 1641 3732 cum
1672 3679 1985 3732 Ambrosius
2015 3679 2063 3731 in
2092 3678 2441 3747 explanandis
2474 3677 2700 3731 Psalmis
2724 3695 2829 3733 non
2865 3680 3030 3733 multa
3063 3681 3349 3733 admodum
3387 3698 3419 3737 a

187 3768 390 3820 Basilio
419 3778 691 3822 mutuatus
729 3771 815 3824 sit.
860 3772 1121 3835 Quoniam
1167 3782 1339 3825 tamen
1374 3789 1479 3827 non
1505 3775 1694 3827 desunt
1735 3775 1927 3842 quibus
1966 3776 2261 3841 jucundum
2310 3776 2380 3829 sit
2420 3786 2471 3829 et
2506 3786 2717 3841 gratum
2751 3786 3074 3838 cognoscere
3114 3773 3239 3837 quid
3276 3772 3415 3828 alius

186 3863 420 3928 scriptor
446 3861 511 3913 ab
542 3861 648 3914 alio
680 3864 986 3929 sumpserit,
1021 3862 1107 3916 illa
1143 3863 1411 3919 Ambrosii
1445 3864 1585 3927 loca,
1624 3867 2093 3934 quantulacunque
2123 3880 2267 3930 sunt,
2302 3884 2398 3922 suo
2431 3868 2547 3922 loco
2578 3868 2840 3920 adnotare
2869 3878 2975 3917 non
3010 3862 3231 3932 pigebit.

263 3950 459 4005 Videre
487 3952 642 4005 estin
677 3952 880 4005 Latinis
904 3955 1231 4009 editionibus
1267 3958 1507 4026 quaedam
1536 3962 1589 4011 in
1621 3956 1857 4012 l’salmos
1896 3961 2106 4013 Scholia
2126 4001 2140 4024 ,
2172 3978 2289 4029 quae
2327 3963 2519 4016 Basilio
2548 3961 2884 4023 tribuuntur;
2912 3958 3006 4012 sed
3030 3959 3095 4012 de
3118 3958 3185 4013 iis
3213 3958 3419 4029 lengius

188 4042 463 4098 disserere
493 4058 709 4097 necesse
736 4061 842 4099 non
872 4046 1099 4102 videtur.
1135 4046 1328 4103 Notum
1358 4061 1441 4104 est
1470 4050 1613 4104 enim
1650 4064 1711 4104 ea
1745 4050 2013 4111 epitomen
2045 4068 2165 4105 esse
2201 4070 2229 4105 ο
2256 4051 2622 4123 Chrysostomi
2656 4062 2711 4104 et
2740 4050 3061 4105 Theodoreti
3092 4051 3243 4105 libris
3275 4051 3418 4106 male

186 4138 643 4195 consarcinatam.
674 4140 803 4194 Cum
834 4159 962 4214 ergo
991 4160 1053 4199 ea
1088 4145 1303 4201 Scholia
1340 4148 1389 4199 in
1434 4148 1631 4216 spuriis
1658 4158 1819 4215 atque
1858 4148 2173 4204 adulterinis
2204 4150 2326 4218 poni
2354 4160 2601 4218 oportere
2635 4148 2905 4203 fateantur
2938 4162 3147 4210 omnes,
3174 4148 3224 4200 id
3254 4146 3419 4201 semel

184 4235 405 4282 notasse
428 4232 559 4284 satis
595 4232 933 4297 habebimus,
967 4252 1064 4290 nec
1106 4253 1327 4306 usquam
1366 4238 1593 4306 amplius
1623 4239 1687 4292 de
1711 4238 1777 4292 iis
1804 4240 2127 4296 mentionem
2168 4242 2329 4297 ullam
2360 4242 2633 4297 faciemus.
2670 4241 2799 4295 Nam
2842 4243 2895 4296 in
2938 4244 3097 4298 rebus
3120 4242 3420 4313 perspicuis

188 4328 431 4387 tempore
461 4323 782 4378 abutendum
819 4336 871 4381 et
896 4332 1225 4394 argumentis
1259 4346 1360 4382 non
1397 4341 1642 4399 putamus
1677 4328 1809 4401 (84).

466 4590 601 4645 ΤΟΥ
624 4594 711 4646 ΕΝ
728 4596 948 4650 ΑΓΙΟΙΣ
981 4599 1248 4652 ΠΑΤΡΟΣ
1286 4600 1481 4656 ΙΙΜΩΝ

1430 4602 1481 4656 1N
2236 4604 2483 4661 SANCTI
2517 4604 2766 4663 PATRIS
2803 4606 3049 4664 NOSTRI

660 4786 1263 4889 ΒΑΣΙΛΕΙΟΥ,

1227 4793 1263 4889 ’,
2434 4806 2846 4896 BASILll,

324 4992 775 5064 ’Δρχιεπισκόπου
823 4998 1157 5065 Καισαρείας
1196 4999 1606 5067 Καππαδοκίας,

1555 5020 1606 5067 ης,
2106 5009 2362 5067 Carsareae
2388 5012 2736 5083 Cappadocia:
2765 5012 3174 5081 archiepiscopi,

290 5158 537 5210 ΟΜΙΛΙΑ
572 5159 693 5210 ΕΙΣ
722 5161 853 5213 ΤΟΝ
879 5160 1166 5213 ΠΡΩΤΟΝ
1187 5164 1639 5232 ΨΑΛΜΟΝ(85).
1776 5178 1824 5235 Α

1626 5206 1639 5217 .
1776 5178 1824 5235 Α
2032 5168 2350 5223 ΙΙΟΜΙΙΛΑ
2394 5168 2481 5223 ΙΝ
2525 5168 2874 5225 ΡδΑιΜιω
2924 5169 3240 5228 PRIMUM.

251 5290 304 5343 1.
338 5291 493 5344 Πᾶσα
539 5289 725 5361 Γραφὴ
781 5290 1131 5355 Θεὸπνευστος
1184 5296 1276 5347 καὶ
1318 5293 1606 5365 ὠφέλιμος,
1661 5296 1747 5349 διὰ

1920 5300 2028 5371 90
2064 5303 2113 5355 1.
2154 5302 2341 5356 Omnis
2386 5302 2661 5373 Scriptura
2702 5314 2783 5358 est
2829 5305 3082 5359 divinitus
3116 5307 3372 5375 inSpirata

176 5380 341 5435 τοῦτο
374 5386 743 5452 συγγραφεῖσα
777 5383 927 5453 παρὰ
958 5384 1047 5436 τοῦ
1078 5384 1409 5454 Πνεύματος,
1446 5386 1531 5450 ἵν’,
1563 5387 1749 5458 ὥσπερ

1850 5398 2010 5457 atque
2042 5392 2183 5445 utilis
2214 5392 2280 5455 ’⁸,
2316 5392 2434 5444 idco
2462 5408 2491 5444 a
2524 5392 2725 5461 Spiritu
2762 5402 2948 5448 sancto
2976 5396 3279 5463 conscripta
3309 5439 3321 5457 .
3353 5416 3403 5453 ιιι

178 5474 238 5527 ἐν
266 5472 427 5542 κοινῷ
456 5474 565 5525 τῶν
606 5473 792 5544 ψυχῶν
862 5477 1098 5547 ἰατρείῳ,
1149 5477 1347 5543 πάντες
1380 5477 1651 5549 ἄνθρωποι
1687 5481 1746 5533 τὸ

1852 5482 1995 5535 velut
2029 5484 2081 5537 in
2130 5483 2401 5537 communi
2440 5483 2741 5537 animarum
2777 5484 3137 5537 curandarum
3172 5484 3383 5541 ofﬁcina

179 5568 323 5637 ταμα
348 5563 437 5618 τοῦ
468 5566 668 5619 οἰκείου
693 5564 892 5628 πάθους
915 5568 1141 5630 ἕκαστος
1164 5566 1532 5638 ὲκλεγώμεοα.
1571 5570 1746 5641 "lupa

1851 5586 1946 5624 nos
1997 5588 2183 5628 omnes
2239 5581 2499 5642 quotquot
2540 5588 2726 5627 sumus
2773 5573 3017 5629 homines
3052 5574 3119 5629 ad
3162 5586 3407 5631 nostrum

255 5683 301 5713 ”
325 5680 366 5734 ll
401 5680 540 5733 Tim.
580 5695 676 5744 Ill,
708 5680 791 5734 16.

253 5773 363 5917 ξὸὅ)
392 5775 602 5831 Tillem.
638 5791 756 5844 pag.
784 5776 906 5831 290.

278 5846 367 5917 ει)
393 5845 475 5903 Cf.
507 5860 627 5903 cao.
667 5847 725 5902 41
779 5846 905 5903 Vitta
936 5846 992 5902 S.
1032 5847 1218 5903 Basilii
1259 5860 1385 5905 totu.
1416 5850 1453 5904 Ι.
1503 5851 1659 5908 Evn.
1842 5850 1872 5917 ιζ

1859 5850 1868 5873 ν
1917 5783 2150 5862 (ΚΜ-δῖε
2189 5801 2315 5841 mss.
2345 5783 2412 5838 At
2440 5783 2567 5839 cditi
2603 5784 2680 5844 εἰς
2719 5784 2815 5851 τὴν
2860 5780 3031 5853 ἀρχὴν
3060 5780 3154 5835 τοῦ
3188 5797 3405 5855 apertae

1842 5868 2076 5917 ιταλμου.

278 5846 367 5917 ει)
393 5845 475 5903 Cf.
507 5860 627 5903 cao.
667 5847 725 5902 41
779 5846 905 5903 Vitta
936 5846 992 5902 S.
1032 5847 1218 5903 Basilii
1259 5860 1385 5905 totu.
1416 5850 1453 5904 Ι.
1503 5851 1659 5908 Evn.
1842 5850 2076 5924 ψαλμοῦ.
