4100 6312
671 320 770 375 2H

1973 324 2028 377 S.
2075 325 2313 378 BASILII
2353 325 2562 380 MAGNI

3799 321 3902 375 212

675 442 919 496 morbum
972 442 1264 496 sanandum
1329 444 1588 497 medelam
1661 446 1889 508 seligere
1947 447 2230 514 possimus.

2342 448 2463 514 γὰρ,
2497 448 2648 515 φησι,
2693 446 3058 499 καταπαύσει
3093 446 3372 513 ἁμαρτίας
3404 443 3691 514 μεγάλας.
3728 441 3902 494 ’Ἄελλα

678 533 939 586 Medicina
987 535 1160 596 enim,
1197 535 1372 603 inquit
1421 535 1698 605 Scriptura
1725 577 1739 598 ,
1775 537 1969 589 sedabit
2022 550 2230 602 peccata

673 641 862 694 magna
897 625 963 678 ³ο.
999 627 1155 679 Aliud
1197 626 1356 696 igitur
1393 628 1659 696 prophetae
1697 630 1918 685 docent,
1965 628 2103 680 aliud
2138 629 2218 679 hi-

673 716 884 778 storici,
917 717 1060 769 alittd
1093 716 1172 770 lex
1197 759 1212 779 ,
1249 719 1393 772 aliud
1419 720 1622 786 species
1649 719 1763 786 ejus
1787 736 1902 788 qua:
1936 722 1984 772 in
2017 721 2235 773 Prover-

675 806 780 859 biis
807 805 1073 860 invenitur
1099 809 1507 863 exhortationis.
1540 811 1607 862 At
1649 811 1904 879 quidquid
1936 811 1986 863 in
2023 812 2230 864 exteris

678 900 810 952 utile
841 909 917 953 est
942 938 957 962 ,
992 901 1080 953 hic
1125 917 1258 954 unus
1290 901 1622 956 Psalmorum
1665 902 1800 956 liber
1844 902 2232 970 ('Omplectilut'.

681 988 1015 1046 Vaticinatur
1043 992 1241 1057 futura,
1275 995 1482 1049 animos
1513 1005 1730 1049 revocat
1773 995 1836 1048 ad
1867 995 2101 1049 historiae
2127 1011 2236 1047 me-

680 1083 904 1138 moriam
929 1125 943 1148 ,
980 1087 1278 1152 pra-scribit
1311 1087 1432 1140 vitre
1469 1088 1808 1142 instituenda:
1837 1088 2048 1140 modum
2079 1105 2091 1140 :
2120 1101 2236 1151 qua-

678 1185 804 1228 eunt
836 1177 1038 1244 agenda
1087 1181 1344 1247 suggerit.
1376 1180 1442 1232 Et
1471 1197 1576 1235 uno
1601 1181 1787 1245 verbo,
1814 1182 1946 1235 liber
1977 1182 2061 1234 hie
2090 1196 2234 1234 com-

681 1279 843 1321 mune
870 1268 1134 1338 quoddam
1172 1281 1252 1323 est
1291 1274 1441 1324 bonae
1475 1274 1728 1326 doctrinae
1768 1274 2189 1341 promptuarium
2222 1289 2236 1324 :

680 1359 770 1426 qui
798 1359 1053 1429 quidquid
1093 1362 1310 1415 cuilibet
1345 1363 1680 1431 profuturum
1711 1366 1814 1429 sit,
1849 1365 2130 1432 diligenter
2154 1363 2238 1416 of-

678 1446 800 1500 fert.
828 1445 960 1500 Nam
1001 1450 1238 1517 antiquis
1271 1453 1572 1506 animarum
1603 1454 1914 1507 vulneribus
1947 1454 2184 1507 medetur
2222 1473 2233 1505 :

679 1545 979 1602 promptam
1022 1555 1186 1606 nuper
1218 1540 1489 1596 vulnerato
1527 1544 1814 1596 sanitatem
1849 1544 2020 1596 reddit
2058 1547 2238 1611 :quod

681 1639 878 1693 agrum
913 1639 994 1681 est
1023 1629 1160 1684 fovet
1183 1673 1196 1692 ,
1229 1635 1367 1700 quod
1416 1650 1541 1686 vero
1576 1634 1838 1686 incolume
1863 1644 1914 1685 et
1941 1634 2232 1703 integrum,

681 1731 983 1770 conservat.
1016 1721 1079 1772 Et
1103 1722 1314 1774 tandem
1348 1724 1432 1775 hic
1464 1725 1614 1786 liber,
1653 1729 1821 1791 quoad
1857 1725 1967 1792 t-jus
2000 1727 2110 1779 ﬁeri
2139 1740 2236 1795 po-

683 1816 789 1859 test
817 1848 829 1866 ,
863 1825 1054 1876 pravos
1089 1822 1298 1866 coercet
1331 1813 1569 1876 affectus,
1608 1818 1695 1883 qui
1730 1832 1822 1884 per
1851 1817 2120 1869 hominum
2161 1817 2236 1869 vi-

685 1907 789 1950 tam
830 1898 880 1951 in
913 1902 1119 1954 animos
1152 1904 1293 1956 varie
1329 1914 1673 1971 grassantur:
1705 1916 1863 1974 atque
1896 1907 1942 1958 id
1968 1922 2087 1959 cum
2113 1921 2240 1959 con-

681 1987 836 2039 cinna
879 1993 1104 2056 quadam
1149 1993 1411 2046 suavitate
1452 2005 1611 2062 atque
1661 1996 1933 2063 voluptate
1961 2036 1974 2057 ,
2007 2010 2124 2062 quaa
2154 1998 2242 2050 ho-

682 2090 863 2132 nestas
899 2081 1177 2145 ingenerat
1226 2084 1597 2150 cogitationes.
1641 2084 1848 2138 Etenim
1887 2086 1973 2137 ubi
2012 2086 2241 2154 Spiritus

685 2179 900 2222 Sam-tus
948 2187 1115 2239 genus
1154 2171 1428 2226 hominum
1475 2175 1742 2243 perSpcxit
1784 2175 1846 2227 ad
1893 2175 2238 2229 excolendam

682 2259 931 2312 virtutem
958 2263 1143 2316 adduci
1174 2266 1257 2316 vix
1296 2281 1471 2332 posse,
1504 2278 1554 2321 et
1577 2285 1602 2320 ξι
1644 2269 1796 2322 nobis
1831 2268 1898 2322 ob
1924 2278 2157 2321 nostram
2187 2269 2238 2321 in

691 2352 1016 2418 voluptatem
1065 2358 1474 2422 propensionem
1519 2359 1654 2412 viam
1702 2372 1905 2414 rectam
1934 2361 2236 2425 contemni,

687 2443 813 2509 quid
855 2444 998 2513 agit?
1027 2446 1299 2516 Dogtnalis
1345 2450 1636 2504 innuiscuit
1677 2453 1968 2506 harmoniae
2013 2454 2240 2506 dulcedi-

686 2546 834 2592 nem,
881 2543 937 2586 ut
976 2551 1154 2589 rerum
1190 2540 1489 2590 auditarum
1516 2539 1844 2604 iucunditate
1876 2558 1938 2593 ac
1965 2543 2240 2596 dulcedine

684 2622 1015 2692 cloquiorum
1070 2629 1350 2683 utilitatem
1419 2633 1719 2686 nescientes
1790 2635 2236 2704 perciperemus:

684 2714 826 2769 haud
853 2717 1009 2774 aliter
1052 2730 1212 2790 atque
1256 2722 1524 2790 sapientes
1562 2725 1789 2792 medici,
1821 2725 1912 2794 qui
1981 2741 2241 2781 nausean-

684 2810 827 2864 tihus
857 2811 1125 2878 potionem
1164 2816 1479 2871 amariorem
1523 2818 1730 2883 daturi,
1769 2820 1965 2886 sarpius
2013 2821 2237 2875 calicem

686 2902 844 2956 melle
877 2903 1302 2962 circumliniunt.
1334 2909 1456 2962 Ideo
1500 2911 1749 2963 concinni
1788 2912 1860 2963 illi
1911 2912 2236 2981 psalmorum

686 3002 984 3050 concentus
1032 2996 1319 3065 excogitati
1373 2998 1528 3051 nobis
1572 3010 1726 3062 sunt,
1758 3011 1815 3053 ut
1860 3002 1897 3055 ii
1950 3003 2038 3070 qui
2089 3004 2237 3071 pueri

2340 539 2434 605 μὲν
2463 537 2553 591 οὖν
2591 539 2860 606 προφῆται
2925 538 3250 598 παιδεύουσι,
3296 539 3386 589 καὶ
3429 538 3560 591 ἄλλα
3614 537 3900 604 ἱστορικοὶ,

2339 631 2430 680 καὶ
2462 633 2488 680 ὀ
2516 631 2673 698 νόμος
2707 631 2888 699 ἕτερα,
2920 630 3013 681 καὶ
3048 629 3179 681 ἄλλα
3206 631 3266 680 τὸ
3302 626 3437 691 εἶδος
3466 633 3562 698 τῆς
3608 645 3904 697 παροιμια-

2337 721 2438 786 κῆς
2464 720 2848 790 παραινέσεως.
2906 721 2966 771 Ἠ
3001 720 3055 772 δὲ
3087 719 3192 771 τῶν
3236 718 3475 788 Ψαλμῶν
3519 719 3697 788 βίϐλος
3737 719 3804 769 τὸ
3847 719 3902 768 ὲκ

2339 812 2554 863 πάντων
2605 811 2871 881 ὠφέλιμον
2914 811 3248 882 περιείληᾳε.
3295 810 3624 880 Προφητεύει
3673 809 3738 861 τά
3777 808 3901 877 μὲλ-

2336 903 2528 955 λοντα·
2568 903 2802 970 ἱστορίας
2837 904 3268 972 ὑπομιμνήσκει·
3319 899 3595 969 νομοθετεῖ
3639 898 3717 968 τῷ
3768 900 3901 968 βίῳ·

2339 993 2645 1046 ὑποτίθεται
2679 995 2746 1045 τὰ
2778 995 3021 1061 πρακτέα
3043 1010 3055 1022 °
3095 995 3189 1046 καὶ
3238 990 3570 1054 ἁπαξαπλῶς
3607 993 3786 1042 κοινὸν
3815 1009 3907 1043 τα-

2341 1085 2509 1154 μιεῖόν
2545 1087 2688 1137 ἐστιν
2712 1084 2928 1151 ἀγαθῶν
2951 1085 3288 1154 διδαγμάτων
3307 1123 3320 1144 ,
3344 1083 3401 1135 τὺ
3430 1083 3643 1150 ἑκάστῳ
3674 1082 3906 1150 σφο-

2341 1194 2429 1247 ρον
2475 1176 2614 1229 κατά
2664 1175 2760 1244 τὴν
2792 1175 3101 1244 ἐπιμέλειαν
3131 1175 3535 1246 ὲξευρίσκουσα.
3569 1174 3649 1225 Τά
3692 1189 3749 1223 τε
3800 1172 3906 1241 γὰρ

2343 1265 2542 1319 παλαιά
2577 1265 2858 1336 τραύματα
2908 1266 3014 1318 τῶν
3055 1267 3234 1338 ψυχῶν
3270 1268 3504 1331 ἐξιᾶται,
3553 1265 3646 1317 xui.
3681 1263 3758 1333 τῷ
3795 1280 3905 1314 νεο-

2340 1357 2527 1428 τρώτῳ
2553 1359 2771 1428 ταχεῖαν
2797 1358 2988 1425 ἐπάγει
3021 1357 3128 1424 (86)
3159 1357 3252 1426 τὴν
3279 1359 3648 1427 ἐπανόρθωσιν
3670 1398 3686 1420 ,
3720 1356 3817 1407 καὶ
3849 1357 3909 1406 τδ

2341 1449 2622 1517 νενοσηκὸς
2663 1452 3056 1518 περιποιεῖται,
3108 1449 3199 1500 καὶ
3244 1449 3302 1500 τὸ
3335 1450 3589 1520 ἀκέραιον
3621 1446 3903 1507 διασώζει·

2342 1540 2430 1590 καὶ
2462 1539 2593 1601 ὅλως
2624 1539 2828 1610 ἐξαιρεῖ
2853 1542 2920 1593 τὰ
2949 1540 3113 1609 πάθη,
3143 1539 3260 1591 καθ’
3289 1541 3407 1591 ὅσον
3439 1536 3549 1593 οἷόν
3588 1558 3670 1602 τε,
3702 1539 3771 1591 τὰ
3801 1557 3910 1590 ποι-

2341 1630 2504 1692 κίλως
2529 1634 2646 1692 ταῖς
2669 1632 2864 1701 ψυχαῖς
2894 1633 2949 1684 ὲν
2979 1632 3052 1702 τῷ
3089 1631 3185 1701 βίῳ
3220 1631 3324 1683 τῶν
3360 1632 3449 1683 ἀνθ
3463 1632 3656 1702 ρώπων
3690 1632 3904 1685 ἐνδυναο

2345 1722 2600 1773 στεύοντα
2630 1740 2639 1750 ·
2671 1724 2764 1774 καὶ
2795 1723 2949 1776 τοῦτο
2997 1722 3131 1793 μετά
3164 1739 3303 1783 τινος
3332 1723 3686 1792 ψυχαγωγίας
3734 1726 3906 1791 ἐμμε-

2341 1813 2464 1875 λοῦς
2520 1814 2610 1865 καὶ
2673 1814 2860 1884 ἡδονῆς
2925 1816 3172 1886 σώφρονα
3234 1813 3486 1881 λογισμὸν
3551 1812 3904 1881 ἐμποιούσης.

2354 1904 2568 1974 Ἐπειδὴ
2627 1903 2736 1973 γάρ
2786 1901 2887 1959 εἶδε
2938 1906 2996 1957 τδ
3046 1905 3264 1974 Πνεῦμα
3302 1903 3359 1955 τὸ
3402 1905 3549 1970 ἆγιον
3593 1902 3906 1968 δυσάγωγον

2341 1993 2474 2062 πρὸς
2495 1995 2694 2065 ἀρετὴν
2723 1992 2783 2044 τὸ
2810 1993 2961 2061 γένος
2988 1994 3089 2046 τῶν
3117 1995 3210 2046 ἀνθ
3221 1993 3434 2065 ρώπων,
3455 1993 3545 2045 καί
3575 1991 3663 2043 διὰ
3688 1992 3750 2042 τὸ
3774 1992 3906 2060 πρὸς

2341 2084 2528 2154 ἡδονὴν
2590 2085 2885 2156 ὲπιρρεπὲς
2939 2084 3028 2137 τοῦ
3079 2086 3237 2154 ὀρθοῧ
3301 2087 3412 2156 βίου
3468 2081 3906 2153 καταμελοῦντας

2341 2179 2518 2246 ἡμᾶς·
2581 2177 2631 2228 τί
2666 2179 2838 2242 ποιεῖ;
2874 2176 2946 2228 Τὸ
2997 2179 3058 2230 ὲκ
3095 2179 3191 2248 τῆς
3220 2178 3478 2248 μελῳδίας
3523 2175 3758 2246 τερπνὸν
3802 2177 3907 2234 τοῖς

2338 2266 2596 2336 δόγμασιν
2635 2266 3006 2337 ἐγκατέμιξεν,
3043 2266 3128 2318 ἵνα
3153 2265 3226 2335 τῷ
3259 2269 3511 2336 προσηνεί
3539 2267 3634 2319 καὶ
3662 2264 3791 2332 λείῳ
3813 2266 3906 2331 τῆς

2340 2358 2504 2427 ἀκοῆς
2534 2359 2592 2411 τὸ
2622 2361 2682 2411 ἐκ
2711 2359 2817 2411 τῶν
2852 2360 3022 2427 λόγων
3061 2358 3326 2427 ὠφέλιμον
3366 2357 3738 2419 λανθανόντως
3777 2356 3902 2406 ὑπο-

2338 2449 2612 2518 δεξώμεθα
2631 2466 2642 2476 °
2667 2449 2805 2502 κατά
2828 2451 2951 2513 τοὺς
2975 2451 3168 2518 σοφοὺς
3190 2449 3296 2500 τῶν
3320 2449 3530 2518 ἰατρῶν,
3554 2450 3624 2507 οἳ,
3648 2448 3759 2500 τῶν
3781 2462 3906 2517 φαρ-

2345 2541 2527 2606 μάκων
2552 2542 2619 2592 τὰ
2653 2543 3024 2610 αὐστηρότερα
3060 2542 3229 2593 πίνειν
3264 2541 3490 2602 διδόντες
3530 2544 3641 2600 τοῖς
3681 2538 3903 2590 κακοσί-

2340 2643 2472 2688 τοις,
2507 2627 2677 2696 μέλιτι
2725 2629 2978 2691 πολλάκις
3029 2630 3123 2699 τὴν
3167 2629 3359 2682 κύλικα
3400 2629 3763 2698 περιχρίουσι.
3814 2626 3904 2677 Διά

2339 2715 2495 2768 τοῦτο
2523 2715 2588 2768 τὰ
2629 2718 2920 2787 ἐναρμόνια
2961 2719 3129 2770 ταῦτα
3186 2720 3316 2787 μέλη
3351 2720 3457 2770 τῶν
3505 2717 3736 2787 ψαλμῶν
3783 2718 3904 2785 ἡμῖν

2339 2807 2696 2877 ἐπινενόηται,
2729 2807 2812 2859 ἵνα
2859 2808 2908 2858 οἱ
2957 2807 3065 2876 (87)
3116 2808 3298 2868 παῖδες
3333 2808 3426 2875 τὴν
3455 2809 3700 2876 ἠλικίαν,
3740 2809 3772 2876 ἦ
3819 2809 3904 2857 καὶ

2339 2897 2472 2960 ὅλως
2513 2902 2558 2950 οἱ
2587 2900 2766 2970 νεαροὶ
2795 2900 2851 2950 τὺ
2878 2895 3026 2969 ἦθος,
3049 2897 3125 2967 τῷ
3161 2898 3255 2967 μὲν
3289 2898 3459 2948 δοκεῖν
3497 2897 3808 2964 μελῳδῶσι,
3842 2900 3901 2964 τῇ

2338 2989 2394 3042 δὲ
2420 2989 2643 3059 ἀληθεία
2664 2990 2759 3052 τὰς
2789 2991 2963 3060 ψυχὰς
2989 2987 3429 3042 ἐκπαιδεύωνται.
3461 2985 3598 3041 Οὔτε
3639 2986 3750 3055 γὰρ
3776 2987 3902 3037 ἀπο-

684 3095 808 3138 διιηι
832 3093 1005 3150 :etate,
1036 3096 1127 3139 aut
1153 3088 1313 3141 etiam
1337 3090 1554 3141 omnino
1587 3088 1826 3143 moribus
1852 3095 2234 3158 suntjuvenes,

2343 3080 2582 3133 στολικὸν
2605 3098 2685 3143 τις
2715 3081 2834 3133 οὔτε
2864 3083 3193 3151 προφητικὸν
3234 3080 3597 3151 παράγγελμα
3628 3079 3736 3131 τῶν
3779 3079 3901 3130 πολ-

687 3175 812 3229 dum
844 3177 895 3230 in
918 3178 1149 3246 speciem
1191 3179 1404 3248 quidem
1430 3188 1679 3244 cantant,
1711 3182 1883 3249 reipsa
1917 3190 2089 3235 tamen
2122 3186 2233 3237 ani-

692 3283 808 3322 mas
837 3269 1087 3322 erudiant
1119 3284 1263 3324 suas.
1299 3269 1397 3323 Vix
1437 3272 1580 3324 enim
1619 3287 1848 3339 unquam
1884 3287 2018 3325 unus
2054 3274 2242 3341 aliquis

685 3376 714 3413 e
746 3360 923 3413 multis
959 3371 1013 3414 et
1060 3377 1125 3414 ex
1167 3361 1441 3416 desidibus
1489 3363 1764 3428 discessit,
1801 3364 1889 3432 qui
1923 3373 2242 3432 prreceptum

690 3454 1043 3521 apostolicum
1077 3465 1168 3507 aut
1196 3455 1562 3523 propheticum
1597 3458 1850 3510 memoria
1889 3457 2116 3511 retineat
2145 3473 2158 3509 :
2191 3466 2246 3510 at

688 3544 1015 3614 psalmorum
1040 3544 1252 3598 oracula
1280 3557 1331 3598 et
1363 3547 1503 3599 domi
1535 3547 1888 3610 modulantur,
1921 3558 1974 3602 et
1997 3548 2049 3602 in
2071 3547 2242 3602 forum

691 3637 1100 3692 circumferunt.
1131 3636 1195 3689 Et
1216 3637 1425 3689 etiamsi
1457 3637 1575 3703 quis
1610 3637 1660 3688 in
1695 3639 1818 3692 fera:
1855 3641 2068 3693 modum
2091 3639 2244 3694 valde

692 3738 906 3793 aestuet,
943 3728 1029 3782 ubi
1062 3727 1280 3797 psalmis
1311 3727 1599 3781 demulceri
1632 3731 1874 3796 cmperit,
1908 3733 2086 3785 statim
2112 3747 2240 3786 con-

686 3821 858 3888 50pita
885 3832 977 3886 per
1005 3819 1282 3872 melodiam
1307 3817 1466 3871 animi
1494 3816 1704 3870 feritate
1729 3818 1863 3872 abit.

757 3911 811 3965 2.
853 3909 1097 3965 Psalmus
1152 3907 1506 3977 tranquillitas
1570 3921 1651 3960 est
1701 3909 2037 3973 animarum,
2095 3913 2243 3980 pacis

690 4002 915 4064 arbiter,
985 4000 1334 4053 tumultuosas
1404 3999 1843 4069 turbulentasque
1895 4001 2244 4070 cogitationes

689 4093 1004 4162 compescit.
1058 4091 1124 4146 Ut
1153 4095 1394 4161 reprimit
1433 4094 1932 4148 excandescentiam
1977 4104 2029 4147 et
2080 4094 2240 4147 animi

689 4184 1127 4245 concitationem,
1187 4182 1258 4235 ita
1322 4184 1594 4236 lasciviam
1667 4183 1919 4240 refrenat.
1968 4183 2245 4238 Amicitias

691 4279 940 4333 conciliat
975 4276 1238 4345 psalmus:
1282 4277 1555 4331 consociat
1588 4276 1906 4329 dissidentes
1932 4315 1946 4340 ,
1980 4276 2119 4329 inter
2148 4277 2245 4328 ini-

694 4371 861 4424 micos
914 4370 1141 4439 gratiam
1204 4367 1496 4438 componit.
1527 4366 1657 4432 Quis
1712 4366 1850 4417 enim
1895 4367 2067 4420 adhuc
2122 4382 2242 4420 eum

2344 3170 2449 3222 λῶν
2504 3169 2599 3222 κα)¹
2652 3169 2906 3239 ῥᾳθύμων
2963 3171 3155 3239 ῥᾳδίως
3208 3171 3334 3224 ποτὲ
3388 3174 3450 3240 τῇ
3503 3172 3692 3242 μνήμῃ
3739 3186 3900 3222 κατα-

2345 3260 2483 3330 σχὼν
2530 3258 2638 3330 (88)
2701 3258 2938 3328 ἀπῆλθε*
2986 3259 3052 3310 τὰ
3095 3259 3151 3310 δὲ
3200 3261 3306 3311 τῶν
3343 3260 3566 3329 ψαλμῶν
3621 3260 3776 3327 λόγια
3815 3259 3900 3309 καὶ

2343 3355 2460 3403 κατ’
2495 3348 2639 3404 οἶκον
2674 3349 2986 3422 μελῳδοῦσι,
3042 3351 3135 3400 καὶ
3169 3351 3259 3400 ἐπὶ
3291 3351 3388 3418 τῆς
3429 3353 3631 3421 ἀγορᾶς
3681 3351 3898 3421 περιφέ-

2346 3458 2496 3510 ρουσι
2515 3460 2527 3472 ·
2566 3443 2657 3495 καί
2682 3442 2781 3494 πού
2813 3460 2894 3506 τις
2924 3441 3031 3493 τῶν
3067 3439 3269 3510 σφόδρα
3297 3438 3779 3508 ἐκτεθηριωμένων
3806 3439 3901 3490 ὑπὸ

2344 3532 2536 3602 θυμοῦ,
2572 3535 2784 3587 ἐπειδὰν
2829 3534 3056 3604 ἄρξηται
3111 3531 3188 3602 τῷ
3232 3529 3428 3601 ψαλμῷ
3484 3529 3899 3600 κατεπᾴδεσθαι,

2345 3624 2580 3696 ἀπῆλθεν
2633 3625 2814 3688 εὐθὺς,
2842 3627 2901 3677 τὸ
2933 3627 3180 3696 ἀγριαῐον
3225 3625 3322 3694 τῆς
3361 3625 3534 3694 ψυχῆς
3572 3626 3637 3693 τῇ
3677 3621 3902 3692 μελῳδίᾳ

2344 3715 2737 3785 κατακοιμίσας
2767 3715 2894 3785 (89).

2411 3903 2464 3954 Ξ.
2495 3899 2722 3970 Ψαλμὸς
2756 3895 2960 3968 γαλήνη
2993 3898 3206 3965 ψυχῶν,
3237 3899 3532 3968 βραϐευτὴς
3576 3900 3816 3970 εἰρήνης,
3846 3899 3899 3950 τὸ

2344 3995 2602 4064 θορυϐοῦν
2627 3995 2720 4046 καὶ
2767 3993 3024 4061 κυμαῖνον
3059 3991 3162 4042 τῶν
3202 3990 3470 4059 λογισμῶν
3510 3993 3898 4045 καταστέλλων.

2343 4085 2623 4138 Μαλάσσει
2661 4083 2758 4152 μὲν
2804 4081 2911 4151 γάρ
2938 4079 3036 4149 τῆς
3061 4079 3235 4148 ψυχῆς
3277 4080 3335 4130 τὸ
3365 4080 3703 4150 θυμούμενον
3722 4124 3735 4145 ,
3767 4084 3822 4134 τὸ
3849 4082 3898 4133 δὲ

2343 4176 2635 4229 ἀκόλαστον
2677 4173 3012 4244 σωφρονίζει.
3056 4171 3284 4241 Ψαλμὸς
3339 4171 3518 4239 φιλίας
3577 4175 3895 4238 συναγωγὺς,

2344 4269 2532 4330 ἓνωσις
2571 4267 2890 4332 διεστώτων,
2927 4265 3313 4336 ὲχθραινόντων
3356 4262 3782 4333 διαλλακτήριον.
3813 4264 3897 4325 Τίς

2345 4360 2454 4428 γάρ
2481 4358 2558 4410 ἔτι
2584 4357 2773 4428 ἐχθρὸν
2796 4355 3042 4426 ἡγεῖσθαι
3075 4354 3293 4407 δύναται
3331 4353 3446 4422 μεθ’
3477 4347 3535 4405 οὗ
3570 4353 3698 4423 μίαν
3728 4352 3893 4420 ἀςξῆκε

693 4476 921 4531 quocum
959 4475 1117 4512 unam
1151 4459 1217 4513 ad
1254 4459 1417 4512 Deum
1453 4474 1634 4512 vocem
1666 4458 1866 4518 emisit,
1893 4457 2007 4511 loco
2045 4457 2238 4513 inimici

2352 4450 2483 4520 πρὸς
2509 4450 2635 4502 ςιιιεὺν
2668 4448 2763 4519 τὴν
2805 4453 3023 4519 φωνήν;
3075 4449 3232 4499 Ὥστε
3267 4448 3358 4498 καὶ
3403 4448 3462 4499 τὸ
3515 4448 3772 4516 μέγιστον
3802 4446 3895 4497 τῶν

691 4557 892 4610 habere
921 4552 1121 4621 possit?
1149 4551 1330 4618 Itaque
1360 4562 1413 4605 et
1454 4552 1712 4605 bonorum
1747 4549 2034 4602 maximum
2075 4550 2247 4603 chari-

695 4657 856 4701 tatem
898 4641 1149 4698 conciliat
1179 4639 1501 4708 psalmormn
1539 4651 1727 4694 cantus
1750 4681 1765 4707 ,
1807 4640 1896 4709 qui
1928 4652 2243 4694 concentum

697 4752 797 4793 ceu
823 4734 1085 4804 quoddam
1126 4732 1232 4802 91
1262 4731 1530 4784 vinculum
1565 4732 1630 4786 ad
1676 4732 2012 4785 concordiam
2063 4733 2246 4785 ineun-

690 4830 813 4884 dam
843 4827 1110 4882 adinvenit
1136 4865 1151 4889 ,
1198 4823 1557 4893 pOpuiumqtte
1596 4824 1662 4875 ad
1703 4822 1850 4876 chori
1899 4823 2055 4877 unius
2099 4838 2242 4894 sym-

689 4921 945 4992 phoniam
980 4918 1288 4988 congregat.
1348 4915 1624 4969 Daemones
1675 4915 1909 4982 psalmus
1945 4915 2113 4984 fugat,
2152 4932 2239 4969 ac-

694 5011 860 5067 cersit
927 5007 1235 5076 angelorum
1310 5004 1691 5072 patrocinium;
1755 5002 2024 5054 ministrat
2093 5016 2241 5055 arma

691 5109 881 5158 contra
909 5109 1201 5153 nocturnos
1248 5096 1494 5156 timores,
1541 5094 1851 5147 diurnorum
1904 5094 2136 5148 laborum
2164 5103 2245 5148 est

694 5189 951 5258 requies:
1004 5184 1286 5238 infantium
1340 5182 1619 5247 securitas,
1671 5193 2042 5236 ornamentum
2090 5182 2242 5252 juve-

753 5322 800 5356 ³⁶
814 5323 990 5378 Eccle.
1019 5338 1050 5376 ι
1068 5362 1083 5386 ,
1110 5323 1164 5375 4.

768 5456 880 5528 (86)
915 5458 1044 5522 Reg.
1088 5458 1351 5512 secundus
1379 5456 1886 5528 ἐπανάγει.νΙι›ἱι1ριιι
1930 5455 2243 5528 in_u}raquc

699 5523 936 5585 editione
972 5527 1131 5582 Basil.
1158 5541 1210 5579 et
1254 5527 1418 5578 Paris.
1473 5531 1539 5577 ita
1591 5527 1798 5591 legitur,
1845 5523 2236 5592 ἐπανόρθωσιν

698 5601 795 5655 καὶ
819 5597 878 5651 τὸ
899 5600 1178 5666 νενοσηκὸς
1201 5601 1577 5666 περιποιεῖται.
1622 5598 1722 5650 Sed
1751 5597 1858 5658 illa,
1892 5595 1984 5646 καὶ
2003 5593 2081 5652 τό,
2113 5608 2242 5653 etc.,

706 5670 761 5725 in
790 5669 988 5740 nostris
1015 5684 1146 5740 mss.
1171 5685 1273 5719 non
1323 5670 1674 5740 reperiuntur.
1707 5666 1930 5740 Unde_si
1972 5666 2053 5740 cui
2103 5666 2248 5715 vide-

708 5747 895 5796 rentur
924 5737 1282 5796 additamenta
1312 5753 1429 5793 esse
1476 5737 1835 5798 librariorum,
1871 5737 1920 5787 in
1970 5737 2082 5799 ejus
2123 5750 2246 5786 sen-

2354 4539 2568 4607 ἀγαθῶν
2613 4541 2711 4610 τὴν
2744 4540 2960 4609 ἀγάπην
2993 4541 3026 4608 ὴ
3056 4537 3345 4607 ψαλμῳδία
3391 4539 3706 4608 παρέχεται,
3751 4539 3895 4590 οἷονεί

2353 4631 2641 4701 σύνδεσμόν
2688 4648 2805 4682 τινα
2833 4630 2967 4701 πρὸς
3006 4630 3100 4700 τὴν
3134 4631 3321 4681 ἕνωσιν
3358 4631 3454 4699 τὴν
3491 4630 3750 4698 συνῳδίαν
3788 4632 3890 4679 cru.-

2350 4725 2604 4792 νοήσασα,
2665 4723 2758 4775 καὶ
2810 4723 2889 4784 εἰς
2936 4721 3050 4785 ἐνὸς
3083 4721 3242 4793 χοροῦ
3292 4722 3604 4790 συμᾳωνίαν
3653 4720 3744 4772 τὸν
3783 4719 3892 4771 λαὸν

2353 4812 2780 4882 αυναρμόζουσα.
2828 4813 3055 4883 Ψαλμὸς
3115 4813 3377 4883 δαιμόνων
3447 4812 3889 4882 φυγαδευτήριον,

2345 4904 2442 4973 τῆς
2471 4904 2577 4955 τῶν
2608 4903 2850 4971 ἀγγέλων
2874 4905 3119 4974 βοηθείας
3142 4907 3429 4972 ἐπαγωγή-
3453 4903 3614 4956 ὅπλον
3641 4907 3698 4956 ἐν
3729 4907 3890 4974 φόϐοις

2350 4998 2699 5065 νυκτερινοῖς,
2747 4995 3048 5059 ἀνάπαυσις
3102 4997 3281 5048 κόπων
3330 4998 3636 5066 ἡμερινὼν·
3697 4997 3890 5066 νηπίοις

2349 5090 2610 5158 ἀσφάλεια
2633 5131 2648 5155 ,
2675 5091 3008 5159 ἀκμάζουσιν
3036 5089 3456 5160 ὲγκαλλώπισμα
3474 5132 3490 5155 ,
3518 5108 3617 5158 πρε
3629 5091 3888 5160 σϐυτὲροις

2351 5182 2683 5253 παρηγορία,
2718 5184 2926 5250 γυναιξὶ
2949 5183 3146 5253 κόσμος
3175 5182 3591 5251 ἀρμοδιώτατος.
3641 5182 3749 5244 Τὰς
3779 5185 3888 5253 ἐρη-

2353 5453 2568 5505 tentiam
2597 5449 2750 5502 facile
2777 5447 3144 5500 concederem.

2423 5522 2533 5588 (87)
2563 5519 2784 5570 Codices
2817 5519 2919 5568 duo
2945 5515 3018 5577 ὡς
3045 5517 3116 5588 οἱ.

2424 5583 2531 5657 (88)
2571 5589 2764 5643 Unuse
2793 5587 3114 5638 Colberttnis
3164 5583 3620 5657 παρακατασχὼν.

2425 5663 2534 5729 (89)
2572 5658 2746 5715 Codex
2780 5674 2911 5710 unus
2937 5656 3351 5724 κατακοιμήσας.
