4100 6312
121 332 250 392 213

1352 330 1634 385 HOMILIA
1671 328 1737 382 IN
1778 329 2106 391 PSALMUH
2138 337 2180 391 l.

3260 331 3366 382 214

127 450 278 519 μίας
325 450 538 513 οἰκίζει,
602 445 698 508 τάς
753 444 955 516 ἀγοράς
1015 443 1372 515 σωφρονίζειο
1431 445 1712 518 εἰσαγομέ-

1818 466 1966 519 num,
1998 466 2185 508 senum
2214 451 2508 507 consolatio
2530 489 2543 514 ,
2575 447 3138 507 convenientissimum
3173 445 3367 499 mulie-

126 559 256 606 νοις
279 542 388 613 (90)
411 540 759 609 στοιχείωσις,
785 538 1194 607 προκοπτόντων
1216 539 1458 609 αὔξησις,
1484 540 1710 593 τελειου-

131 635 325 703 μὲνων
349 634 638 699 στήριγμα,
656 627 975 700 Ἐκκλησίας
1004 630 1171 697 φωνή.
1204 625 1370 694 Οὗτος
1399 629 1494 691 τὰς
1525 630 1712 701 ἑορτάς

129 722 426 792 φαιδρύνει
450 761 465 784 ,
493 717 644 784 οὗτος
678 720 774 791 τὴν
818 722 957 774 κατὰ
994 720 1124 772 Θεὸν
1165 721 1336 792 λύπην
1375 721 1708 792 δημιουργεῖ.

127 814 374 882 Ψαλμὸς
403 813 509 885 γὰρ
542 814 634 866 καὶ
658 817 721 867 ἐκ
743 813 947 884 λιθίνης
980 813 1086 882 (9f)
1117 815 1340 885 καρδίας
1370 813 1599 884 δάκρυον
1625 816 1713 868 ὲκ-

137 905 423 958 καὶεῖται·
456 906 673 976 ψαλμὸς
710 909 768 960 τὺ
810 907 919 960 τῶν
964 905 1206 973 ἀγγέλων
1238 908 1416 979 ἔργον,
1460 905 1519 958 τὸ
1547 907 1712 978 οὐρά-

130 1014 259 1050 νεον
293 996 625 1068 πολίτευμα,
659 1000 719 1051 τὸ
769 998 1131 1066 πνευματικὸν
1179 999 1446 1070 θυμίαμα.
1509 999 1570 1050 Ὢ
1617 999 1714 1069 τῆς

134 1089 322 1158 σοιρῆς
351 1090 588 1154 ἐπινοίας
619 1091 712 1144 τοῦ
746 1087 1082 1153 διδασκάλου,
1117 1091 1248 1160 ὁμοῦ
1279 1106 1338 1142 τε
1387 1088 1531 1158 ᾅδειν
1567 1092 1712 1160 ἡμᾶς

134 1181 245 1234 καὶ
292 1182 359 1236 τά
385 1183 631 1252 λυσιτελῆ
676 1181 962 1250 μανθάνειν
995 1181 1416 1253 μηχανωμένουί
1463 1181 1581 1234 ὅθεν
1622 1184 1712 1236 καὶ

139 1272 351 1342 μᾶλλόν
377 1292 488 1335 πως
510 1270 825 1325 ἐντυποῦται
844 1270 1080 1342 (92)ταῖς
1103 1273 1296 1342 ψυχαῖς
1308 1270 1374 1324 τὰ
1390 1271 1707 1342 διδάγματα.

135 1364 334 1416 Βίαιον
380 1365 475 1433 μὲν
535 1363 640 1432 γὰρ
690 1363 916 1436 μάθημα
965 1366 1024 1418 ού
1082 1365 1289 1432 πέφυκε
1354 1367 1708 1437 παραμένειν,

136 1458 214 1509 τὰ
243 1457 303 1508 δὲ
333 1457 466 1526 μετὰ
496 1456 736 1530 τέρψεως
766 1460 855 1511 καὶ
898 1461 1115 1530 χάριτος
1145 1457 1457 1527 εἰσδυόμενα
1490 1459 1596 1526 (95)
1627 1475 1714 1527 μο-

135 1546 449 1619 νιμώτερόν
488 1565 603 1612 πως
639 1553 757 1612 ταῖς
789 1549 984 1618 ψυχαῖς
1029 1547 1185 1617 ὴμῶν
1229 1548 1478 1612 ὲνιζάνει.
1516 1549 1576 1599 Τί
1609 1549 1714 1619 γάρ

134 1640 244 1692 οὐκ
294 1637 356 1691 ἂν
409 1639 597 1708 μάθοις
662 1639 933 1702 ὲντεῦθεν;
991 1638 1050 1690 ού
1103 1639 1201 1708 τῆς
1253 1639 1470 1708 ἀνδρίας
1515 1637 1574 1690 τὸ
1619 1655 1715 1707 με-

133 1729 518 1801 γαλοπρεπές;
570 1733 626 1782 ού
668 1731 766 1799 τῆς
826 1729 1165 1799 δικαιοσύνης
1229 1729 1288 1781 τὺ
1356 1729 1612 1799 άκριὸἐς;
1651 1731 1710 1782 οὐ

135 1822 502 1892 σωφροσύνης
549 1822 608 1872 τὸ
669 1821 892 1890 σεμνόνς
947 1822 1007 1874 ού
1048 1820 1108 1873 τὸ
1162 1821 1260 1890 τῆς
1303 1823 1608 1891 φρονήσεως
1625 1821 1711 1873 τέ·
1744 1791 1785 1847 Β

130 1909 324 1975 λειον;
358 1915 417 1964 ού
467 1914 748 1982 μετανοίας
791 1914 1015 1984 τρόπον;
1057 1915 1153 1984 οὐχ
1194 1915 1464 1984 ὑπομονῆς
1509 1916 1708 1985 μέτρα;

136 2005 246 2074 οὐχ
299 2005 326 2057 ὅ
354 2022 406 2056 τι
441 2005 505 2058 ἂν
536 2005 706 2069 εἴποις
731 2006 838 2074 (94)
869 2007 977 2059 τῶν
1022 2007 1275 2074 άγαθῶν;
1324 2006 1586 2059 Ἐνταῦθα
1635 2008 1710 2059 ἔνι

140 2094 401 2162 Θεολογία
431 2095 632 2160 τελεία,
667 2097 965 2166 πρόρρησις
1007 2095 1106 2162 τῆς
1149 2095 1238 2146 διά
1281 2095 1482 2164 σαρκὸς
1527 2095 1710 2164 ἐπιδη-

137 2188 282 2257 μίας
323 2186 577 2258 Χριστοῦ,
622 2187 813 2257 ἀπειλὴ
855 2187 1105 2258 κρίσεως,
1150 2185 1494 2249 ἀναστάσεως
1537 2184 1710 2247 ἐλπὶς,

137 2282 313 2351 φόϐος
345 2280 636 2343 κολάσεως,
669 2277 987 2346 ἐπαγγελίαι
1019 2277 1195 2348 δόξης,
1231 2277 1541 2350 μυστηρίων
1575 2277 1711 2330 ἁπο-

136 2371 442 2441 καλύψεις·
483 2370 677 2433 πάντα,
712 2369 897 2442 ὥσπερ
926 2370 982 2422 ὲν
1018 2368 1236 2440 μεγάλῳ
1268 2368 1374 2421 τινὶ
1422 2369 1512 2421 καὶ
1553 2367 1713 2437 κοινῷ

135 2463 398 2533 ταμιείῳ,
434 2467 498 2534 τῇ
539 2463 700 2534 βίϐλῳ
734 2462 839 2515 τῶν
875 2461 1116 2532 Ψαλμῶν
1146 2460 1587 2532 τεθησαύρισται,
1622 2461 1709 2531 ἢν,

139 2553 360 2608 πολλῶν
400 2554 565 2607 ὄντων
596 2554 839 2623 ὀργάνων
875 2554 1168 2625 μουσικῶν,
1217 2553 1354 2622 πρὸς
1386 2553 1446 2604 τὸ
1488 2552 1713 2620 λεγόμε-

135 2662 234 2699 νον
280 2644 571 2714 ψαλτήριον
612 2645 852 2714 ἥρμοσεν
900 2647 927 2696 ὁ
977 2648 1296 2715 προφήτης,
1341 2643 1442 2714 τὴν
1485 2645 1709 2706 ἄνωθεν,

137 2739 273 2807 ἐμοὶ
313 2736 488 2788 δοκεῖν
519 2735 649 2805 (95),
694 2734 989 2808 ἐνηχοῦσαν
1047 2734 1193 2807 αὐτῷ
1229 2734 1388 2806 χάριν
1429 2734 1581 2805 παρὰ
1619 2735 1710 2787 τοῦ

137 2827 462 2898 Πνεύματος
512 2827 939 2898 ἐνδεικνύμενος,
998 2827 1128 2880 διότι
1181 2827 1337 2881 τοῦτο
1392 2828 1551 2898 μόνον
1604 2827 1712 2880 τῶν

143 2919 425 2988 μουσικῶν
454 2919 696 2989 ὀργάνων
729 2919 822 2990 τὴν
855 2920 1033 2973 αἰτίαν
1065 2920 1172 2972 τῶν
1202 2920 1450 2988 φθόγγων
1494 2922 1558 2973 ἐκ
1604 2920 1710 2973 τῶν

140 3007 354 3060 άνισιθεν
385 3007 515 3076 ἔχει.
544 3009 621 3077 Τῇ
654 3008 854 3080 κιθάρᾳ
882 3011 979 3079 μὲν
1007 3011 1115 3080 γάρ
1146 3010 1238 3063 καὶ
1269 3013 1334 3080 τῇ
1361 3009 1499 3080 λύρᾳ
1532 3012 1710 3064 κάτω-

1812 558 1927 596 rum
1959 546 2140 609 decus,
2179 543 2485 611 frequentat
2508 541 2820 597 solitudines
2841 584 2854 610 ,
2891 541 3063 596 forum
3097 538 3364 591 emendat.

1815 631 2059 689 Psalmus
2105 634 2485 703 incipientibus
2532 632 2741 687 initium
2799 641 2915 698 est,
2980 633 3366 687 incrementum

1815 725 2240 795 proficientibus,
2281 726 2531 795 perfectis
2556 725 2994 805 firmamentum;
3032 739 3132 780 vox
3158 731 3240 776 est
3270 720 3371 773 Ec-

1813 818 1991 874 clesiae
2025 837 2038 872 :
2074 819 2304 873 laetificat
2351 818 2465 872 dies
2497 818 2660 873 festos
2691 833 2704 871 :
2750 829 2870 870 eam
2907 829 3028 884 quas
3077 814 3368 870 secundum

1813 908 1976 964 Deum
1998 919 2097 974 est,
2116 908 2385 965 tristitiam
2404 919 2570 962 creat.
2594 910 2886 963 Enimvero
2907 905 3144 975 psalmus
3165 921 3193 958 e
3208 906 3371 961 corde

1815 1002 2023 1071 lapideo
2045 1003 2152 1057 ciet
2183 1003 2467 1073 Iacrymas.
2499 1000 2738 1054 Psalmus
2765 998 3074 1070 angelorum
3104 1010 3237 1063 opus
3264 1006 3368 1058 est,

1817 1091 2055 1147 caelestis
2080 1092 2442 1155 conversatio,
2467 1090 2745 1160 spirituale
2769 1090 3082 1161 thymiama.
3099 1085 3144 1139 0
3159 1085 3374 1153 sapiens

1819 1185 2058 1255 magistri
2087 1186 2387 1250 inventum,
2418 1185 2506 1253 qui
2532 1193 2702 1237 artem
2727 1197 2831 1251 qua
2855 1182 3010 1236 simul
3034 1192 3371 1240 caneremus,

1812 1288 1864 1332 et
1910 1277 2056 1331 utilia
2094 1276 2448 1338 disceremus,
2501 1274 2858 1344 ext-agitavit;
2919 1275 3056 1327 unde
3107 1279 3160 1323 et
3206 1265 3375 1338 magis

1812 1369 2205 1440 quodammodo
2259 1368 2453 1422 animis
2505 1377 2765 1436 praecepta
2821 1366 3218 1433 imprimuntur.
3274 1359 3374 1416 Vix

1817 1463 1960 1514 enim
1994 1460 2190 1514 durare
2216 1456 2349 1511 solet
2372 1456 2513 1525 quod
2545 1455 2738 1508 invitus
2767 1453 3022 1508 didiceris
3054 1471 3068 1506 :
3111 1451 3253 1521 quod
3281 1465 3376 1504 au-

1818 1557 1920 1604 tem
1954 1551 2189 1620 jucunde
2217 1547 2558 1616 suaviterque
2591 1555 2870 1614 acceptum
2899 1552 2979 1597 est
3000 1583 3014 1606 ,
3059 1545 3297 1597 tenacius
3319 1542 3372 1594 in

1819 1643 2008 1696 animis
2063 1643 2261 1696 nostris
2313 1638 2527 1693 insidet.
2585 1636 2723 1702 Quid
2784 1638 2926 1689 enim
2997 1636 3120 1689 inde
3169 1636 3376 1688 discere

1822 1747 1925 1786 non
2018 1735 2218 1801 queas?
2291 1746 2468 1787 nonne
2551 1729 2884 1784 fortitudinis
2966 1725 3376 1780 claritudinem?

1817 1823 2224 1892 nonnejustitia:
2245 1825 2626 1893 integritatem,
2648 1823 2962 1893 gravitatem
2984 1818 3372 1887 temperantiee,

1812 1915 2109 1985 prudentiae
2133 1914 2511 1982 perfectionem
2534 1915 2557 1967 ?
2586 1927 2760 1968 nonne
2783 1910 3112 1981 patuitentize
3135 1909 3374 1971 modum,

1813 2017 1906 2062 aut
1965 2006 2234 2076 patientia:
2293 2006 2635 2058 mensuram?
2693 2019 2866 2058 nonne
2925 2003 3137 2056 tandem
3195 2000 3378 2055 omnia

1816 2113 2143 2167 quaecunque
2197 2095 2424 2166 proferri
2484 2104 2705 2163 possunt
2757 2094 2937 2148 bona?
2993 2092 3088 2146 Hic
3139 2091 3376 2161 perfecta

1813 2191 2096 2258 theologia,
2127 2191 2215 2245 hic
2245 2189 2308 2243 de
2340 2187 2539 2243 Christi
2573 2186 2625 2241 in
2666 2199 2884 2240 carnem
2927 2183 3159 2238 adventu
3188 2181 3377 2234 vatici-

1815 2281 1984 2346 nium,
2020 2282 2106 2334 hic
2143 2281 2486 2334 comminatio
2521 2279 2728 2350 judicii,
2774 2275 3186 2333 resurrectionis
3227 2288 3371 2344 spes,

1815 2373 1976 2426 timor
2012 2371 2282 2439 supplicii,
2325 2369 2504 2438 gloriae
2547 2370 2950 2438 promissiones,
2992 2367 3374 2438 mysteriorum

1814 2463 2102 2525 revelatio;
2146 2462 2323 2514 omnia
2369 2462 2419 2513 in
2454 2460 2783 2513 Psalmorum
2822 2460 2960 2513 libro
2990 2458 3132 2510 velut
3167 2459 3216 2510 in
3258 2472 3376 2509 ma-

1807 2555 1914 2625 gno
1940 2555 2169 2624 quodam
2196 2565 2247 2607 et
2276 2551 2546 2606 communi
2589 2551 2954 2620 promptuario
2992 2550 3373 2603 reconduntur.

1812 2647 1978 2712 Quem
2031 2647 2244 2713 librum,
2300 2645 2511 2699 tametsi
2567 2644 2777 2697 diversa
2842 2649 2967 2696 sunt
3025 2641 3376 2694 instrumenta

1814 2738 2046 2799 musica,
2106 2737 2170 2788 ad
2230 2737 2572 2803 psalterium,
2627 2735 2769 2805 quod
2827 2742 3047 2793 vocant,
3111 2731 3376 2799 Propheta

1813 2828 2031 2898 aptavit.
2082 2826 2288 2894 Quippe
2341 2827 2590 2894 gratiam,
2646 2836 2703 2879 ut
2751 2825 2877 2878 mihi
2935 2824 3168 2885 videtur,
3219 2823 3270 2876 in
3313 2835 3381 2876 eo

1813 2923 2044 2990 desuper
2088 2933 2116 2971 a
2171 2926 2356 2971 sancto
2397 2915 2599 2984 Spiritu
2651 2930 2903 2970 resonare
2951 2914 3204 2975 ostendit,
3257 2927 3380 2981 pro.

1811 3023 1994 3082 pterea
2046 3013 2186 3081 quod
2246 3011 2347 3063 hoc
2390 3007 2561 3062 solum
2615 3021 2677 3059 ex
2734 3005 2953 3058 musicis
3006 3000 3380 3058 instrumentis

142 3099 236 3152 θεν
269 3103 295 3151 ὁ
331 3099 530 3168 χαλκὸς
570 3100 767 3169 ὑπηχεῖ
802 3100 934 3172 πρὸς
967 3101 1026 3152 τὸ
1060 3100 1331 3171 πλῆκτρον
1352 3119 1364 3131 ·
1402 3101 1461 3156 τὸ
1505 3101 1708 3172 ψαλτή-

1815 3105 1938 3160 editi
1981 3105 2096 3159 soni
2138 3115 2353 3156 causam
2408 3103 2475 3152 ab
2521 3098 2711 3152 altiore
2748 3096 2866 3150 loco
2910 3095 3089 3149 habet.
3134 3093 3266 3148 Nam
3300 3095 3376 3148 ci-

143 3208 260 3264 ριον
307 3191 365 3244 δὲ
403 3190 559 3243 τοῦτο
596 3190 702 3244 τῶν
741 3191 1048 3262 ἁρμονικῶν
1086 3191 1307 3261 ῥυθμῶν
1348 3192 1550 3246 ἄνωθεν
1597 3193 1710 3263 ἔχει

142 3285 242 3349 τὰς
277 3285 529 3356 ἀφορμάς
551 3301 563 3314 ·
603 3285 686 3337 ἵνα
715 3286 806 3340 καί
840 3285 1000 3356 ἡμεῖς
1027 3283 1094 3337 τά
1121 3283 1231 3337 άνω
1263 3282 1443 3356 ζητεῖν
1478 3286 1712 3356 μελετῶ-

147 3394 270 3451 μεν,
309 3378 402 3429 καὶ
436 3377 508 3447 μὴ
540 3380 605 3445 τῇ
641 3377 796 3448 ἡδονῇ
829 3375 919 3430 τοῦ
955 3376 1144 3446 μέλους
1169 3377 1260 3429 ἐπὶ
1293 3377 1359 3430 τὰ
1384 3377 1482 3448 τῆς
1511 3378 1711 3449 σαρκὸς

144 3470 296 3539 πάθη
325 3469 780 3540 καταφερώμεθα.
823 3471 1054 3522 Κάκεῐνο
1080 3469 1135 3522 δὲ
1174 3465 1323 3542 οἶμαι
1369 3471 1456 3522 τὸν
1497 3490 1711 3544 προφη-

144 3562 297 3617 τικδν
325 3563 481 3630 λόγον
515 3562 720 3630 βαθέως
751 3564 877 3630 ἡμῖν
904 3562 994 3613 καὶ
1013 3561 1186 3630 σοφῶς
1206 3561 1294 3615 διά
1309 3563 1404 3632 τῆς
1425 3563 1516 3614 τοῦ
1544 3565 1710 3635 ὀργά-

145 3676 238 3712 νου
257 3655 604 3723 κατασκευῆς
643 3653 982 3722 ἐνδεδεῖχθαι,
1004 3654 1084 3705 ὅτι
1115 3655 1162 3705 οἱ
1198 3655 1454 3723 ἐμμελεῖς
1496 3658 1590 3708 καὶ
1619 3658 1710 3709 εύ-

148 3751 414 3822 άρμοστοι
432 3747 710 3817 τὰςψυχάς
733 3746 916 3818 ῥᾳδίαν
937 3745 1115 3817 ἔχουσι
1143 3745 1251 3815 (96)
1286 3746 1381 3817 τὴν
1410 3750 1487 3810 εἰς
1516 3748 1584 3800 τά
1604 3750 1712 3815 ἄνω

148 3841 634 3915 πορείαν.”Ιδωμεν
647 3840 701 3892 δὲ
718 3825 901 3892 λοιπὸν
919 3839 1009 3892 καὶ
1021 3839 1118 3908 τὴν
1136 3838 1307 3908 ἀρχὴν
1323 3839 1430 3892 τῶν
1445 3840 1710 3911 Ψαλμῶν.

1817 3198 1985 3251 ιῑιιιηε
2042 3210 2105 3249 ac
2144 3194 2271 3262 lyra:
2308 3207 2380 3246 tes
2418 3204 2482 3244 ex
2528 3189 2770 3244 inferiori
2819 3197 2974 3257 parte
3003 3187 3234 3240 sonitum
3269 3187 3380 3240 edit

1815 3289 1882 3342 ad
1939 3286 2228 3357 plectrum;
2284 3282 2594 3352 psalterium
2653 3295 2783 3333 vero
2833 3295 2860 3331 a
2914 3289 3064 3348 parte
3112 3279 3377 3348 superiori

1815 3378 2095 3434 concinnae
2138 3389 2248 3429 sua:
2287 3370 2668 3427 modulationis
2705 3369 2965 3438 originem
3002 3368 3141 3424 ducit
3176 3386 3190 3424 :
3233 3380 3290 3422 ut
3322 3376 3379 3423 et

1816 3487 1914 3527 nos
1960 3484 2077 3539 qua:
2119 3481 2329 3521 sursum
2366 3475 2489 3518 sunt
2532 3478 2770 3533 quaerere
2812 3462 3142 3520 studeamus,
3174 3469 3230 3514 et
3273 3474 3377 3512 non

1817 3572 2110 3622 concentus
2150 3559 2429 3615 dulcedine
2480 3559 2545 3611 ad
2586 3556 2762 3610 carnis
2801 3553 3090 3624 spurcitias
3137 3551 3373 3606 devolva-

1818 3673 1954 3711 mnr.
2010 3655 2148 3720 Quin
2215 3661 2268 3704 et
2321 3649 2629 3718 prephetica
2683 3647 2842 3698 verba
2894 3657 2988 3712 per
3038 3643 3377 3696 instrumenti

1820 3749 1975 3816 hujus
2005 3751 2336 3798 structuram
2372 3739 2478 3791 alta
2516 3736 2749 3805 quadam
2793 3746 2847 3789 et
2893 3733 3124 3802 sapienti
3169 3733 3381 3788 ratione

1820 3839 1973 3902 illud,
2006 3835 2217 3904 opinor,
2259 3831 2414 3885 nobis
2451 3827 2759 3894 ostendunt,
2793 3826 2959 3895 quod,
2997 3841 3222 3895 quorum
3264 3825 3380 3878 ani-

149 3955 269 3994 mus
309 3938 594 4007 aequabilis
633 3945 735 3999 est,
797 3936 1036 4003 beneque
1079 3935 1430 4003 compositus,
1494 3936 1560 3991 iis
1616 3939 1922 4008 expeditum
1970 3933 2072 3986 iter
2127 3929 2192 3982 ad
2245 3926 2523 3996 superiora
2581 3931 2780 3992 pateat.
2833 3921 3102 3976 Caeterum
3164 3919 3377 3973 initium

149 4029 490 4086 Psahnumm
535 4029 831 4082 videamus.

219 4122 272 4174 3.
307 4121 608 4188 Μακάριος
647 4121 820 4188 ἀνὴρ,
869 4122 936 4186 ὃς
963 4124 1071 4176 οὑκ
1107 4122 1395 4190 ἐπορεύθη
1429 4123 1498 4176 ἐν
1517 4121 1720 4192 βου.ὶῄ

1885 4122 1939 4177 5.
1989 4120 2147 4173 Vens.
2182 4117 2232 4170 l.
2271 4114 2468 4170 Beatus
2498 4111 2595 4175 uir,
2629 4110 2716 4180 qui
2761 4124 2863 4162 non
2902 4108 3029 4160 abiit
3073 4107 3127 4160 in
3161 4105 3376 4160 com-ilio

148 4212 405 4272 ἀσεϐῶν.
441 4212 723 4281 Οίκοδόμοι
755 4212 851 4281 μὲν
879 4208 972 4265 οὖν
1017 4213 1219 4283 μεγέθη
1267 4215 1712 4286 κατασκευασμὼ

1815 4216 2112 4284 impiorum.
2168 4210 2311 4264 Sane
2361 4205 2639 4260 architecti
2693 4217 2812 4256 cum
2860 4201 2911 4254 in
2959 4199 3122 4253 altum
3167 4199 3377 4268 erigunt

148 4322 256 4358 των
302 4305 384 4367 είς
423 4303 554 4373 ὕψος
599 4300 860 4372 αἴροντες.
891 4303 1284 4372 ἀναλογοῦντας
1311 4305 1388 4375 τῷ
1435 4305 1557 4376 ῦψει
1590 4308 1712 4370 τοὺς

1815 4305 2007 4360 molem
2057 4302 2427 4362 aedificiorum,
2478 4297 2819 4351 fundamenta
2864 4290 3132 4346 altitudini
3181 4304 3377 4345 conve-

149 4395 432 4465 θεμελίους
477 4395 897 4448 ὑποὸάλλονται·
928 4394 1019 4447 καὶ
1063 4397 1350 4466 ναυπηγοὶ,
1389 4401 1712 4470 μυριοφόρον

1816 4395 2013 4451 nieutia
2072 4394 2318 4462 iaciunt;
2382 4389 2615 4458 itemque
2678 4388 2892 4441 navium
2956 4385 3192 4438 artifices
3251 4399 3375 4437 cum

153 4489 569 4559 συμπηγνύντες
600 4487 819 4551 ὁλκάδα,
857 4487 1254 4558 συμϐαίνουσαν
1288 4487 1364 4558 τῷ
1410 4488 1562 4560 βάρει
1606 4490 1712 4542 τῶν

151 4581 449 4650 ἀγωγίμων
487 4581 581 4652 τὴν
613 4581 804 4650 τρόπιν
836 4581 1155 4651 πήγνυνται.
1187 4580 1296 4632 Καὶ
1326 4581 1382 4632 ὲν
1412 4583 1476 4651 τῇ
1506 4581 1714 4649 γενέσει

151 4672 256 4730 τῶν
285 4671 442 4735 ζώων
474 4673 506 4742 ἡ
536 4673 730 4742 καρδία
763 4671 947 4742 πρώτη
986 4671 1380 4742 καταϐληθεῖσα
1424 4671 1573 4743 παρὰ
1617 4674 1714 4742 τῆς

153 4761 388 4829 φύσεως,
421 4760 785 4828 ἀναλογοῦσαν
816 4759 894 4831 τῷ
941 4760 1179 4830 μέλλοντι
1223 4760 1568 4815 συνίστασθαι
1594 4760 1714 4832 ζώῳ

153 4854 246 4925 τὴν
288 4853 442 4925 παρὰ
491 4853 587 4923 τῆς
633 4853 842 4921 φύσεως
884 4851 1146 4921 λαμϐάνει
1197 4850 1523 4922 καταϐολὴν·
1579 4852 1712 4904 διότι

154 4946 482 5017 συμμέτρως
499 4947 617 5008 ταῖς
637 4944 863 5007 οἰκείαις
890 4944 1084 5014 ἀρχαῖς
1117 4945 1598 5014 περιυφαινομένου
1621 4946 1712 4999 τοῦ

155 5035 424 5107 σώματος,
459 5037 515 5088 αἱ
562 5036 703 5089 κατὰ
751 5035 819 5088 τὰ
869 5035 1071 5105 μεγέθη
1112 5035 1363 5106 διαφοραὶ
1407 5037 1512 5089 τῶν
1563 5037 1712 5102 ζώων

154 5127 560 5185 ἀποτελοῦνται.
595 5128 770 5198 Ὅπερ
802 5123 893 5181 οὖν
925 5127 1035 5195 (97)
1064 5126 1306 5197 θεμέλιος
1346 5130 1400 5180 ὲν
1434 5130 1581 5199 οἴκῳ,
1619 5131 1712 5181 καὶ

224 5304 509 5382 (90)_Editi
540 5315 595 5382 et
624 5305 857 5374 quinque
895 5319 1025 5359 mss.
1061 5302 1449 5372 εἰσαγομένοις.
1477 5303 1575 5358 Alii
1601 5306 1703 5358 duo

160 5375 280 5436 mss.
310 5375 696 5446 εἰσαγομένων.

223 5451 337 5582 (91)
367 5444 590 5529 codices
616 5445 719 5498 duo
746 5444 1108 5528 ἀπδλιθίνης.

244 5520 337 5582 92)
355 5518 455 5572 Aln
478 5531 607 5569 mss.
625 5531 741 5567 cum
756 5520 841 5569 ed.
863 5531 1108 5568 εντυπουιι

244 5520 337 5589 92)
355 5518 455 5572 Alii
478 5531 607 5589 mss.
625 5531 741 5567 cum
756 5520 841 5569 ed.
863 5516 1195 5568 ἐντυποῦται.
1215 5514 1315 5589 Alii
1337 5513 1704 5568 ὲντυποῦνται.

228 5585 341 5657 (93)
373 5589 461 5641 Sie
508 5586 677 5657 major
701 5601 824 5652 pars
877 5601 1002 5638 mss.
1047 5585 1260 5638 Atediti
1299 5597 1351 5639 et
1396 5601 1525 5638 mss.
1573 5600 1706 5636 non-

165 5662 283 5715 nulli
317 5659 376 5711 τὸ
407 5659 530 5711 δὲ...
565 5656 920 5725 εἰσδυόμενον.

231 5729 337 5796 (91)
377 5729 530 5781 Colit.
559 5745 692 5777 unus
721 5723 892 5794 εἷ’πῃς.
930 5725 1029 5777 Nec
1070 5731 1138 5780 ita
1192 5727 1354 5779 multo
1403 5735 1516 5792 [inst
1573 5723 1701 5791 Reg.

1819 4485 2184 4558 praegrandem
2220 4493 2274 4537 et
2303 4481 2606 4537 onerariam
2642 4493 2830 4533 navem
2861 4483 3203 4538 construunt,
3238 4475 3376 4527 cari-

1819 4593 1940 4632 nam
1970 4592 2090 4647 quze
2121 4574 2483 4631 vehendarum
2523 4571 2781 4626 mercium
2821 4568 2972 4622 oneri
3017 4582 3113 4634 par
3145 4567 3214 4624 sit
3244 4581 3376 4636 sup-

1817 4676 2038 4736 ponunt.
2101 4666 2237 4732 Quin
2283 4675 2337 4719 et
2389 4664 2438 4718 in
2489 4661 2842 4716 animantium
2899 4659 3243 4728 generatione
3280 4673 3375 4712 cor

1818 4758 1958 4828 quod
2015 4758 2243 4826 primum
2306 4754 2626 4809 naturaliter
2693 4752 2985 4814 formatur,
3047 4759 3369 4804 structuram

1818 4850 2032 4905 animali
2079 4849 2355 4920 figurando
2397 4849 2643 4901 idoneam
2679 4861 2707 4898 a
2751 4853 2936 4897 natura
2978 4843 3189 4910 accipit.
3231 4842 3375 4907 Qua-

1817 4951 2033 5011 propter
2055 4957 2176 4998 cum
2200 4955 2400 5011 corpus
2433 4939 2816 4994 convenienter
2841 4936 3073 5006 propriis
3098 4933 3375 5003 principiis

1816 5035 2163 5088 consdtutum
2196 5041 2300 5097 est,
2330 5041 2439 5085 tum
2478 5030 2787 5084 animalium
2827 5025 3135 5096 magnitudo
3163 5023 3371 5078 diversa

1813 5129 2059 5185 edicitur.
2089 5125 2205 5192 Quo
2230 5126 2391 5196 igitur
2419 5123 2577 5178 modo
2609 5122 2674 5176 ad
2703 5120 2920 5176 domum
2958 5132 3016 5173 se
3049 5116 3207 5172 habet
3247 5115 3369 5171 tunc

1812 5303 2077 5358 secundus
2108 5301 2462 5371 ἀποκάλυψις.

1883 5373 1992 5441 (95)
2025 5372 2164 5426 Editi
2186 5382 2240 5425 et
2271 5364 2400 5428 mss.
2425 5371 2626 5437 aliquot
2651 5367 2772 5437 ἐμοὶ
2796 5365 2988 5419 δοκεῖν.
3018 5364 3120 5418 Alii
3153 5365 3371 5433 quidam

1814 5457 1943 5496 mss.
1980 5443 2102 5511 ἐμοὶ
2128 5441 2290 5495 δοκεῖ.

1884 5512 1996 5581 (96)
2013 5506 2165 5564 Ἐιιίιὶ
2194 5527 2313 5565 cum
2348 5510 2518 5564 tribus
2565 5523 2694 5561 mss.
2725 5507 2802 5560 ὅτι
2837 5506 2956 5560 οἱ...

1816 5593 1924 5635 tres
1954 5595 2081 5634 mss.
2116 5582 2200 5632 ἵνα
2224 5583 2340 5634 οἱ...
2373 5581 2554 5648 ἔχωσι.

1833 5723 1840 5733 ⁸
1886 5650 1996 5719 (97)
2028 5651 2162 5738 ΕΞ(ὶίῑί
2213 5663 2263 5705 et
2321 5641 2550 5718 quatuor
2609 5664 2732 5701 mss.
2783 5649 2918 5714 ὅπερ
2977 5641 3088 5697 οῦν.
3127 5643 3228 5697 Alii
3266 5646 3368 5697 duo

1813 5740 1956 5774 (07πέ
1969 5738 1996 5794 ρ
2021 5738 2126 5774 ουν.

3010 5504 3211 5574 ἔχουσι.
3266 5504 3367 5557 Alii
