4100 6312
679 289 778 342 219

1972 295 2028 349 S.
2072 291 2312 348 BASlLll
2346 293 2561 347 MAGNI

3809 292 3912 347 29.0

679 406 846 458 niant.
881 404 1344 470 QUcmadmodum
1371 408 1603 478 igiturin
1623 408 1765 465 scala
1801 409 2004 478 primus
2027 413 2239 483 gradus,

2359 410 2606 480 ιλίμακος
2639 408 2825 481 πρώτη
2881 407 3207 477 άνάϐασιςή
3253 408 3348 478 τῆς
3393 406 3493 476 γῆς
3541 406 3912 478 ἀναχώρησις.

671 511 920 553 recessus
971 498 1038 551 ab
1074 497 1237 550 humo
1285 507 1368 552 est
1400 518 1412 552 :
1458 500 1531 553 ita
1583 499 1636 554 in
1672 501 1793 555 vita:
1825 501 2068 557 instituto
2098 502 2236 572 quod

675 588 967 642 secundum
1001 589 1164 642 Deum
1196 589 1287 654 sit,
1316 591 1591 659 proiectus
1645 593 1878 654 initium,
1913 592 2180 650 discessus
2208 607 2236 645 a

679 678 818 731 malo
840 688 945 732 est.
979 678 1208 733 Prorsus
1240 691 1418 736 autem
1452 681 1666 738 facilius
1691 694 1773 738 est
1803 685 2026 740 omnino
2057 684 2237 748 otiari,

677 781 834 834 qnam
854 767 1075 835 quodvis
1103 769 1454 837 opusfacere:
1479 771 1624 826 verbi
1645 774 1846 842 gratia:
1873 771 2241 837 Nonoccides;

679 874 781 910 non
826 860 1192 924 mcecltaberis;
1231 878 1330 914 non
1361 863 1617 928 furaberis
1642 866 1706 920 “.
1743 865 1938 919 Horum
1973 866 2244 936 quodlibet

680 963 882 1002 meram
933 952 1163 1004 actionis
1202 961 1254 1004 el
1291 961 1468 1007 motus
1513 954 1865 1021 privationem
1899 959 2147 1024 postulat.
2181 955 2245 1008 ll-

681 1039 769 1092 lud
800 1055 945 1104 vero,
967 1041 1162 1110 Diliges
1191 1045 1483 1111 proximum
1514 1056 1660 1100 tuum
1689 1049 1816 1100 sicut
1847 1048 2134 1114 teipsum”;
2160 1056 2239 1100 et:

691 1130 866 1188 Vende
895 1151 1010 1203 qua:
1031 1136 1210 1200 habes,
1244 1148 1290 1189 et
1320 1138 1384 1188 da
1411 1138 1804 1205 pauperibus";
1837 1148 1890 1191 et
1917 1157 1928 1192 :
1955 1140 2014 1194 Si
2047 1141 2162 1210 quis
2197 1147 2244 1190 te

683 1227 1026 1292 angariaverit
1065 1229 1205 1280 mille
1227 1244 1432 1295 passus,
1461 1234 1588 1286 vade
1615 1249 1730 1286 cum
1758 1229 1848 1283 illo
1875 1232 2059 1296 duo",
2088 1231 2241 1296 digna

683 1317 898 1370 athletis
942 1333 1102 1386 opera
1147 1329 1305 1384 sunt,
1354 1323 1548 1391 quibus
1601 1323 1876 1392 patrandis
1933 1323 2242 1392 animojatn

687 1407 806 1460 forti
848 1421 899 1463 et
933 1422 1148 1465 strenuo
1180 1428 1312 1482 Opus
1344 1425 1444 1469 est.
1476 1417 1656 1482 Quare
1707 1415 1850 1469 illius
1906 1417 2102 1470 mirare
2155 1431 2244 1470 sa-

687 1501 961 1566 pientiam,
994 1505 1082 1572 qui
1134 1521 1226 1574 per
1282 1523 1343 1560 ea
1384 1522 1502 1576 qua:
1536 1505 1778 1560 faciliora
1830 1517 1884 1560 et
1918 1508 2248 1577 expeditiora

687 1602 832 1653 sunt,
865 1595 929 1646 ad
959 1595 1339 1663 perfectionem
1388 1613 1481 1650 nos
1518 1597 1754 1651 deducit.
1791 1597 1914 1651 Tria
1951 1610 2128 1653 autem
2155 1614 2250 1653 no-

686 1693 769 1747 bis
807 1698 1082 1761 proposuit
1109 1698 1300 1751 merito
1331 1698 1589 1764 cavenda,
1624 1714 1691 1754 ne
1725 1697 1972 1754 videlicet
1999 1700 2249 1756 abeamus

687 1784 738 1837 iu
775 1789 996 1840 consilio
1022 1787 1328 1855 impiorum,
1357 1803 1423 1842 ne
1445 1798 1646 1844 stemus
1673 1791 1725 1843 in
1765 1791 1844 1844 via
1880 1802 2244 1859 peccatorum,
2284 1774 2324 1828 Β

687 1892 754 1929 ne
782 1878 830 1929 in
866 1879 1119 1932 cathedra
1156 1880 1476 1948 pestilentiae
1510 1884 1815 1938 sedeamus.
1857 1884 2056 1939 Rerum
2096 1895 2251 1940 natu-

689 1982 802 2019 ram
833 1978 1068 2032 secutus,
1086 1969 1358 2041 95verha
1385 1973 1485 2028 hoc
1505 1975 1692 2029 ordine
1715 1977 1993 2044 disposuit.
2015 1975 2248 2032 Primum

688 2063 828 2115 enim
858 2061 1250 2130 deliberamus;
1275 2065 1466 2120 deinde
1490 2066 1927 2121 deliberationem
1951 2067 2249 2137 ﬁrmamus;

691 2163 960 2220 postremo
992 2155 1149 2208 rebus
1190 2155 1501 2210 deliberatis
1532 2157 1854 2212 insistimus.
1880 2159 2019 2214 Ante
2067 2163 2249 2214 omnia

691 2245 855 2310 igitur
883 2246 1074 2300 mentis
1095 2257 1288 2300 nostra:
1306 2248 1565 2301 munditia
1592 2249 1912 2304 declaranda
1939 2266 2054 2306 erat
2074 2253 2250 2318 beata,

689 2336 941 2402 quoniam
1033 2339 1212 2393 cordis
1290 2340 1621 2407 propositum
1703 2343 1977 2398 actionum
2062 2359 2251 2413 corpo-

692 2440 906 2480 rearum
996 2429 1144 2482 radix
1238 2432 1469 2487 exsistit.
1546 2431 1885 2490 Adulterium
1976 2438 2119 2491 enim
2201 2436 2250 2487 in

688 2517 987 2588 voluptuosi
1057 2521 1232 2575 anima
1301 2523 1477 2592 primo
1555 2524 1833 2580 incensum
1891 2565 1907 2591 ,
1985 2527 2057 2578 ita
2135 2540 2254 2578 eam

691 2614 1092 2682 corruptionem
1160 2633 1277 2685 quae
1351 2633 1444 2686 per
1497 2633 1692 2686 corpus
1777 2619 1870 2681 fit,
1927 2619 2080 2686 parit.
2143 2616 2252 2671 Un-

693 2700 759 2753 de
815 2711 870 2755 et
919 2703 1176 2757 Dominus
1230 2706 1372 2757 intus
1421 2721 1540 2759 esse
1597 2707 1671 2758 ait
1731 2722 1848 2774 qua:
1909 2707 2258 2776 coinquinant

695 2790 966 2845 hominem
995 2793 1060 2847 ³³.
1106 2793 1365 2857 Quoniam
1428 2806 1604 2847 autem
1655 2796 1944 2850 admissum
2000 2797 2051 2851 in
2093 2798 2256 2852 Deum

695 2894 1007 2952 peccatum,
1060 2883 1307 2952 impietas
1347 2886 1562 2953 proprie
1608 2885 1826 2951 dicitur,
1865 2889 2004 2942 absit
2054 2898 2110 2942 ut
2162 2905 2261 2942 un-

698 2990 856 3045 quam
899 2976 963 3031 de
1013 2976 1121 3032 Deo
1166 2993 1262 3043 per
1305 2978 1728 3032 incredulitatem
1771 2981 2107 3035 dubitemus!
2147 2982 2259 3035 lloc

702 3083 934 3137 namque
969 3081 1050 3124 est
1098 3071 1287 3123 abiisse
1327 3073 1380 3123 in
1421 3071 1635 3122 consilio
1674 3072 1969 3138 impiorum,
2011 3075 2051 3125 si
2086 3074 2134 3125 in
2170 3084 2260 3127 tuo

699 3163 867 3215 corde
891 3162 1088 3214 dixeris
1115 3179 1127 3213 :
1154 3160 1286 3213 Num
1321 3162 1457 3214 Deus
1479 3170 1581 3226 est,
1610 3159 1698 3228 qui
1735 3162 1982 3216 universa
2020 3163 2260 3217 modere-

701 3259 792 3305 tur
818 3261 872 3304 et
899 3251 1195 3322 gubernet?
1222 3251 1356 3306 Num
1384 3253 1522 3307 Deus
1548 3255 1600 3307 in
1626 3253 1776 3308 caelis
1802 3262 1902 3317 est,
1929 3255 2018 3323 qui
2047 3254 2262 3324 dispen-

706 3351 790 3398 set
817 3343 1063 3414 singnla?
1087 3353 1239 3398 estne
1274 3343 1572 3413 judicium?
1599 3345 1734 3399 Num
1764 3345 2051 3416 unicuique
2073 3362 2263 3400 secun-

704 3436 831 3489 dum
865 3451 1026 3503 opera
1076 3452 1169 3489 sua
1217 3437 1559 3490 retribnenda
1595 3448 1676 3492 est
1714 3439 1959 3493 merces?
1992 3440 2098 3492 Cur
2127 3455 2257 3509 ergo

698 3524 826 3592 justi
869 3532 1044 3591 egent,
1094 3533 1405 3591 peccatores
1452 3542 1579 3579 vero
1635 3527 1913 3581 abundant
1954 3529 2180 3597 opibus?
2211 3530 2262 3583 hi

700 3629 864 3683 aegra,
899 3614 970 3666 illi
1014 3612 1167 3666 firma
1209 3626 1332 3666 sunt
1369 3613 1714 3668 valetudine?
1744 3616 1795 3668 hi
1829 3617 2153 3682 inhonorati,
2192 3619 2264 3672 illi

701 3713 826 3761 sunt
855 3707 1086 3759 maximo
1115 3706 1165 3758 in
1186 3706 1421 3759 honore?
1442 3704 1688 3773 Nunquid
1724 3705 1943 3760 fortuito
1981 3708 2150 3760 fertur
2177 3709 2265 3764 hic

703 3799 957 3862 mundus,
994 3808 1047 3853 et
1080 3797 1354 3854 temerarii
1389 3798 1604 3866 quidam
1650 3813 1808 3853 casus
1847 3799 2265 3870 uniuscujusque

704 3893 873 3947 vitam
905 3903 1103 3947 temere
1127 3892 1465 3961 partiuntur?
1497 3892 1620 3947 llaec
1641 3891 1686 3946 si
1708 3892 2053 3963 cogitaveris,
2083 3892 2264 3947 abiiSti

705 3984 759 4039 in
795 3986 1023 4039 consilio
1075 3986 1383 4055 impiorum.
1434 3987 1630 4041 Beatus
1669 3986 1855 4056 igitur,
1896 3987 1984 4055 qui
2037 3987 2102 4040 de
2156 3985 2265 4040 Deo

707 4074 844 4128 nihil
875 4076 1060 4128 habuit
1083 4077 1455 4144 dubitationis,
1483 4078 1573 4146 qui
1597 4078 1737 4132 circa
1761 4075 2045 4146 praesentia
2075 4075 2266 4145 pusillo

704 4187 810 4226 non
843 4181 923 4226 est
948 4173 1149 4231 animo,
1185 4173 1278 4227 sed
1309 4182 1587 4243 exslieetat
1633 4174 1847 4237 futura;
1880 4173 1964 4228 cui
1998 4173 2268 4228 incredula

705 4264 772 4318 de
801 4279 885 4328 eo,
905 4264 993 4331 qui
1029 4278 1126 4316 nos
1151 4265 1380 4326 creavit,
1409 4265 1644 4330 suspicio
1683 4279 1788 4317 non
1827 4263 2043 4318 insedit.
2073 4264 2268 4318 Beatus

706 4364 885 4409 autem
918 4367 972 4409 et
1009 4354 1116 4420 ille,
1139 4355 1226 4421 qui
1264 4357 1316 4407 in
1342 4355 1424 4407 via
1448 4365 1790 4423 peccatorum
1821 4369 1923 4408 non
1953 4355 2118 4408 stetit.
2147 4353 2264 4408 Vita

2339 500 2506 562 οὕτως
2526 501 2617 552 ἐπὶ
2641 500 2739 569 τῆς
2768 499 2906 552 κατὰ
2937 500 3066 552 Θεὸν
3093 497 3383 566 πολιτείας,
3411 496 3551 568 ἀρχὴ
3571 498 3681 566 (15)
3710 518 3917 571 προκο-

2340 592 2446 662 πῆς
2479 594 2507 644 6
2531 592 2806 662 χωρισμὸς
2833 591 2925 643 τοῦ
2957 589 3148 645 κακοῦ.
3175 590 3350 655 Ὀλως
3377 592 3433 644 δὲ
3459 591 3603 643 πᾶσα
3624 591 3799 660 ἀργία
3828 596 3919 649 καὶ

2340 686 2439 754 τῆς
2468 685 2733 757 τυχούσης
2760 684 3011 755 πράξεώς
3040 687 3186 737 ἐστιν
3210 683 3586 755 εὐμαρεστέρα
3605 697 3620 711 ⁸
3659 678 3803 748 οἷον,
3837 689 3915 738 Οὐ

2341 778 2784 845 φονεύσεις·οὺ
2818 779 3189 845 μοιχεύσεις-ο
3241 775 3312 827 οὐ
3371 777 3635 846 κλέψεις.
3695 775 3920 846 Ἀργίας

2342 868 2540 920 τούτων
2559 869 2782 921 ἕκαστον
2803 867 2897 919 καὶ
2915 869 3200 939 ἀκινησίας
3220 865 3408 920 δεῖται.
3440 866 3794 936 Ἀγαπήσεις
3811 869 3920 935 (Η)

2342 963 2447 1014 τὸν
2479 964 2745 1029 πλησίον
2777 976 2892 1016 σου
2919 960 2999 1026 ὡς
3027 961 3286 1015 σεαυτόν
3312 975 3325 988 ·
3352 959 3464 1024 καὶ,
3484 962 3783 1030 Haunch
3805 975 3920 1012 σου

2343 1055 2415 1107 τὰ
2443 1053 2808 1121 ὑπάρχοντα,
2857 1053 2954 1108 καὶ
3017 1052 3120 1118 δὸς
3170 1051 3422 1123 πτωχοῖς
3446 1068 3458 1081 ⁸
3494 1054 3607 1117 καὶ,
3657 1054 3798 1108 Ἐάν
3833 1051 3921 1118 τίς

2346 1162 2418 1198 σε
2447 1147 2810 1214 ἁγγαριεύσῃ
2839 1147 3040 1216 μίλιον
3079 1145 3165 1210 ἓν,
3193 1148 3379 1216 ὕπαγε
3415 1146 3539 1210 μετ’
3569 1149 3754 1201 αὑτοῦ
3792 1147 3920 1208 δύο,

2346 1235 2691 1307 ἐνεργήματὰ
2717 1237 2861 1290 ἐστιν
2891 1235 3146 1304 ἀθληταῖς
3175 1237 3468 1306 πρέποντα,
3496 1234 3590 1286 καὶ
3618 1236 3801 1306 ψυχῆς
3827 1237 3920 1308 ἥδη

2347 1328 2602 1398 νεανικῆς
2629 1326 2857 1396 δεόμενα
2895 1327 3029 1396 πρὸς
3054 1325 3406 1396 κατόρθωσιν.
3449 1326 3608 1378 Ὥστε
3642 1325 3922 1396 θαύμασον

2346 1421 2445 1492 τὴν
2476 1421 2665 1490 σοφίαν
2691 1419 2783 1472 τοῦ
2837 1423 2923 1476 διὰ
2955 1421 3062 1474 τῶν
3091 1420 3508 1490 εὖμαρεστέρων
3537 1418 3630 1471 καὶ
3659 1419 3918 1488 εὐληπτοο

2348 1511 2520 1581 τέρων
2532 1513 2811 1579 ἐνάγοντος
2826 1514 2972 1582 ἡμᾶς
2989 1511 3122 1584 πρὸς
3138 1510 3232 1581 τὴν
3244 1511 3360 1562 τελε
3371 1509 3685 1579 ίωσιν.Τρία
3709 1509 3766 1560 δὲ
3803 1528 3922 1580 πρε..

2351 1602 2538 1656 έὸαλεν
2558 1606 2684 1674 ἡμῖν
2702 1604 2768 1656 τὰ
2792 1603 3036 1674 φυλακῆς
3054 1604 3194 1670 ἄξια,
3222 1601 3294 1672 μὴ
3319 1603 3647 1672 πορευθῆναι
3675 1603 3730 1652 ὲν
3757 1601 3920 1672 βουλῇ

2351 1696 2581 1759 ἀσεϐῶν*
2616 1696 2686 1767 μὴ
2719 1698 2908 1766 στῆναι
2954 1699 3010 1748 ἐν
3039 1696 3141 1765 ὁδῷ
3169 1693 3522 1765 ἁμαρτωλῶν,
3564 1693 3638 1761 μὴ
3664 1692 3924 1760 καθεσθῆ-

2353 1805 2439 1842 ναι
2478 1789 2568 1841 ἐπὶ
2611 1785 2872 1857 καθέδρας
2909 1787 3018 1857 (15)
3052 1786 3272 1857 λοιμῶν.
3320 1786 3396 1854 Τῇ
3444 1784 3604 1852 φύσει
3643 1785 3752 1836 τῶν
3793 1803 3926 1855 πρα-

2353 1881 2576 1950 γμάτων
2599 1879 2880 1948 ἑπόμενος,
2925 1879 3022 1947 τὴν
3052 1878 3201 1943 τάξιν
3235 1876 3431 1945 ταύτην
3461 1877 3571 1937 τοῖς
3615 1877 3923 1947 εἰρημένοις

2355 1971 2637 2042 ἐπέθηκεν.
2673 1968 3040 2040 Βουλευόμεθα
3069 1969 3174 2041 γὰρ
3216 1969 3505 2040 πρότερον,
3541 1963 3660 2021 εἶτα
3692 1968 3922 2035 is":me

2355 2066 2412 2117 τὸ
2447 2065 2714 2136 βούλευμα
2737 2106 2750 2127 ,
2783 2061 2899 2117 εἶτα
2946 2065 3058 2126 τοῖς
3099 2062 3455 2132 βουλευθεῖσιν
3492 2061 3918 2132 ἐναπομένομεν.

2358 2156 2593 2227 Πρώτως
2624 2153 2714 2210 οὖν
2759 2154 3090 2225 μακαριστὸν
3124 2155 3183 2207 τὸ
3214 2157 3269 2207 ἐν
3313 2157 3376 2224 τῇ
3407 2153 3615 2224 διανοίᾳ
3646 2151 3804 2223 ἡμῶν
3834 2167 3923 2200 κα-

2357 2247 2540 2319 θαρὸν,
2571 2247 2754 2317 ἐπειδὴ
2789 2246 2911 2316 ῥίζα
2951 2246 3058 2299 τῶν
3097 2246 3183 2299 διὰ
3214 2247 3306 2298 τοῦ
3342 2244 3592 2316 σώματος
3635 2242 3922 2312 ἐνεργειῶν

2357 2341 2415 2392 τὸ
2440 2342 2496 2392 ἐν
2535 2339 2726 2408 καρδίᾳ
2759 2337 3046 2408 βούλευμα.
3093 2339 3154 2390 Ἢ
3186 2339 3292 2408 γάρ
3322 2337 3553 2407 μοιχεία,
3600 2339 3656 2389 ἐν
3681 2338 3746 2404 τῇ
3779 2334 3922 2404 ψυχῇ

2356 2431 2448 2484 τοῦ
2474 2431 2579 2502 (16)
2619 2429 2895 2499 φιληδόνου
2932 2430 3144 2500 πρῶτον
3189 2429 3602 2498 ἀναφλεχθεῖσα,
3644 2427 3786 2479 οὕτω
3829 2428 3923 2496 τὴν

2358 2521 2443 2574 διὰ
2483 2521 2575 2574 τοῦ
2612 2520 2858 2590 σώματος
2903 2520 3108 2588 φθορὰν
3148 2519 3536 2589 ἀπεργάζεται.
3573 2519 3739 2570 Ὅθεν
3775 2519 3868 2571 καὶ
3897 2522 3922 2570 6

2360 2613 2558 2682 Κύριός
2579 2629 2737 2680 φησιν
2758 2610 2964 2664 ἔνδοθεν
2986 2607 3204 2663 εἶναιτὰ
3222 2610 3498 2664 κοινοῦντα
3512 2612 3601 2662 τὸν
3620 2609 3918 2681 ἄνθρωπον.

2372 2704 2584 2776 Ἐπειδὴ
2609 2705 2664 2757 δὲ
2686 2704 2907 2758 ἁσέὅεια
2923 2703 3122 2775 κυρίως
3140 2703 3352 2772 λέγεται
3369 2705 3400 2774 ή
3423 2705 3502 2767 είς
3513 2703 3645 2756 Θεὸν
3661 2705 3922 2775 ἁμαρτία,

2367 2799 2440 2869 μὴ
2457 2797 2663 2866 γένοιτο
2678 2797 2931 2864 δέξασθαι
2947 2799 3093 2868 ἡμᾶς
3114 2797 3170 2861 ἐξ
3189 2797 3440 2861 ἀπιστίας
3457 2797 3584 2850 ποτὲ
3599 2797 3920 2868 ἀμφιϐολίαν

2368 2892 2493 2960 περὶ
2524 2890 2657 2943 Θεοῦ
2685 2892 2695 2941 !
2727 2890 2895 2942 Τοῦτο
2918 2891 3025 2960 γάρ
3048 2891 3161 2941 ἐστι
3180 2890 3239 2941 τὸ
3266 2888 3622 2956 πορευθῆναι
3643 2889 3712 2941 ἐν
3725 2884 3924 2952 βουλῇ

2365 2981 2616 3042 ἀσεϐῶν,
2656 2979 2750 3032 ἐὰν
2798 2983 2956 3052 εἴπῃς
3006 2981 3063 3030 ὲν
3114 2982 3179 3048 τῇ
3227 2981 3421 3052 καρδίᾳ
3453 2998 3578 3032 σου·
3621 2976 3771 3046 Ἀρα
3813 2977 3924 3028 ἔστι

2365 3072 2494 3134 Θεὸς
2525 3071 2799 3142 κυϐερνῶν
2831 3071 2900 3124 τὰ
2933 3072 3260 3142 σύμπαντα;
3291 3069 3400 3144 ἆρα
3432 3072 3544 3124 ἔστι
3573 3069 3706 3132 Θεὸς
3751 3072 3807 3120 ἐν
3848 3070 3925 3120 οῦ-

2365 3163 2527 3233 ρανῴ,
2541 3164 2834 3234 οἰκονομῶν
2850 3165 2917 3218 τὰ
2932 3165 3042 3235 (17)
3057 3166 3177 3219 καθ’
3191 3167 3414 3218 ἕκαστον
3431 3180 3444 3224 ;
3466 3158 3573 3232 ἆρα
3592 3161 3799 3232 κρίσις;
3823 3157 3925 3231 ἆρα

2363 3252 2715 3316 ἁνταπὸδοσις
2749 3254 2963 3326 ἑκάστῳ
2983 3255 3123 3308 κατὰ
3154 3255 3212 3307 τὸ
3234 3254 3389 3324 ἔργον
3413 3250 3575 3303 αὑτοῦ
3597 3268 3610 3315 ;
3641 3253 3740 3304 Διὰ
3765 3251 3816 3303 τί
3838 3248 3924 3303 οὖν

2367 3345 2566 3398 δίκαιοι
2602 3347 2872 3414 πένονται,
2921 3349 3012 3401 καὶ
3067 3344 3376 3415 ἁμαρτωλοί¹
3407 3341 3758 3407 πλουτοῦσιν;
3787 3338 3923 3397 οὗτοι

2365 3432 2920 3495 ἁσθενοῦσι,κάκεῖνοι
2951 3436 3211 3506 ἔρρωνται
3236 3448 3250 3494 ;
3287 3429 3428 3486 οὗτοι
3459 3433 3662 3503 άτιμοι,
3690 3434 3927 3486 κάκεῖνοι

2366 3524 2597 3590 ἔνδοξοι;
2632 3528 2855 3595 Μήποτε
2883 3524 3199 3594 αὐτομάτως
3223 3524 3251 3576 ὁ
3292 3526 3493 3595 κόσμος
3541 3525 3790 3596 φέρεται,
3833 3525 3922 3576 καὶ

2370 3617 2646 3685 συντυχίαι
2697 3617 2840 3678 τινὲς
2896 3615 3078 3684 ἄλογοι
3132 3614 3379 3679 ἀτάκτως
3426 3617 3639 3684 ἑκάστῳ
3690 3615 3926 3685 ἀποκλησ

2368 3707 2519 3778 ροῦσι
2565 3708 2672 3777 (18)
2717 3709 2842 3769 τοὺς
2878 3707 3053 3777 βίους;
3091 3708 3213 3760 Ἐὰν
3246 3706 3416 3760 ταῦτα
3459 3706 3770 3777 διανοηθῇς,
3805 3709 3923 3760 ἑπο-

2369 3797 2562 3868 ρεύθης
2592 3801 2648 3850 ὲν
2681 3796 2838 3868 βουλῇ
2864 3797 3094 3850 ἀσεϐῶν.
3127 3798 3409 3868 Μακάριος
3443 3793 3533 3849 οῦν
3566 3796 3624 3858 ὃς
3644 3798 3745 3850 οὐκ
3773 3798 3926 3851 ἔλαϐε

2367 3889 2493 3959 περὶ
2546 3888 2679 3941 Θεοῦ
2711 3889 3026 3959 δισταγμὸν,
3067 3890 3095 3940 6
3130 3889 3204 3960 μὴ
3238 3887 3653 3960 μικροψυχήσας
3687 3891 3821 3959 περὶ
3857 3890 3922 3944 τὰ

2366 3981 2625 4050 παρόντα,
2659 3980 2772 4034 ἀλλ’
2805 3981 3088 4052 ἀναμένων
3115 3980 3184 4033 τὰ
3215 3981 3672 4054 προσδοκώμενα·
3724 3983 3784 4046 ὃς
3831 3984 3922 4037 οὐκ

2367 4075 2490 4144 ἔσχε
2545 4076 2673 4144 περὶ
2720 4073 2812 4127 τοῦ
2861 4074 3143 4137 κτίσαντος
3174 4075 3320 4145 ἡμᾶς
3367 4075 3631 4146 ὑπόληψιν
3679 4075 3920 4128 ἄπιστον.

2366 4168 2650 4238 Μακάριος
2683 4166 2739 4218 δὲ
2776 4166 3046 4229 κάκεῖνος,
3101 4165 3160 4229 ὃς
3195 4168 3250 4219 ὲν
3303 4165 3405 4236 ὁδῷ
3449 4167 3788 4237 ἁμαρτωλῶν
3831 4167 3922 4218 οὐκ

2369 4258 2518 4329 ἔστη.
2568 4258 2713 4320 Ὀδὸς
2739 4259 2836 4328 μὲν
2867 4253 2959 4310 οὖν
2991 4261 3018 4310 6
3051 4257 3163 4326 βίος
3210 4257 3422 4328 εἴρηται
3455 4258 3540 4309 διὰ
3569 4259 3669 4327 τὴν
3705 4259 3840 4327 πρὸς
3870 4257 3920 4308 τὺ

2367 4350 2517 4413 τέλος
2539 4350 2764 4402 ἑκάστου
2794 4348 2898 4401 τῶν
2937 4348 3300 4417 γεννηθέντων
3320 4346 3544 4411 ἔπειξίν.
3579 4349 3794 4419 Ὠσπερ
3822 4348 3921 4418 γὰρ

705 4448 893 4517 utique
939 4447 1131 4501 dicitur
1170 4447 1277 4512 via,
1310 4446 1451 4515 quod
1490 4445 1716 4515 quilibet
1753 4445 1804 4496 in
1840 4445 2000 4497 vitam
2054 4444 2256 4509 ingres-

2367 4442 2415 4493 οἱ
2461 4443 2516 4492 ὲν
2560 4443 2670 4504 τοῖς
2702 4438 2904 4501 πλοίοις
2944 4438 3291 4500 καθεύδοντες
3334 4438 3653 4508 αὐτομάτως
3688 4440 3794 4492 ὑπὸ
3835 4435 3917 4492 τοῦ

704 4555 820 4605 sus,
867 4539 931 4592 ad
973 4541 1130 4594 linem
1171 4547 1437 4608 properet.
1482 4537 1941 4604 Quemadmodum
1988 4536 2128 4588 enim
2174 4535 2267 4602 qui

709 4634 762 4690 in
793 4633 1020 4704 navigiis
1049 4634 1339 4699 dormiunt,
1367 4641 1558 4701 sponte
1581 4645 1611 4684 a
1649 4640 1809 4684 vento
1854 4630 1905 4682 in
1956 4638 2143 4696 portus
2174 4626 2266 4679 de-

709 4728 996 4792 ducuntur,
1059 4734 1115 4780 et
1161 4724 1407 4793 quamvis
1460 4723 1560 4793 ipsi
1607 4737 1943 4792 nequaquam
2005 4721 2264 4784 sentiant,

707 4835 898 4874 cursus
948 4827 1122 4872 tamen
1165 4832 1258 4872 eos
1303 4818 1370 4871 ad
1411 4817 1694 4871 terminum
1743 4814 2044 4884 urget:sic
2083 4820 2139 4867 et
2166 4827 2266 4866 nos

708 4910 979 4967 diﬂluente
1008 4910 1130 4962 vitae
1153 4920 1352 4962 nostra;
1381 4916 1640 4977 tempore,
1683 4904 1977 4960 insensibili
2016 4904 2140 4958 vitae
2167 4917 2261 4957 no-

712 5016 837 5060 stra:
883 5019 1041 5058 cursu
1093 5002 1238 5056 velut
1289 5000 1548 5054 continuo
1592 4998 1821 5068 quodam
1877 5009 1930 5053 et
1971 4997 2263 5067 irrequieto

720 5108 865 5153 motu
917 5095 1278 5164 unusquisque
1317 5093 1384 5148 ad
1428 5092 1706 5163 proprium
1734 5091 1894 5145 ﬁnem
1931 5090 2262 5146 festinamus.

787 5260 831 5292 ³⁵
869 5258 1037 5313 Exod.
1072 5275 1138 5311 xx
1171 5298 1186 5317 .
1243 5259 1310 5313 1'5
1336 5287 1362 5299 -
1396 5254 1481 5310 15.
1558 5255 1602 5286 ³⁸
1652 5252 1839 5308 Matth.
1875 5269 1961 5306 xu
1997 5295 2013 5320 ,
2062 5252 2147 5307 19.
2223 5250 2267 5282 ³⁸
2307 5251 2437 5305 ibid.
2461 5249 2548 5304 21.

785 5402 902 5473 (13)
931 5402 1058 5473 [ζει.
1081 5401 1346 5473 secundus
1383 5397 1622 5473 astam].

787 5467 900 5541 (14)
932 5467 1062 5537 Ηθᾷ.
1095 5471 1361 5524 seettndus
1382 5469 1441 5541 τὸ
1464 5467 1542 5541 δξ,
1578 5467 1927 5541 Ἀγαπήσεις.

787 5534 898 5606 (Ἰόδ
937 5534 1115 5595 ΕιἸιίο
1146 5555 1358 5608 quoque
1388 5539 1442 5592 in
1479 5539 1744 5606 aliquibus
1778 5534 1916 5589 'mss.
1945 5534 2143 5608 legitur
2173 5534 2264 5608 επὶ

714 5604 1000 5680 καθέδραν.
1033 5610 1137 5680 Nec
1165 5604 1252 5662 ita
1274 5604 1437 5680 inulto
1465 5604 1585 5680 post
1639 5622 1770 5680 mss.
1798 5605 2052 5680 nonnulli
2089 5604 2264 5673 βουλό-

718 5676 920 5751 μεθαλ.
958 5678 1272 5751 βούλημα...
1294 5678 1655 5751 βουληθεῖσιν.
1681 5676 1918 5732 Subinde
1971 5676 2102 5743 Reg.
2153 5686 2262 5730 ter-

718 5749 821 5806 tius
850 5753 910 5803 τὸ
942 5749 1222 5822 ἐγκάρδιον
1256 5749 1516 5819 βούλημα.

2370 4533 2673 4603 πνεύματος
2689 4532 2778 4584 ἐπὶ
2810 4531 3032 4601 λιμένας
3065 4530 3305 4598 ἄγονται,
3340 4531 3441 4584 κᾶν
3468 4533 3622 4584 αὐτοὶ
3646 4533 3722 4602 μὴ
3749 4532 3921 4585 αἰσθά-

2369 4645 2586 4691 νωνται,
2613 4625 2726 4678 ἀλλ’
2749 4627 2776 4678 6
2811 4624 3008 4695 δρόμος
3034 4624 3230 4686 αὐτοὺς
3253 4624 3389 4696 πρὸς
3410 4623 3470 4676 τὸ
3494 4624 3644 4687 τέλος
3680 4626 3883 4692 ἐπείγει
3905 4643 3916 4654 ·

2369 4721 2507 4774 οὕτω
2543 4719 2635 4771 καὶ
2663 4720 2840 4788 ἡμεῖς,
2864 4717 2958 4770 τοῦ
2988 4718 3177 4789 χρόνου
3206 4715 3306 4786 τῆς
3339 4716 3483 4786 ζωῆς
3524 4716 3684 4786 ἡμῶν
3716 4722 3918 4789 παριρ-

2372 4810 2602 4883 ῥέοντος,
2621 4807 2727 4862 οἷόν
2778 4827 2882 4862 τινι
2910 4809 3118 4878 κινήσει
3150 4809 3360 4877 συνεχεῖ
3392 4807 3483 4860 καὶ
3505 4807 3769 4879 ἀπαύστῳ
3797 4809 3919 4879 πρὸς

2371 4905 2429 4956 τὸ
2475 4906 2668 4956 οἰκεῖον
2696 4902 2922 4963 ἕκαστος
2964 4900 3136 4969 πέρας
3171 4899 3247 4968 τῷ
3283 4898 3596 4952 λανθάνοντι
3627 4899 3812 4971 δρόμῳ
3834 4901 3916 4968 τῆς

2371 4994 2512 5063 ζωῆς
2549 4992 2703 5064 ἡμῶν
2744 4990 3196 5059 κατεπειγόμεθα.
3237 4985 3390 5053 Οἷον,
3429 4989 3733 5053 καθεύδεις,
3778 4990 3916 5042 καὶὸ

2372 5089 2559 5158 χρόνος
2592 5103 2650 5138 σε
2684 5084 3009 5155 παρατρέχει
3036 5099 3049 5114 ⁶
3104 5083 3439 5154 ὲγρήγορας,
3490 5083 3584 5135 καὶ
3627 5082 3849 5151 ἄσχολος
3877 5074 3918 5130 εἶ

2626 5248 2667 5278 ³⁷
2692 5245 2878 5300 Matth.
2905 5260 2956 5312 v,
2980 5244 3068 5298 41.
3110 5245 3153 5276 ³⁸
3182 5243 3371 5298 Matth.
3397 5243 3576 5308 xv,18.

2434 5386 2925 5459 {16)Cod_et_t_unus
2956 5385 3012 5459 ἐν
3051 5381 3120 5453 τῇ
3163 5382 3359 5452 καρδία
3407 5378 3525 5432 τοῦ.
3568 5376 3710 5430 Infra
3758 5375 3910 5429 codex

2362 5453 2498 5516 unius
2522 5454 2851 5527 ἀμφιβολίαν
2876 5453 3015 5507 τινά.
3055 5523 3066 5527 _
3167 5525 3177 5527 _
3364 5519 3389 5527 _
3508 5517 3521 5527 _
3577 5515 3632 5527 η-
3680 5514 3714 5527 Α,

2433 5515 2743 5597 (1Ἱ)Ὀοὶὺ.
2811 5534 2997 5597 ευδιυε
3133 5519 3430 5597 οἰκονομῶν
3462 5517 3541 5570 τό.
3577 5515 3910 5597 Statim‘uno

2363 5581 2488 5652 ms‘s.
2525 5581 2812 5656 ἆντίδοσις.
2867 5592 3108 5648 Subinde
3141 5596 3245 5647 duo
3276 5581 3454 5645 itidem
3508 5602 3639 5641 mss.
3675 5581 3815 5637 κατὰ
3847 5581 3909 5634 τὰ

2362 5665 2706 5740 ἔργααῦτοῦ.
2925 5734 2935 5740 _
3142 5731 3246 5740 Α..
3556 5729 3578 5740 _
3677 5727 3694 5740 ἱ
3811 5722 3832 5733 ,

2433 5727 2542 5806 (18)
2569 5737 2699 5808 Reg.
2739 5734 3004 5792 secundus
3052 5743 3102 5790 et
3135 5731 3288 5788 Colb.
3329 5741 3510 5786 sextus
3553 5727 3903 5797 διακληροῦσι.
