4100 6312
153 367 253 423 εει

1343 367 1621 422 llOiilUA
1664 369 1725 424 ΙΝ
1768 365 2090 424 ΡεΑιιιιυΜ
2124 369 2158 423 Ι.

3273 367 3380 403 om

3277 397 3383 424 21."!

151 483 256 551 τὴν
287 482 517 534 διάνοιαν
541 498 552 509 ·
587 481 697 534 ἀλλ’
746 481 891 550 ὅμως
925 483 956 552 ὴ
999 479 1109 550 ζωὴ
1144 476 1465 543 δαπανᾶταί,
1498 483 1600 534 κᾶν
1624 474 1720 551 τὴν

1829 481 2064 550 Exempli
2112 493 2296 542 causa,
2343 480 2568 546 dormis,
2613 491 2818 548 tempus
2857 491 2908 534 te
2960 481 3127 551 fugit;
3172 483 3381 550 vigilas,

156 571 410 641 αἴσθησιν
436 572 592 640 ἡμῶν
643 571 928 641 διαφεύγῃ.
966 571 1171 640 Δρόμον
1196 566 1287 622 οὖν
1314 589 1430 623 τινα
1459 573 1722 642 τρέχομεν

156 663 362 727 πάντες
414 663 688 734 ἄνθρωποι
727 703 742 721 .
774 664 904 735 πρὸς
963 661 1022 713 τὸ
1081 665 1275 715 οἰκεῖον
1319 665 1469 726 τέλος
1499 665 1724 727 ’έκαετος

156 754 501 823 ἐπειγόμενοι
551 755 693 824 (19)·
726 755 812 806 διὰ
849 754 1004 806 τοῦτο
1037 754 1235 818 πάντες
1291 757 1456 825 ἐσμὲν
1497 759 1552 807 ἐν
1598 755 1718 824 όϋῷ.

156 847 268 897 Καὶ
283 845 420 897 οὕτω
434 847 476 898 δ’
492 847 556 899 ἂν
575 847 755 909 λάῆοις
780 847 874 915 τῆς
903 845 1023 898 ὁδοῦ
1044 847 1140 915 τὴν
1157 847 1380 900 1ἔννοιαν.
1417 848 1722 919 Ὀδοιπόρος

153 939 463 1008 ἐφέστηκας
481 939 556 1008 τῷ
575 939 670 1008 βίῳ
687 940 855 1008 τούτῳ
875 957 887 968 ·
914 939 1090 992 πάντα
1111 941 1376 1010 παρέρχῃ,
1398 939 1574 992 πάντα
1602 957 1724 992 κατ·

157 1028 385 1080 ὀπινσου
417 1031 639 1096 γίνεται.
681 1025 829 1092 Εἶδες
859 1031 946 1082 ἐπί
973 1032 1068 1099 τῆς
1093 1029 1210 1082 ὁδοῦ
1242 1031 1424 1097 φυτὸν,
1458 1030 1488 1100 ἧ
1520 1032 1654 1082 πόαν
1687 1030 1718 1100 ἦ

158 1120 326 1190 ὓδωρ,
343 1122 374 1191 ἦ
389 1123 414 1172 ὃ
429 1140 476 1172 τι
497 1122 558 1172 iv
574 1121 705 1190 τύχῃ
719 1122 822 1172 τῶν
841 1121 1024 1188 ἀξίων)
1040 1121 1324 1191 θεάματος·
1353 1121 1543 1192 μικρὸν
1571 1123 1655 1174 ἐτέ
1668 1142 1696 1194 ρ
1712 1155 1721 1162 -

163 1212 329 1281 ιρθης,
368 1209 482 1264 εἶτα
535 1212 895 1283 παρέδραμες.
930 1213 1093 1265 Πάλιν
1126 1213 1371 1284 ἐνέτυχες
1407 1215 1590 1281 λίθοις,
1633 1218 1724 1269 καὶ

160 1306 419 1372 φάραγξι,
450 1304 542 1354 καὶ
573 1307 850 1373 κρημνοῖς,
877 1305 968 1356 καὶ
999 1305 1304 1370 σκοπέλοις,
1334 1308 1424 1359 καὶ
1452 1309 1722 1377 σκόλοψιν,

157 1395 274 1461 {9.0)
308 1398 454 1464 ἦπου
481 1395 570 1445 καὶ
588 1394 813 1465 θηρίοις,
833 1397 925 1448 καὶ
947 1397 1213 1466 ἑρπετοῖς,
1235 1399 1616 1463 καὶὰκάνθαις,
1633 1401 1723 1453 καί

157 1501 304 1537 τισιν
319 1486 492 1546 ἄλλοις
507 1485 612 1537 τῶν
627 1474 886 1556 ὀχληρῶν·
910 1488 1101 1558 μικρὸν
1121 1489 1365 1559 ὴνιάθης,
1385 1487 1498 1563 εἶτα
1517 1492 1723 1543 κατέλι-

161 1595 282 1639 πες.
313 1579 560 1642 Τοιοῦτος
603 1582 629 1631 6
675 1579 816 1649 βίος,
855 1579 976 1633 οὔτε
1015 1581 1082 1634 τὰ
1107 1583 1309 1652 τερπνὰ
1356 1584 1572 1652 μόνιμα,
1601 1583 1720 1635 οὕτε

155 1672 224 1720 τὰ
269 1670 484 1740 λυπηρᾶ
539 1673 735 1744 διαρκῆ
785 1675 1137 1745 κεκτημένος.
1183 1675 1244 1724 'H
1297 1675 1409 1736 ὁδὸς
1459 1675 1555 1725 οὐκ
1609 1675 1720 1725 ἐστι

158 1763 248 1830 σὴ,
297 1762 408 1813 ἀλλ’
447 1763 566 1816 οὐδὲ
613 1764 679 1818 τὰ
719 1768 959 1837 παρόντα
993 1767 1080 1822 σά.
1129 1766 1248 1817 Ἐπὶ
1283 1764 1388 1816 τῶν
1410 1766 1717 1832 ὁδευόντων,

1823 582 1873 626 et
1911 573 2082 641 agitas
2121 570 2318 640 aliquid
2377 581 2588 637 mente;
2634 572 2981 627 nihilominus
3032 583 3209 627 tamen
3253 574 3378 638 vita,

1821 663 2031 716 etiamsi
2081 678 2184 716 non
2227 663 2540 728 sentiamus,
2587 663 3131 719 absumitur.'0mnes
3162 681 3290 735 ergo
3314 665 3380 717 ad

1823 755 2098 826 propriam
2162 756 2388 825 quisque
2454 766 2650 810 metam
2723 768 3098 826 properantes,
3162 772 3380 811 cursum

1822 849 2108 916 quemdam
2139 847 2429 912 currimus,
2463 850 2814 917 quamobrem
2841 865 3025 904 sumus
3064 850 3112 902 in
3146 849 3230 903 via
3267 866 3375 902 om-

1826 955 1940 994 nes.
1976 938 2089 993 Hoc
2114 940 2276 992 etiam
2306 940 2462 993 modo
2492 941 2629 994 viam
2663 940 2958 1010 intelligere
2990 942 3180 1010 possis.
3205 942 3259 995 In
3285 943 3386 996 hac

1827 1030 1931 1082 vita
1964 1031 2140 1083 viator
2167 1045 2257 1094 es;
2290 1031 2466 1083 omnia
2509 1041 2806 1097 transeunt,
2836 1041 2955 1101 post
2996 1044 3202 1102 tergum
3238 1043 3381 1087 tuum

1831 1119 2204 1186 relinquuntur
2230 1119 2432 1172 omnia.
2464 1118 2726 1184 Plantam,
2762 1122 3003 1185 herbam,
3041 1136 3258 1190 aquam,
3295 1131 3388 1176 aut

1826 1211 2036 1280 quidvis
2075 1211 2217 1264 aliud
2267 1221 2482 1280 aspectu
2536 1213 2752 1282 dignum
2794 1214 2845 1266 in
2884 1214 2962 1265 via
2999 1213 3172 1267 vidisti
3208 1232 3218 1266 :
3254 1231 3387 1282 pau-

1831 1303 1938 1353 lum
1979 1300 2296 1366 ohlectatus,
2348 1315 2470 1352 ιιιοκ
2528 1303 2793 1370 praeteris.
2834 1303 3037 1355 Rursus
3079 1301 3128 1353 in
3159 1300 3385 1366 lapides,

1827 1392 2126 1455 convalles,
2168 1392 2481 1461 praecipitia,
2515 1393 2762 1460 scopulos
2789 1405 2841 1448 et
2875 1395 3044 1461 palos,
3080 1402 3170 1446 aut
3221 1392 3384 1447 etiam

1828 1485 1879 1536 in
1909 1483 2078 1546 feras,
2102 1484 2152 1535 in
2195 1483 2446 1536 animalia
2479 1485 2737 1551 repentia,
2773 1487 2822 1538 in
2854 1487 3052 1554 spinas,
3085 1495 3140 1541 et
3167 1486 3218 1539 in
3241 1485 3387 1537 aliud

1824 1576 2050 1642 quodvis
2090 1575 2443 1628 infortunium
2497 1577 2728 1630 incidisti
2757 1593 2770 1628 :
2798 1592 3076 1647 postquam
3105 1593 3163 1632 es
3200 1577 3391 1646 paulu-

1825 1666 1932 1720 lum
1962 1665 2214 1730 aﬂlictus,
2246 1682 2367 1720 mox
2400 1669 2501 1722 ista
2528 1669 2810 1740 reliquisti.
2837 1668 2958 1724 Vita
2981 1681 3062 1725 est
3085 1668 3341 1737 ejusmodi
3369 1682 3386 1721 :

1829 1775 2002 1828 neque
2038 1760 2153 1828 ejus
2187 1759 2391 1815 delicia:
2419 1776 2594 1830 neque
2630 1763 2884 1818 molestiae
2931 1773 3239 1818 constanter
3264 1777 3386 1832 per-

153 1853 296 1923 ὁμοῦ
328 1872 384 1906 τε
406 1857 432 1906 6
463 1856 673 1928 πρῶτος
701 1857 759 1910 τὸ
790 1861 930 1928 ἴχνος
955 1858 1191 1926 ἐκίνησε,
1225 1857 1316 1909 καὶ
1359 1856 1517 1920 εὐθὺς
1546 1861 1573 1911 ὁ
1605 1862 1718 1930 μετ’

1829 1860 2092 1906 severant.
2127 1850 2238 1905 'Iua
2268 1867 2374 1906 non
2408 1862 2490 1907 est
2516 1853 2627 1907 haec
2657 1853 2761 1916 via,
2803 1869 2974 1922 neque
3019 1863 3120 1909 tua:
3147 1867 3272 1909 sunt
3302 1871 3386 1911 res

157 1947 325 1998 αὐτὸν
368 1955 462 2020 τὴν
505 1949 658 2018 βάσιν
696 1951 912 2019 ἤνεγκε,
949 1951 1040 2003 καὶ
1088 1950 1202 2020 μετ’
1228 1951 1432 2002 ἐκεῖνον
1469 1953 1496 2003 6
1526 1953 1722 2021 ἐφεπό-

159 2054 338 2106 μενος.

231 2218 286 2271 5.
319 2219 511 2271 Σκόπει
553 2219 607 2271 δὲ
641 2221 732 2272 καὶ
773 2220 837 2272 τὰ
878 2219 968 2272 τοῦ
1011 2220 1122 2290 βίου
1158 2223 1204 2272 εἰ
1240 2222 1311 2290 μὴ
1352 2220 1718 2292 παραπλήσια.

155 2310 408 2380 Σήμερον
437 2311 532 2380 τὴν
563 2311 663 2381 γῆν
699 2312 761 2362 σὺ
787 2310 1153 2379 ἐγεώργῃσας,
1196 2312 1286 2362 καὶ
1327 2309 1509 2380 αὔριον
1546 2312 1720 2377 ἄλλος,

157 2404 256 2453 καὶ
287 2403 404 2471 μετ’
433 2404 634 2454 ἐκεῖνον
665 2402 866 2470 ἕτερος.
911 2401 1070 2470 Ὁρᾷς
1109 2403 1231 2465 τοὺς
1275 2403 1472 2473 ἀγροὺς
1506 2403 1724 2468 τούτους

157 2497 256 2545 καὶ
300 2495 395 2555 τὰς
442 2494 744 2556 πολυτελεῖς
777 2495 981 2558 οἱκίαςς
1034 2496 1179 2547 Πόσα
1213 2496 1310 2567 ἤδη
1355 2497 1587 2568 ὀνόματα
1634 2501 1723 2568 ἀφ’

155 2579 219 2637 οὗ
271 2587 459 2652 γέγονε
497 2587 698 2639 τούτων
725 2587 833 2657 (21)
873 2587 1098 2640 ’ἑκαστον
1141 2591 1375 2660 ἧμειψεῑ
1413 2591 1517 2644 Τοῦ
1558 2593 1725 2656 δεῖνος

160 2679 382 2745 ἐλέγετο
403 2720 416 2743 ,
469 2673 585 2730 εἶτα
630 2680 1017 2751 μετωνομάσθη
1053 2682 1187 2751 πρὸς
1227 2683 1409 2752 ἓτερον
1435 2699 1448 2712 ο
1479 2683 1614 2754 πρὸς
1637 2685 1725 2736 τὸν

157 2771 309 2822 δεῖνα
339 2770 620 2840 μετῆλθεν,
653 2767 770 2824 εἶτα
798 2772 890 2824 νῦν
925 2772 1081 2824 ἄλλου
1110 2773 1344 2840 λέγεται.
1364 2770 1592 2844 Ἀρόὖν
1614 2775 1724 2845 (22)

158 2864 262 2930 οὐχ
291 2862 406 2924 ὁδὸς
455 2863 608 2932 ἡμῶν
647 2864 674 2914 6
705 2861 837 2931 βίος,
865 2862 1048 2916 ἄλλοτε
1083 2863 1237 2916 ἄλλον
1277 2866 1722 2935 μεταλαμϐάνων,

160 2956 259 3006 καὶ
284 2956 487 3016 πάντας
522 2956 656 3024 ἔχων
685 2955 932 3024 ἀλλήλοις
970 2957 1376 3024 ἐρεπτομένους
1425 2956 1726 3023 Μακάριος

160 3042 256 3097 ’.ὗν
306 3045 374 3110 ὃς
415 3046 509 3097 ἐπὶ
546 3045 649 3111 τῆς
689 3046 829 3098 ὀδοῦ
860 3043 977 3096 τῶν
1006 3045 1363 3112 ἁμαρτωλῶν
1400 3050 1509 3099 οὐκ
1552 3047 1721 3115 ἔστη.

161 3138 237 3188 Τὸ
271 3137 349 3199 δέ,
393 3139 510 3188 Οὐκ
539 3136 708 3202 ἔστη,
739 3136 789 3188 τί
837 3138 1022 3199 tat-tv;
1072 3137 1188 3189 Ἔτι
1224 3138 1314 3189 ἐπὶ
1360 3139 1455 3207 τῆς
1504 3137 1724 3210 πρώτης

161 3229 380 3297 ἡλικίας
407 3228 554 3288 ὄντες
585 3228 634 3278 οἱ
662 3226 957 3297 ἄνθρωποι,
989 3226 1110 3281 οὔτε
1141 3230 1196 3281 ἐν
1221 3230 1388 3301 κακίᾳ⁴
1405 3231 1587 3301 ἐσμὲν,
1606 3229 1725 3283 οὔτε

159 3323 219 3371 ἐν
259 3321 425 3388 ἀρετῇ
457 3319 821 3384 (ἁνεπίδεκτος
857 3321 965 3391 γὰρ
998 3323 1030 3391 ὴ
1065 3323 1246 3392 ἡλικία
1279 3323 1376 3390 τῆς
1403 3323 1566 3386 ἕξεως
1598 3325 1727 3375 ἐκα-

159 3409 349 3480 τέρας)
377 3426 390 3438 °
421 3409 638 3462 ἐπειδὰν
685 3410 740 3462 δέ
770 3413 796 3464 6
831 3411 983 3479 λόγος
1005 3411 1160 3482 ἡμῶν
1189 3413 1580 3484 συμπληρωθῇ,
1610 3414 1726 3466 τότε

159 3501 372 3569 γίνεται
402 3501 458 3552 τὸ
488 3502 864 3574 γεγραμμένον
886 3519 899 3531 θ
957 3503 1283 3568 Ἐλθούσης
1311 3503 1378 3554 δὲ
1421 3503 1528 3572 τῆς
1572 3505 1730 3558 ἐντο-

158 3593 315 3662 λῆς,
375 3597 412 3661 η
460 3595 710 3662 ἁμαρτία
762 3596 1079 3663 ἀνέζησεν,
1129 3596 1242 3664 ἐγὼ
1290 3595 1357 3647 δὲ
1405 3597 1723 3651 ἀπέῡανον.

173 3685 625 3737 ’ῐιζπανατέλλουσι
654 3687 760 3756 γὰρ
777 3687 1022 3755 λογισμοὶ
1049 3686 1294 3754 πονηροὶ,
1315 3687 1377 3738 ἐκ
1397 3688 1503 3738 τῶν
1545 3689 1729 3742 παθῶν

159 3779 261 3846 τῆς
294 3777 493 3846 σαρκὸς
525 3781 640 3841 ταῖς
662 3779 858 3847 ψυχαῖς
883 3777 1037 3846 ἡμῶν
1076 3777 1457 3846 ἐντικτόμενοι.
1504 3778 1594 3850 Τῷ
1615 3780 1726 3832 δντι

160 3870 271 3937 γὰρ
316 3868 542 3920 ἐλθοῦσα
573 3871 603 3936 ἡ
634 3867 838 3937 ἐντολὴ,
894 3867 1168 3920 τουτέστιν
1212 3873 1243 3938 ἡ
1292 3869 1588 3935 διάγνωσις
1619 3870 1727 3922 τῶν

163 3959 368 4022 καλῶν,
406 3959 500 4010 ἐὰν
533 3959 605 4028 μὴ
635 3959 1024 4030 κατακρατήσῃ
1055 3959 1146 4011 τοῦ
1184 3961 1420 4030 χείρονος
1448 3960 1726 4031 λογισμοῦ,

163 4050 302 4103 ἀλλὰ
339 4049 665 4120 συγχωρήσῃ
701 4050 804 4102 ὑπὸ
831 4049 936 4102 τῶν
971 4050 1156 4104 παθῶν
1180 4051 1728 4124 ἐξανδραποδισθῆναι

162 4145 253 4194 τὸν
280 4143 538 4212 λογισμόν
559 4159 570 4170 '
597 4143 826 4214 ἀνέζησε
863 4144 960 4214 μὲν
1070 4144 1331 4215 ἁμαρτία,
1358 4146 1589 4198 ἀπέθανε
1619 4148 1674 4200 δὲ
1703 4150 1730 4200 6

161 4229 310 4294 νοῦς,
340 4230 527 4298 νεκρὸς
563 4233 847 4301 γενόμενος
873 4235 982 4294 τοῖς
1006 4235 1424 4305 παραπτώμασι.
1450 4238 1730 4307 Μακάριος

162 4318 254 4372 οὖν
278 4324 306 4372 ὁ
337 4322 409 4389 μὴ
439 4323 752 4392 ἐγχρονίσας
776 4326 842 4393 τῇ
864 4323 966 4392 ὀδῷ
993 4324 1099 4376 τῶν
1145 4327 1564 4395 ἁμαρτανόντων
1595 4328 1727 4399 (23),

163 4413 300 4465 ἀλλὰ
339 4413 579 4483 λογισμῷ
620 4415 846 4484 βελτίονι
903 4415 1038 4484 πρὸς
1084 4415 1178 4485 τὴν
1219 4417 1413 4486 εὐσεϐῆ
1457 4419 1729 4472 πολιτείαν

1824 1955 2138 2013 prmsentes.
2187 1943 2332 1998 Inter
2369 1945 2622 2012 viatores,
2663 1945 2822 2000 simul
2857 1955 2913 2000 ut
2962 1947 3167 2014 primus
3197 1949 3386 2016 pedem

1825 2039 2010 2098 movit,
2045 2039 2165 2090 huic
2218 2038 2490 2106 proximus
2523 2038 2683 2092 infert
2713 2038 2957 2107 gradum,
2987 2047 3037 2090 et
3085 2049 3205 2107 post
3242 2041 3384 2094 hunc

1825 2125 1960 2177 alter
1985 2127 2072 2193 qui
2110 2127 2368 2194 sequilur.

1893 2216 1944 2270 5.
1990 2217 2160 2270 Velim
2202 2227 2377 2270 autem
2411 2219 2678 2281 attendas,
2714 2235 2840 2272 num
2889 2221 3052 2274 etiam
3081 2221 3201 2275 vita:
3231 2236 3390 2275 casus

1830 2306 1939 2360 sint
1965 2307 2251 2361 assimiles.
2291 2306 2460 2361 Hodie
2492 2317 2544 2361 tu
2568 2309 2776 2362 coluisti
2811 2319 3030 2377 terram,
3071 2327 3192 2366 cras
3228 2315 3384 2376 alter,

1825 2407 1944 2465 post
1973 2398 2112 2451 hunc
2139 2398 2280 2454 colet
2308 2408 2361 2454 et
2395 2399 2553 2454 alius.
2596 2401 2756 2456 Vides
2801 2417 2960 2470 agros
2991 2404 3086 2458 hos
3115 2413 3166 2458 et
3201 2404 3390 2459 domos

1826 2491 2200 2558 sumptuosas?
2253 2490 2476 2557 Quoties
2527 2493 2756 2562 singula,
2818 2510 2885 2548 ex
2939 2512 3044 2566 quo
3099 2499 3388 2562 exsistunt,

1827 2595 2019 2634 nomen
2059 2580 2168 2648 jam
2207 2584 2505 2637 mutavere!
2541 2583 2867 2639 Dicebantur
2894 2586 3050 2655 hujus
3079 2604 3216 2653 esse,
3241 2598 3390 2658 post-

1826 2684 1888 2724 ea
1931 2673 2060 2738 ipsis
2121 2672 2426 2740 impositum
2472 2683 2554 2728 est
2600 2689 2793 2729 nomen
2849 2676 3089 2745 alterius,
3128 2682 3193 2734 ad
3223 2681 3388 2735 alium

1829 2768 2198 2832 transierunt,
2233 2777 2345 2822 tum
2384 2769 2595 2822 demum
2663 2768 2886 2825 alterius
2936 2787 3053 2827 esse
3112 2774 3384 2830 dicuntur.

1829 2857 2014 2914 Nonne
2049 2875 2176 2930 ergo
2208 2861 2311 2914 vita
2357 2871 2536 2916 nostra
2565 2862 2648 2917 via
2679 2872 2784 2927 est,
2814 2864 2920 2918 alio
2960 2876 3197 2935 tempore
3223 2867 3388 2924 alium

1827 2953 2122 3021 excipiens,
2153 2962 2206 3006 et
2237 2953 2286 3006 in
2317 2969 2418 3022 qua
2449 2953 2548 3007 sibi
2581 2955 2807 3008 invicem
2836 2957 3132 3009 succedunt
3163 2959 3391 3014 omnes?

1828 3039 2020 3093 Beatus
2059 3045 2231 3110 itaque
2264 3044 2354 3111 qui
2383 3043 2439 3094 in
2471 3044 2549 3095 via
2581 3053 2914 3110 peccatorum
2939 3042 3046 3112 95
3083 3061 3183 3097 non
3222 3047 3385 3099 stetit.

1831 3131 1960 3185 Illud
2009 3143 2208 3196 autem,
2254 3133 2376 3186 Non
2434 3135 2594 3198 stetit,
2647 3135 2774 3203 quid
2831 3134 2932 3188 sibi
2986 3135 3137 3188 vult?
3169 3134 3301 3190 Dum
3333 3137 3390 3192 in

1830 3225 1996 3295 prima
2031 3226 2202 3279 adhuc
2239 3226 2581 3282 consistimus
2630 3236 2808 3290 artate,
2845 3241 2945 3282 nec
2992 3227 3243 3297 improbi,
3292 3242 3390 3283 nec

1829 3319 2028 3370 virtute
2059 3318 2264 3385 przediti
2301 3333 2485 3372 sumus
2515 3316 2599 3388 (ea
2624 3318 2767 3371 enim
2800 3327 2929 3372 aetas
2961 3318 3175 3372 habitus
3195 3319 3392 3374 utrius-

1829 3424 1933 3478 que
1969 3424 2136 3477 capax
2184 3425 2288 3463 non
2328 3412 2464 3478 est);
2498 3410 2587 3463 sed
2623 3421 2973 3478 posteaquam
3024 3413 3158 3465 ratio
3202 3425 3387 3468 nostra

1830 3501 2061 3569 perfecta
2089 3510 2352 3569 estatque
2382 3501 2671 3565 cumulata,
2704 3514 2832 3556 tunc
2866 3502 2924 3555 fit
2958 3503 3098 3570 quod
3129 3508 3391 3575 scriptum

1832 3603 1916 3647 est
1943 3607 1956 3644 :
1983 3592 2048 3643 At
2085 3607 2200 3645 cum
2235 3591 2450 3644 venisset
2495 3592 2817 3658 mandatum,
2872 3603 3137 3660 peccatum
3186 3595 3391 3662 revixit,

1830 3703 1922 3754 ego
1973 3695 2146 3738 autem
2175 3696 2411 3737 mortuus
2445 3701 2558 3737 sum
2581 3684 2647 3737 ”.
2673 3683 2931 3738 Oriuntur
2950 3685 3090 3736 enim
3129 3685 3279 3739 malm
3303 3701 3394 3740 co-

1829 3779 2130 3848 gitationes,
2172 3793 2288 3846 quae.
2329 3793 2394 3831 ex
2438 3778 2619 3830 carnis
2650 3775 3039 3844 cupiditatibus
3091 3777 3143 3830 in
3188 3777 3388 3833 animis

1832 3869 2026 3922 nostris
2062 3877 2406 3934 generantur.
2450 3865 2579 3919 Nam
2629 3868 2807 3934 reipsa
2855 3867 2944 3922 ubi
2980 3869 3123 3922 venit
3170 3869 3394 3923 manda-

1833 3971 1964 4022 tum,
1995 3961 2098 4014 hoc
2131 3966 2232 4020 est,
2268 3957 2390 4011 boni
2433 3958 2750 4028 honestique
2785 3958 3066 4025 judicium,
3099 3959 3142 4012 si
3187 3962 3392 4029 cogita-

1833 4053 2029 4106 tionem
2066 4049 2301 4120 pejorem
2333 4063 2435 4104 non
2479 4049 2693 4115 vicerit,
2729 4050 2821 4103 sed
2853 4064 2880 4102 a
2907 4048 3084 4119 pravis
3117 4048 3394 4106 aﬂectibus

1831 4147 2064 4198 animum
2111 4144 2162 4198 in
2197 4143 2508 4198 servitutem
2543 4142 2710 4212 redigi
2755 4142 2986 4196 siverit:
3029 4144 3223 4199 revixit
3265 4143 3391 4212 qui-

1829 4238 1947 4291 dem
1974 4245 2274 4306 peccatum,
2309 4250 2457 4290 mens
2499 4250 2627 4288 vero
2656 4234 2887 4304 peccatis
2925 4235 3240 4302 interempta
3277 4249 3393 4289 mo.

1833 4332 1987 4383 ritur.
2025 4328 2220 4383 Beatus
2256 4328 2437 4396 igitur,
2487 4327 2576 4394 qui
2630 4328 2682 4379 in
2737 4326 2824 4379 via
2887 4334 3230 4394 peccatorum
3283 4342 3391 4383 non

1833 4421 2145 4475 immoratus
2185 4428 2289 4483 est,
2332 4420 2424 4472 sed
2467 4416 2682 4471 saniore
2726 4416 2950 4472 consilio
2983 4418 3048 4471 ad
3082 4418 3222 4488 piam
3258 4436 3391 4474 con-

164 4504 574 4575 μεταπηδήσας.
613 4507 714 4558 Δύο
735 4508 843 4577 γάρ
877 4509 1012 4560 είσιν
1038 4507 1145 4559 ὁδοὶ
1186 4508 1422 4561 ἐναντίαι
1456 4508 1724 4579 ἀλλήλαις·

1835 4511 2191 4565 versationem
2223 4523 2282 4564 se
2328 4510 2549 4580 recepit.
2585 4508 2710 4562 Duae
2758 4523 2990 4578 namque
3028 4519 3153 4563 sunt
3189 4509 3290 4566 viae
3319 4510 3396 4566 in-

161 4597 195 4667 ή
234 4597 334 4667 μὲν
369 4595 594 4649 πλατεῖα
609 4599 700 4649 καὶ
719 4599 1047 4670 εὐρύχωρος,
1081 4601 1112 4670 ὴ
1135 4599 1188 4652 δέ
1214 4601 1371 4670 στενὴ
1403 4601 1494 4653 καὶ
1514 4600 1729 4672 τεθλιμ-

166 4692 327 4760 μένη.
377 4692 484 4744 Καὶ
523 4689 614 4742 δύο
653 4690 854 4760 ὁδηγοὶ,
892 4693 1148 4763 ἑκάτερος
1195 4693 1329 4763 πρὸς
1381 4691 1568 4744 ἑαυτὸν
1605 4695 1726 4745 ἐπι-

165 4785 421 4852 στρέφειν
456 4784 565 4852 (24)
600 4784 909 4854 ἐπιχειρῶν.
940 4787 1088 4855 Ἔχει
1131 4781 1222 4838 οὖν
1255 4789 1287 4856 ἡ
1328 4786 1424 4855 μὲν
1466 4784 1581 4838 λεία
1613 4786 1729 4850 ὁδὸς

163 4879 255 4929 καὶ
290 4877 502 4945 πρανὴς
535 4877 646 4948 (25)
679 4877 865 4949 ὁδηγὸν
896 4877 1188 4948 ἀπατηλὸν,
1218 4878 1443 4947 δαίμονα
1472 4881 1723 4948 πονηρὸν,

158 4970 224 5019 δι’
261 4967 458 5037 ἡδονῆς
493 4969 627 5036 πρὸς
657 4969 753 5038 τὴν
796 4967 1066 5021 ἀπώλειαν
1109 4969 1233 5031 τοὺς
1282 4968 1578 5037 ἑπομένους
1609 4970 1725 5020 ἐπι-

161 5061 489 5130 συρόμενον⁹
524 5061 556 5130 ὴ
586 5060 642 5112 δὲ
673 5065 900 5131 τραχεῖα
940 5061 1034 5114 καὶ
1075 5060 1307 5130 ἀνάντης
1337 5058 1563 5127 ἄγγελον
1592 5062 1725 5127 ἁγα-

161 5151 271 5208 θὸν.
304 5153 392 5204 διὰ
411 5152 519 5207 τῶν
550 5153 816 5206 ἐπιπόνων
849 5155 946 5223 τῆς
979 5153 1180 5224 ἀρετῆς
1209 5151 1344 5222 πρὸς
1376 5152 1435 5203 τὸ
1460 5151 1724 5221 μακάριον

233 5298 277 5329 ³³
314 5297 472 5352 Rom.
501 5314 595 5363 vn,
631 5299 682 5353 9.

233 5478 350 5547 (19)
387 5475 523 5528 Editi
552 5475 916 5546 ἐπειγόμενοι.
953 5476 1020 5528 At
1068 5489 1197 5530 mss.
1233 5485 1465 5542 quatuor
1510 5471 1720 5537 ἐπειγό-

165 5564 349 5685 psi/£53
391 5615 480 5669 Sic
500 5615 664 5670 editio
692 5615 850 5669 Basil.
887 5630 1006 5668 cum
1043 5615 1210 5668 tribus
1259 5628 1385 5685 mss.
1420 5611 1547 5665 Illud
1572 5653 1586 5676 ,
1628 5609 1720 5662 καὶ

165 5684 439 5755 σκόλοψιν,
466 5687 517 5740 in
550 5685 780 5740 editione
810 5686 979 5740 Paris.
1009 5684 1437 5755 desiderabatur.

233 5751 351 5840 (21)
377 5758 465 5811 Sic
531 5771 658 5812 mss.
707 5767 957 5826 quatuor.
1016 5755 1186 5810 Editio
1245 5752 1415 5808 Paris.
1464 5751 1719 5821 ὀνόματα,

164 5846 384 5888 ιεουτων.

1837 4614 1916 4657 ter
1957 4616 2013 4656 se
2057 4601 2381 4657 contrarize:
2414 4617 2515 4658 una
2547 4601 2654 4656 lata
2702 4610 2758 4657 et
2805 4603 3058 4672 spatiosa,
3090 4602 3256 4655 altera
3297 4617 3394 4657 an-

1835 4705 1986 4764 gusta
2011 4704 2064 4748 et
2092 4705 2380 4750 eoarctata.
2427 4696 2538 4749 Duo
2585 4696 2745 4747 etiam
2777 4703 2904 4748 sunt
2927 4696 3024 4748 via:
3053 4695 3238 4760 duces,
3257 4710 3394 4766 quo-

1837 4801 1954 4838 rum
2009 4796 2236 4854 uterque
2285 4785 2545 4837 viatorem
2601 4785 2666 4837 ad
2731 4797 2788 4838 se
2834 4783 3105 4839 attrahere
3143 4796 3389 4839 conatur.

1837 4877 1998 4931 Plana
2032 4879 2243 4947 quidem
2263 4887 2316 4930 et
2341 4875 2559 4931 declivis
2591 4877 2675 4930 via
2709 4877 2872 4931 habet
2900 4876 3140 4930 fallacem
3176 4877 3391 4942 ducem,

1832 4967 2030 5020 malum
2077 4966 2372 5020 daemonem
2403 4967 2492 5035 qui
2526 4981 2618 5020 eos
2657 4967 2745 5034 qui
2784 4981 2842 5021 se
2870 4976 3190 5034 sequuntur,
3219 4967 3271 5021 in
3309 4968 3392 5022 in-

1832 5059 2046 5111 teritum
2086 5072 2182 5126 per
2228 5058 2551 5128 voluptatem
2605 5058 2768 5111 trahit
2796 5073 2810 5109 :
2840 5073 3026 5128 aspera
3063 5075 3186 5114 vero
3219 5069 3275 5115 et
3305 5076 3386 5114 ar-

1834 5150 1932 5202 dua
1961 5149 2069 5212 via,
2105 5151 2300 5204 bonum
2333 5151 2600 5218 angelum,
2628 5151 2720 5219 qui
2743 5165 3000 5221 sequaces
3031 5166 3154 5205 suos
3186 5170 3278 5223 por
3313 5152 3392 5206 la-

1893 5471 2002 5542 (Ἡ)
2035 5471 2124 5525 Sic
2151 5485 2278 5524 mss.
2309 5471 2540 5540 plurimi.
2567 5473 2719 5525 Deest
2752 5469 2842 5523 οὖν
2875 5472 2924 5524 in
2957 5475 3019 5526 ed
3047 5473 3186 5527 tione
3219 5472 3388 5528 Paris.

1893 5541 2006 5611 ('25)
2040 5542 2171 5608 Reg.
2200 5543 2470 5594 secundus
2495 5541 2601 5594 τῶν
2628 5542 2984 5611 ἁμαρτωλῶν.

1891 5612 2001 5683 (24)
2035 5611 2244 5683 Nostra
2307 5612 2470 5664 editio
2509 5611 2676 5666 Paris.
2733 5613 3066 5682 ἐπιτρέψειν.
3132 5614 3197 5665 Αι
3257 5631 3384 5667 mss.

1820 5682 2189 5752 ἐπιστρέφειν.

1894 5750 2004 5821 (25)
2040 5750 2211 5804 Editio
2240 5758 2467 5821 utraque
2500 5750 2664 5808 Basil.
2696 5763 2748 5806 et
2783 5753 2954 5805 Paris.
2978 5752 3092 5815 ὀδλς
3125 5754 3218 5805 καὶ
3249 5755 3375 5808 πλα-

1819 5825 1936 5876 τεῖα
1963 5819 2053 5876 και
2084 5821 2309 5888 πρανὴς.
2351 5819 2572 5878 Brevius
2610 5840 2732 5879 mss.
2765 5824 2879 5885 ὁδὸς
2910 5825 2999 5875 καιί
3029 5826 3258 5893 πρανὴς·
