4100 6312
731 365 838 420 2‘23

2034 355 2092 411 S.
2133 355 2376 411 BASlLll
2421 349 2639 408 MAGNI

3860 348 3966 402 225

731 477 947 532 boriosa
979 472 1191 526 virtutis
1226 469 1485 525 exercitia
1535 469 1601 522 ad
1656 467 1868 522 beatum
1906 467 2062 522 linem
2099 471 2288 538 perdu-

2393 467 2544 529 τέλος
2578 465 2705 528 τοὺς
2746 465 3040 535 ἑπομένους
3083 465 3304 533 ἄγοντα.
3335 465 3478 527 Ἕως
3513 464 3608 533 μὲν
3638 461 3731 518 οὖν
3762 465 3968 536 vﬂmd»;

726 568 822 622 cit.
851 568 981 621 Dum
1017 564 1181 632 igitur
1216 564 1443 633 quisque
1477 569 1720 615 nostrum
1755 574 1890 629 puer
1917 571 2020 621 εει,
2053 574 2289 628 praesen-

729 668 807 713 tes
841 656 1183 726 persequitur
1209 655 1531 724 voluptates,
1568 666 1739 721 neque
1768 653 1932 704 habet
1961 650 2122 703 ullam
2155 661 2290 704 tem-

727 749 873 817 poris
913 747 1076 799 futuri
1122 747 1386 799 rationem
1413 785 1429 811 ,
1472 759 1646 811 neque
1693 756 1876 795 curam
1914 742 2063 809 :jam
2112 751 2292 794 autem

730 842 813 896 vir
849 841 1045 903 factus,
1078 850 1190 908 post
1212 840 1395 908 judicii
1443 838 1849 907 perfectionem,
1877 835 2056 889 videre
2083 835 2182 889 sibi
2215 834 2294 888 vi-

726 935 884 986 detur
918 934 1080 985 vitam
1121 933 1169 984 iu
1203 934 1457 984 virtutem
1501 940 1555 983 et
1600 929 1787 983 vitium
1835 926 2094 989 divisam;
2127 936 2293 993 atque

725 1024 896 1078 oculis
931 1023 1094 1075 animi
1136 1025 1184 1075 iu
1220 1033 1514 1089 utrumque
1551 1035 1690 1088 sarpe
1731 1018 2012 1086 conjectis,
2045 1017 2292 1087 prOprie-

729 1122 865 1166 tates
919 1112 1198 1180 utriusque
1261 1111 1402 1164 inter
1440 1124 1499 1164 se
1556 1109 1839 1178 aequaliter
1886 1108 2127 1162 diversas
2173 1122 2292 1162 esse

720 1203 946 1271 judicat.
983 1203 1046 1256 Et
1089 1203 1305 1270 quidem
1341 1211 1684 1270 peccatorum
1735 1201 1842 1255 vita
1883 1200 2118 1254 ostendit
2154 1214 2290 1253 cuu-

725 1304 843 1346 ctas
896 1293 1174 1362 praesentis
1226 1292 1404 1346 saeculi
1467 1291 1764 1361 voluptates
1811 1291 2118 1360 :justorum
2165 1305 2290 1343 vero

725 1386 860 1450 vita,
902 1385 1013 1440 sola
1061 1385 1224 1438 l'uturi
1277 1384 1375 1437 aevi
1413 1385 1551 1438 bona
1596 1393 2004 1438 commonstrat.
2040 1382 2105 1436 Et
2148 1393 2291 1437 certe

724 1480 1102 1534 salvandorum
1151 1479 1233 1529 via
1284 1488 1486 1546 quanto
1543 1478 1850 1547 pulchriora
1899 1477 2181 1546 pollicetur
2207 1477 2291 1529 l‘u-

727 1580 867 1631 tura,
906 1578 1053 1622 tanto
1103 1568 1451 1622 laboriosiora
1499 1569 1722 1622 exhibet
1783 1568 2063 1634 prazseutia
2095 1586 2107 1621 :
2143 1568 2292 1620 volu-

723 1661 897 1729 ptaria
926 1671 1102 1713 autem
1130 1669 1183 1711 et
1215 1659 1421 1726 impura
1452 1659 1556 1710 vita
1594 1673 1698 1710 non
1721 1658 1772 1711 in
1806 1668 2077 1727 posterum
2106 1672 2295 1726 exspe-

724 1752 971 1815 ctandas,
1004 1753 1096 1805 sed
1141 1751 1253 1816 jam
1287 1761 1578 1816 pnes-entes
1630 1750 1848 1804 delicias
1880 1751 2150 1819 pr0ponit.
2190 1749 2294 1803 lta-

2392 559 2538 609 ἐστιν
2569 555 2799 617 ἕκαστος
2839 553 3011 624 ἡμῶν,
3046 553 3108 606 τὸ
3138 556 3196 606 ἐν
3229 553 3307 624 τῷ
3332 554 3554 624 παρόντι
3583 553 3678 625 ἡδὺ
3719 552 3966 617 διώκων,

2391 645 2645 716 ούδεμίαν
2687 644 2781 697 τοῦ
2829 643 3111 714 μέλλοντος
3148 642 3470 714 κηδεμονίαν
3511 648 3779 696 ποιεῖται·
3825 645 3968 713 ἀνὴρ

2391 736 2446 788 δὲ
2467 736 2566 806 ἥδη
2599 734 2907 804 γενόμενος,
2935 734 3070 804 μετὰ
3092 734 3181 787 τὸν
3206 733 3547 804 ἀπαρτισμὸν
3575 735 3678 786 τῶν
3709 734 3967 795 ἐννοιῶν,

2392 823 2502 879 οἷον
2537 828 2668 896 ὀρᾷν
2711 826 2857 879 δοκεῖ
2881 826 2968 878 τὸν
3001 826 3112 895 βίον
3139 824 3284 895 αὐτῷ
3317 825 3626 895 σχιζόμενον
3655 828 3795 896 πρὸς
3838 828 3970 896 ἀρε-

2393 917 2488 988 τὴν
2532 919 2623 971 καὶ
2668 919 2888 982 κακίαν,
2934 919 3027 972 καὶ
3062 919 3238 972 πυκνὰ
3271 918 3380 989 (⁸26)
3435 918 3562 989 πρὸς
3606 919 3876 990 ἑκάτερον
3910 919 3968 968 τὸ

2393 1008 2546 1078 δμμα
2578 1009 2674 1079 τῆς
2699 1009 2876 1080 ψυχῆς
2909 1011 3315 1080 μεταστρέφων,
3350 1010 3661 1080 παράλληλα
3693 1011 3880 1076 κρίνει
3902 1012 3968 1062 τὰ

2396 1100 2641 1170 ἑκατέρῳ
2675 1101 2964 1172 προσόντα.
3010 1102 3116 1154 Καὶ
3152 1105 3181 1155 ὁ
3219 1103 3316 1172 μὲν
3338 1103 3444 1155 τῶν
3483 1102 3824 1174 ἁμαρτωλῶν
3856 1103 3969 1171 ﬂio;

2395 1193 2570 1246 πάντα
2595 1192 2827 1245 δείκνυσι
2848 1193 2917 1247 τὰ
2937 1193 3030 1247 τοῦ
3057 1195 3320 1262 παρόντος
3355 1195 3540 1258 αἰῶνος
3577 1194 3782 1264 τερπνὰ
3801 1212 3816 1223 ο
3852 1197 3882 1245 ό
3913 1195 3967 1246 δὲ

2392 1282 2500 1334 τῶν
2513 1282 2756 1349 δικαίων,
2797 1284 2933 1353 μόνα
2955 1285 3318 1353 ὑποφαίνειτὰ
3339 1285 3426 1336 τοῦ
3459 1285 3736 1356 μέλλοντος
3753 1284 3963 1350 ἁγαθα-

2392 1375 2500 1428 Καὶ
2535 1377 2567 1445 ἡ
2607 1374 2704 1445 μὲν
2729 1374 2837 1426 τῶν
2879 1375 3194 1444 σωζομένων
3220 1375 3334 1438 ὁδὸς
3359 1377 3478 1427 ὅσον
3512 1375 3648 1428 καλὰ
3677 1375 3969 1443 ὑπισχνεῖ-

2390 1483 2480 1522 ται
2511 1466 2578 1518 τὰ
2628 1464 2909 1536 μέλλοντα,
2957 1465 3205 1521 τοσοῦτον
3256 1467 3484 1520 ἐπίπονα
3542 1467 3845 1536 παρέχεται
3900 1466 3968 1517 τὰ

2393 1560 2634 1632 παρόντα
2655 1575 2667 1586 ·
2702 1560 2731 1610 ὁ
2755 1557 2810 1610 δὲ
2833 1558 2960 1628 ἡδὺς
2993 1558 3084 1611 καὶ
3114 1561 3406 1622 ἀκόλαστος
3443 1559 3552 1629 βίος
3582 1560 3700 1628 οὐχι
3735 1557 3970 1627 προσδο-

2393 1651 2646 1721 κωμένην
2689 1652 2769 1713 εἰς
2807 1649 3054 1720 ὕστερον,
3091 1649 3204 1702 ἀλλ’
3237 1651 3334 1720 ἥδη
3379 1651 3653 1722 παροῦσαν
3681 1650 3968 1721 προτείνε-

2391 1759 2479 1794 ται
2505 1743 2613 1811 (27)
2641 1743 2738 1811 τὴν
2767 1741 3085 1795 ἀπόλαυσιν.
3132 1740 3355 1811 Ἱλιγγιᾷ
3381 1739 3468 1794 οὖν
3496 1744 3644 1795 πᾶσα
3669 1742 3840 1812 ψυχὴ,
3871 1741 3966 1793 καί

725 1858 830 1911 que
852 1842 1110 1909 vertigine
1143 1841 1349 1893 laborat
1381 1841 1557 1892 anima
1586 1840 1784 1905 omnis,
1822 1851 1985 1908 atque
2020 1838 2288 1894 titubanti-

2397 1835 2715 1902 μετοκλάζει
2762 1838 2874 1898 τοῖς
2918 1835 3217 1905 λογισμοῖς,
3271 1835 3395 1887 ὅταν
3430 1835 3526 1904 μὲν
3569 1836 3850 1904 ἐνθυμηθῇ
3896 1835 3964 1886 τὰ

724 1934 827 1989 bus
880 1933 1295 2003 cogitationibus
1357 1933 1779 2002 agitatur:cum
1838 1931 2052 1998 quidem
2109 1945 2289 1984 secum

729 2027 955 2081 revolvit
989 2038 1208 2090 :eterna,
1255 2027 1405 2092 eligit
1447 2027 1721 2088 virtutem,
1764 2038 1883 2076 cum
1914 2039 2039 2078 vero
2071 2024 2291 2092 respicit

724 2121 791 2174 ad
815 2122 1120 2188 prmsentia,
1162 2118 1487 2185 voluptatem
1525 2116 1761 2183 praefert.
1793 2117 1888 2170 llic
1931 2117 2124 2171 bonam
2158 2133 2284 2170 cor-

728 2215 873 2283 poris
906 2212 1269 2266 babitudinem
1300 2211 1580 2280 conspicit,
1616 2211 1686 2264 ibi
1711 2212 1891 2265 carnis
1926 2213 2238 2267 servitutem
2271 2231 2284 2269 :

728 2307 814 2376 hic
836 2306 1176 2367 ebrietatem,
1217 2304 1286 2357 ibi
1317 2304 1578 2372 jejunium
1615 2318 1628 2354 :
1660 2303 1749 2356 hic
1772 2305 2067 2358 cachinnos
2096 2305 2289 2358 immo-

725 2395 896 2460 dicos,
918 2397 985 2449 ibi
1013 2396 1276 2463 plurimas
1311 2390 1617 2465 lacrymas:
1649 2395 1736 2449 hic
1783 2395 2146 2459 saltationem,
2180 2397 2288 2450 illic

728 2499 1137 2554 precationem:
1169 2486 1257 2540 hic
1299 2487 1483 2550 tibias,
1525 2487 1632 2538 illic
1676 2489 1907 2555 gemitus
1934 2507 1946 2541 :
1973 2488 2060 2541 hic
2085 2499 2289 2540 scorta-

729 2580 954 2641 tionem,
986 2578 1096 2630 illic.
1120 2577 1501 2647 virginitatem.
1533 2575 1795 2642 Quoaiam
1825 2579 1984 2646 igitur
2000 2580 2140 2648 quod
2167 2593 2289 2630 vcre

726 2669 923 2723 bonum
957 2677 1058 2729 est,
1102 2668 1154 2720 id
1200 2670 1459 2721 duntaxat
1491 2671 1701 2722 ratione
1730 2685 1825 2738 per
1855 2670 2009 2723 lidem
2043 2684 2288 2737 compre-

727 2761 885 2814 hendi
941 2768 1114 2828 potest
1162 2758 1340 2827 (longe
1366 2758 1507 2811 enim
1551 2760 1723 2821 abest,
1761 2773 1859 2812 nec
1911 2758 2042 2811 vidit
2075 2758 2287 2822 oculus,

726 2864 826 2904 nec
872 2852 1020 2903 auris
1056 2847 1363 2917 audivit“),
1393 2850 1593 2918 peccati
1644 2863 1771 2901 vero
1823 2843 2059 2902 suavitas
2108 2863 2288 2916 prout-

727 2947 897 3005 ptam,
925 2947 978 2989 et
1007 2952 1100 3005 per
1123 2951 1312 2990 omnes
1347 2951 1536 2990 sensus
1567 2937 1812 2989 liuentem
1841 2939 2160 3005 voluptatem
2192 2939 2288 2992 Ita-

727 3031 847 3093 het;
890 3028 1093 3082 idcirco
1141 3029 1363 3092 beatus,
1399 3029 1487 3097 qui
1541 3039 1756 3096 propter
1787 3031 2068 3097 voluptatis
2110 3031 2288 3084 illece-

727 3120 852 3175 bras
881 3136 983 3173 non
1015 3119 1274 3174 deductus
1300 3128 1382 3173 est
1409 3119 1475 3172 ad
1520 3121 1817 3185 interitum,
1852 3123 1945 3176 sed
1977 3138 2124 3191 spem
2153 3124 2288 3176 salu-

2394 1925 2605 1999 αἰώνια,
2640 1927 2736 1997 τὴν
2769 1928 2970 1998 ἀρετὴν
3021 1927 3338 1998 αἱρουμένη,
3390 1927 3518 1978 ὅταν
3565 1925 3621 1978 δὲ
3676 1927 3962 1997 ἀποϐλέψῃ

2394 2018 2526 2088 πρὸς
2553 2020 2619 2070 τὰ
2651 2021 2912 2090 παρόντα,
2946 2021 3040 2092 τὴν
3068 2021 3260 2092 ἡδονὴν
3292 2017 3630 2090 προτιμῶσα.
3657 2013 3783 2068 Ὧδε
3837 2017 3962 2085 βλέ-

2391 2129 2482 2163 πει
2538 2113 2739 2182 σαρκὸς
2789 2113 3103 2176 εὐπάθειαν,
3153 2115 3269 2165 ἐκεῖ
3318 2110 3685 2178 δουλαγωγίαν
3721 2117 3956 2180 σαρκός·

2387 2198 2489 2257 ὧδε
2538 2205 2728 2276 μέθην,
2776 2206 2890 2256 ἐκεῖ
2924 2205 3204 2272 νηστείαν·
3242 2200 3343 2258 ὧδε
3388 2205 3628 2272 γέλωτας
3669 2205 3951 2271 ἀκρατεῖς,

2388 2297 2504 2348 ἐκεῖ
2531 2296 2763 2366 δάκρυον
2796 2294 3011 2362 δαψιλές
3039 2313 3052 2324 ι
3081 2294 3311 2347 ἐνταῦθα
3338 2295 3580 2365 ὄρχησιν,
3617 2296 3777 2348 κάκεῖ
3798 2310 3959 2364 προσι

2389 2390 2583 2458 ευχήν·
2629 2387 2823 2451 αὐλοὺς
2872 2381 2993 2447 ὧδε,
3049 2389 3209 2440 κάκεῖ
3261 2387 3629 2456 στεναγμούςο
3679 2380 3781 2439 ὦδε
3817 2403 3954 2458 πορ-

2388 2480 2555 2542 νείαν,
2591 2480 2752 2532 κάκεῖ
2789 2481 3103 2551 παρθενίαν.
3149 2480 3299 2533 Ἐπεὶ
3333 2475 3422 2532 οὖν
3459 2481 3519 2532 τὸ
3556 2480 3653 2550 μὲν
3687 2479 3957 2550 ἀληθινῶς

2388 2570 2588 2638 ἀγαθὸν
2635 2572 2875 2641 λογισμῷ
2917 2572 3117 2640 ληπτόν
3158 2575 3271 2625 ἐστι
3303 2573 3388 2626 διὰ
3437 2573 3670 2635 πίστεως
3711 2572 3954 2642 (μακρὰν

2387 2661 2494 2732 γὰρ
2527 2661 2856 2731 ἀπῴκισται,
2889 2663 2980 2715 καὶ
3015 2663 3284 2732 ὀφθαλμὸς
3329 2665 3428 2716 οὐκ
3459 2660 3582 2728 εἶδε,
3608 2665 3701 2716 καὶ
3734 2660 3824 2726 οὖς
3857 2665 3956 2717 οὑκ

2387 2754 2628 2826 ἤκουσε),
2656 2755 2716 2807 τὸ
2745 2754 2800 2807 δὲ
2831 2753 2929 2823 τῆς
2959 2754 3228 2824 ἁμαρτίας
3268 2754 3362 2824 ἡδὺ
3398 2756 3684 2825 πρόχειρον
3725 2755 3838 2824 ἔχει
3863 2753 3955 2806 καὶ

2387 2846 2474 2899 διὰ
2502 2846 2680 2917 πάσης
2711 2845 3014 2914 αἰσθήσεως
3046 2845 3270 2914 ῥέουσαν
3294 2845 3392 2916 τὴν
3414 2845 3740 2896 ἀπόλαυσιν·
3783 2847 3954 2914 μακὰ-

2390 2956 2500 3008 ριος
2535 2942 2562 2992 ὁ
2602 2940 2676 3010 μὴ
2718 2940 3079 3011 περιτραπεὶς
3113 2940 3174 2991 ἐκ
3231 2936 3340 3007 (28)
3371 2935 3476 2988 τῶν
3512 2937 3610 3006 τῆς
3652 2936 3848 3005 ἡδονῆς
3872 2937 3952 2988 δε-

2386 3030 2707 3100 λεασμάτων
2739 3032 2875 3102 πρὸς
2922 3031 3020 3103 τὴν
3054 3028 3351 3089 ἀπώλειαν,
3404 3026 3539 3081 ἀλλὰ
3581 3027 3648 3080 δι’
3683 3029 3956 3097 ὑπομονῆς

2385 3121 2482 3191 τὴν
2516 3121 2704 3174 ἐλπίδα
2742 3123 2838 3193 τῆς
2869 3122 3138 3193 σωτηρίας
3181 3120 3632 3191 ἀπεκδεχόμενος,
3669 3120 3766 3172 καὶ
3805 3122 3860 3172 ὲν
3891 3123 3952 3190 τῇ

732 3211 802 3264 tis
830 3220 1103 3279 exspectat
1130 3225 1223 3278 per
1257 3211 1588 3278 patientiam,
1623 3227 1685 3263 ac
1748 3215 1798 3264 in
1837 3226 2063 3281 utraque
2090 3215 2173 3265 via
2207 3230 2286 3268 se-

2388 3214 2583 3284 ὲκλογῇ
2617 3213 2722 3265 τῶν
2756 3213 2887 3266 ὁδῶν
2905 3215 3178 3285 ἑκατέρων
3201 3214 3274 3286 μὴ
3302 3213 3494 3276 ἐπιϐὰς
3517 3216 3616 3284 τῆς
3642 3210 3766 3265 ὁδοῦ
3800 3211 3956 3282 ἀγού-

725 3304 994 3358 cernenda
1025 3303 1164 3355 viam
1189 3303 1253 3353 ad
1289 3301 1553 3354 deteriora
1593 3301 1876 3355 ducentem
1909 3318 2010 3354 non
2053 3307 2214 3373 capit.

799 3395 852 3450 6.
900 3393 1062 3449 Vens.
1104 3396 1152 3448 l.
1184 3393 1252 3448 Et
1281 3395 1335 3447 in
1362 3393 1612 3447 cathedra
1644 3395 1954 3461 prstilentia:
1985 3411 2087 3448 non
2133 3398 2285 3450 sedit.

727 3486 864 3543 Num
897 3489 1012 3542 illas
1042 3490 1167 3543 dicit
1198 3490 1504 3554 cathedras,
1536 3489 1586 3542 in
1618 3491 1812 3558 quibus
1849 3501 2032 3544 nostra
2059 3507 2285 3561 corpora

728 3579 894 3648 quieti
936 3578 1157 3630 damus?
1192 3578 1368 3645 Ecqua
1410 3585 1492 3628 est
1532 3576 1656 3643 ligni
1690 3592 1810 3629 eum
1853 3589 2074 3644 peccato
2124 3580 2291 3634 socie-

731 3679 834 3733 tas,
866 3677 923 3721 ut
963 3666 1273 3720 cathedram
1314 3681 1343 3717 a
1382 3673 1669 3736 peccatore
1721 3678 2142 3736 pmoccupatam
2171 3680 2288 3723 tan-

728 3776 888 3830 quam
917 3760 1185 3813 exitialem
1237 3757 1421 3826 fugere
1467 3759 1730 3814 debeam?
1762 3757 1955 3813 Nonne
1989 3759 2195 3813 ﬁrmam
2227 3776 2288 3815 ac

729 3851 976 3904 stabilem
1003 3851 1054 3904 in
1079 3851 1188 3903 vitii
1212 3850 1603 3919 approbatione
1628 3850 1956 3922 morant96
1977 3849 2286 3905 cathedram

729 3942 835 3997 dici
877 3941 1030 3995 nobis
1057 3945 1346 4009 putandum
1383 3943 1508 3998 est?
1538 3941 1689 4008 Quod
1717 3956 2008 3998 caveamus
2051 3952 2286 4011 oportet,

731 4045 1015 4106 propterea
1053 4035 1195 4104 quod
1239 4036 1473 4089 studiosa
1507 4037 1559 4090 iu
1597 4037 1832 4105 peccatis
1868 4053 2016 4092 mora
2048 4037 2289 4092 habiturn

731 4130 1012 4200 quemdam
1048 4128 1139 4198 qui
1175 4126 1263 4181 vix
1306 4129 1485 4181 excuti
1530 4139 1722 4196 potest,
1751 4130 1801 4182 in
1843 4132 2040 4186 animis
2075 4133 2291 4202 ingenc-

730 4233 833 4276 rat.
865 4220 964 4275 Vix
1018 4221 1156 4276 enim
1192 4231 1413 4276 sanatur
1446 4221 1776 4274 inveteratus
1818 4223 1983 4276 animi
2047 4224 2286 4287 morbus,

730 4316 962 4383 malique
993 4315 1309 4370 exercitatio
1347 4325 1584 4384 tempore
1643 4316 1959 4369 conlirmata
1987 4329 2002 4366 :
2029 4316 2134 4370 imo
2165 4331 2289 4370 vero

731 4407 911 4463 sanari
968 4406 1186 4460 omnino
1217 4421 1321 4459 non
1371 4414 1570 4474 potest,
1603 4405 1647 4459 si
1685 4404 2018 4459 consuetudo
2049 4404 2102 4457 in
2137 4416 2288 4458 uatu-

2389 3321 2486 3373 σης
2518 3305 2612 3356 ἐπὶ
2641 3304 2707 3358 τὰ
2729 3305 2964 3377 χείρονα.

2458 3396 2510 3447 6.
2538 3396 2645 3448 Καὶ
2675 3396 2772 3448 ἐπὶ
2792 3396 3078 3464 καθέδρας
3101 3395 3325 3461 λοιμῶν
3351 3400 3462 3452 οὐκ
3490 3396 3795 3452 ἐκάθισεν.
3817 3393 3954 3466 Ἄρα

2386 3488 2615 3551 ταύτας·
2650 3487 2794 3556 λέγει
2850 3490 2948 3551 τὰς
3002 3489 3303 3560 καθέδρας,
3355 3492 3437 3558 ἐφ’
3484 3485 3557 3542 ὧν
3606 3490 3955 3558 ἀναπαύομεν

2386 3583 2418 3650 ἡ
2429 3579 2542 3651 μῶν
2561 3579 2630 3632 τὰ
2660 3579 2916 3650 adipata;
2941 3580 3048 3632 Καὶ
3078 3582 3161 3642 τίς
3187 3583 3217 3651 ὴ
3242 3581 3347 3633 ἀπὸ
3379 3581 3470 3634 τοῦ
3502 3581 3656 3644 ξύλου
3687 3582 3800 3652 (29)
3825 3582 3954 3653 7:95;

2389 3672 2660 3744 ἁμαρτίαν
2692 3672 2998 3743 μετάδοσις,
3029 3669 3169 3724 ὥστε
3202 3689 3266 3742 με
3301 3674 3397 3742 τὴν
3429 3673 3532 3725 ὑπὸ
3562 3674 3655 3726 τοῦ
3697 3677 3954 3746 ἁμαρτωα

2387 3761 2478 3815 λοῦ
2521 3762 3062 3834 προκαταληφθεῖσαν
3106 3761 3370 3836 καθέδραν
3401 3763 3474 3826 ὡς
3507 3764 3776 3834 βλαϐερὰν
3825 3769 3956 3819 ἁπο-

2389 3853 2649 3923 φεύγειν;
2682 3855 2752 3907 ’Ἡ
2793 3855 3031 3926 νομίζειν
3078 3856 3223 3925 ἡμᾶς
3266 3855 3369 3927 χρὴ
3404 3856 3669 3927 καθέδραν
3705 3856 3952 3924 λέγεσθαι

2387 3942 2485 4013 τὴν
2530 3946 2746 4015 ἑδραίαν
2793 3948 2887 3999 καὶ
2934 3947 3159 4016 μόνιμον
3193 3948 3248 3998 ὲν
3282 3950 3346 4017 τῇ
3396 3947 3571 4018 κρίσει
3627 3947 3725 4017 τῆς
3764 3948 3954 4010 κακίας

2388 4034 2697 4106 διατριϐήνς
2742 4039 2806 4089 Ὃ
2853 4037 3151 4105 φυλακτέον
3191 4040 3338 4108 ἡμῖν,
3370 4039 3500 4091 διότι
3544 4038 3604 4091 τὸ
3657 4039 3954 4107 φιλοπόνως

2389 4125 2823 4198 προσ-διατρίϐειν
2854 4130 2974 4189 ταῖς
3016 4130 3309 4198 ἁμαρτίαις
3341 4129 3450 4191 ἕξιν
3484 4129 3600 4181 τινὰ
3641 4131 3952 4199 δυσκίνητον

2353 4215 2355 4218 ’
2386 4223 2506 4283 ταῖς
2537 4219 2734 4290 ψυχαῖς
2778 4221 3013 4290 ἐμποιεῖ.
3065 4218 3376 4272 Παλαιωθὲν
3407 4219 3511 4289 γὰρ
3549 4219 3722 4282 πάθος
3755 4221 3951 4290 ψυχῆς,

2389 4314 2483 4367 καὶ
2497 4312 2669 4366 κακοῦ
2697 4311 2894 4382 μελέτη
2925 4311 3100 4382 χρόνῳ
3125 4310 3478 4382 βεϐαιωθεῖσα
3504 4311 3756 4376 δυσίατός
3778 4314 3943 4372 ἐστιν.

2388 4407 2419 4476 ἢ
2457 4406 2550 4458 καὶ
2576 4405 2793 4469 ἀνίατος
2817 4403 3115 4470 παντελῶς,
3145 4407 3225 4468 είς
3249 4404 3428 4475 φύσιν,
3454 4405 3528 4469 ὼς
3543 4405 3612 4459 τὰ
3645 4406 3836 4471 πολλὰ,
3863 4405 3950 4459 τοῦ

728 4514 844 4556 ram
873 4507 1130 4559 transeat,
1158 4497 1209 4550 id
1244 4498 1383 4565 quod
1408 4498 1723 4567 plerumque
1754 4497 1955 4552 evenit.
1982 4495 2283 4566 Optandum

2390 4498 2542 4562 ἔθους
2597 4499 3007 4570 μεθισταμένου.
3043 4499 3219 4569 Εὑχῆς
3255 4500 3350 4568 μὲν
3379 4493 3468 4552 οὖν
3495 4498 3640 4564 ἄξιον
3676 4500 3750 4570 μὴ
3788 4515 3952 4570 προσ-

730 4591 892 4662 igitur
927 4588 1110 4655 fuerit,
1143 4599 1200 4644 ut
1226 4603 1294 4644 ne
1323 4591 1648 4657 attingamus
1673 4589 1892 4643 malum.
1917 4589 2170 4642 Attamen
2203 4603 2286 4642 se-

728 4685 900 4739 cunda
949 4692 1191 4752 superest
1235 4681 1527 4751 navigatio,
1558 4691 1615 4735 ut
1639 4682 1821 4734 statim
1855 4690 1974 4751 post
2002 4681 2290 4749 experien-

733 4763 885 4830 tiam'
903 4775 1031 4829 illud
1066 4785 1316 4843 tanquam
1345 4773 1531 4829 bestiae
1571 4785 1845 4827 venenatae
1888 4772 2096 4842 plagam
2122 4769 2288 4825 decli-

730 4882 939 4932 nemus,
971 4869 1265 4922 secundum
1297 4866 1640 4921 Salomonem
1680 4865 1745 4917 de
1789 4864 2025 4933 improba
2063 4862 2287 4916 muliere

730 4958 1050 5015 scribentem
1079 4975 1093 5013 :
1129 4957 1211 5013 Ne
1240 4959 1447 5027 injiciaa
1484 4957 1694 5012 oculum
1728 4965 1874 5008 tuum
1921 4958 1976 5008 in
2026 4973 2163 5019 eam,
2197 4955 2286 5008 sed

730 5051 908 5116 mili,-
934 5065 996 5103 ηε
1022 5048 1318 5102 moreris“.
1349 5049 1411 5102 Et
1437 5063 1564 5103 vero
1591 5045 1855 5118 quosdam
1892 5045 2037 5109 novi,
2070 5046 2159 5115 qui
2192 5057 2287 5114 per

802 5205 844 5236 ’θ
872 5213 881 5254 t
914 5201 1040 5260 (or.
1075 5219 1140 5268 tt,
1169 5200 1222 5258 9.
1308 5201 1352 5233 “
1375 5201 1532 5257 Prov.
1565 5200 1758 5268 tx,18.

799 5365 913 5490 Σὲϐ)
964 5365 1065 5420 Pro
1105 5364 1284 5417 πυκνά
1332 5363 1525 5432 legitur
1571 5365 1622 5419 in
1682 5363 1952 5432 aliquibus
2000 5379 2125 5416 tnss.
2186 5381 2286 5415 πυ-

731 5453 912 5576 ﬁgi)
943 5505 1080 5560 Edit.
1118 5504 1405 5573 προτείνει.
1439 5503 1506 5556 At
1534 5519 1662 5558 mss.
1711 5518 1818 5557 non
1862 5503 2016 5574 pauci
2071 5502 2288 5576 προτείο

730 5594 914 5717 Ἳὲἓ)
943 5645 1033 5700 Sic
1060 5660 1189 5700 mss.
1220 5643 1455 5714 plurimi.
1489 5640 1689 5698 Vocula
1719 5646 1782 5696 ὲκ
1810 5644 1861 5696 in
1889 5642 2046 5698 editis
2073 5642 2286 5696 deside-

945 5787 1082 5842 Editi
1108 5786 1215 5840 ἀπὸ
1239 5785 1416 5841 ἕύλου.
1442 5787 1507 5841 At
1541 5801 1671 5843 mss.
1699 5783 1804 5839 ἀπὸ
1839 5783 1930 5836 τοῦ
1965 5783 2140 5848 ξύλου.

2396 4588 2632 4658 ἅψασθαι
2683 4589 2774 4642 τοῦ
2817 4589 3006 4642 κακοῦ.
3046 4589 3305 4654 Δεύτερος
3333 4590 3389 4642 δὲ
3419 4589 3600 4652 πλοῦς,
3629 4591 3791 4654 εὐθὺς
3823 4591 3950 4661 μετὰ

2393 4678 2490 4748 τὴν
2519 4681 2711 4749 πεῖραν
2738 4679 2923 4750 ὥσπερ
2950 4679 3151 4731 ἱοὸόλου
3190 4679 3402 4751 πληγὴν
3428 4679 3783 4748 ἀποφεύγειν,
3819 4683 3953 4734 κατὰ

2387 4769 2447 4821 τὸ
2475 4771 2856 4842 γεγραμμένον
2885 4771 3034 4843 παρὰ
3062 4771 3153 4824 τοῦ
3188 4773 3527 4843 Σολομῶντος
3569 4773 3698 4844 περὶ
3725 4774 3827 4844 τῆς
3857 4792 3951 4842 γυ-

2388 4863 2572 4926 ναικὸς
2603 4865 2700 4934 τῆς
2732 4865 2962 4934 φαύλης,
3011 4865 3090 4918 ὅτι
3129 4865 3223 4934 Μὴ
3261 4864 3596 4936 ἐπιστήσῃς
3647 4866 3764 4920 σὸν
3803 4867 3951 4937 ὄμμα

2389 4955 2535 5023 πρὸς
2547 4958 2760 5026 αὐτὴν,
2774 4959 2908 5012 ἀλλ’
2924 4945 3339 5028 ἀζιτοπήδησον·
3351 4957 3434 5028 μὴ
3449 4959 3809 5028 ἐγχρονίσῃς
3824 4959 3949 5028 (30).

2390 5045 2502 5100 Νῦν
2548 5049 2604 5102 δὲ
2649 5045 2766 5103 οἶδά
2809 5067 2962 5115 τινας
2999 5053 3056 5104 ὲν
3096 5052 3306 5121 νεότητι
3352 5051 3486 5124 πρὸς
3516 5051 3586 5104 τὰ
3614 5051 3715 5120 τῆς
3759 5050 3952 5122 σαρκὸς

2458 5364 2567 5434 (50)
2597 5361 2771 5436 Editio
2819 5363 2987 5417 Paris.
3026 5363 3099 5434 μὴ
3128 5365 3380 5436 χρονίσῃς
3418 5365 3476 5416 ἐν
3514 5363 3593 5432 τῷ
3621 5364 3796 5434 τόπῳ.
3849 5365 3949 5419 Sed

2387 5433 2630 5494 ἰΙΙιιιΙ,⁷ὲν
2667 5433 2745 5503 τῷ
2771 5436 2941 5503 τόπῳ,
2979 5433 3035 5485 ἰιι
3060 5433 3296 5489 editione
3326 5433 3493 5488 Basil.
3533 5449 3585 5484 ιιι
3654 5439 3707 5489 in
3747 5433 3950 5489 nostris

2385 5519 2476 5556 sv-x
2511 5490 2642 5557 mss.
2678 5490 2844 5558 dcest.
2891 5490 2966 5558 iis
3017 5519 3121 5572 quo
3173 5509 3249 5567 lit,
3286 5515 3364 5558 -ιιι
3401 5520 3463 5558 ex
3498 5504 3687 5560 Bibliis
3716 5507 3947 5557 additqu

2385 5573 2552 5645 fuisse
2613 5575 2758 5645 credi
2815 5576 3008 5628 merito
3038 5575 3220 5645 possit.
3260 5574 3320 5628 Et
3357 5579 3455 5628 huc
3508 5577 3834 5636 notandum,
3863 5593 3951 5645 pro

2385 5642 2636 5730 χρονίσης
2666 5644 2763 5712 legi
2805 5645 2857 5698 in
2890 5645 3123 5699 editione
3156 5642 3314 5700 Basil.
3373 5657 3423 5698 et
3472 5645 3524 5699 in
3567 5648 3768 5714 aliquot
3827 5642 3947 5701 mss.

2385 5728 2724 5785 εγχρονισῃς.
