4100 6312
188 364 290 419 9ῗὸ

1374 356 1654 405 ιιυλιιωΑ
1692 358 1752 404 ltV
1798 348 2123 401 I’SALMUM
2166 345 2204 396 Ι.

3294 336 3396 391 ﬁli

188 478 332 551 πάθη
370 476 884 545 κατολισθήσαντας,
909 474 1003 527 καὶ
1034 470 1192 544 μέχρι
1217 468 1406 533 πολιᾶς
1438 468 1550 538 {31)
1580 468 1748 538 αὐτῆς

1868 478 2002 519 suam
2027 460 2364 530 juventutetn
2410 460 2463 514 in
2513 461 2691 513 carnis
2721 458 2847 512 vitia
2878 455 3106 529 delapsi,
3141 455 3206 509 ad
3238 454 3404 524 ipsam

184 570 274 626 διὰ
299 570 587 642 συνήθειαν
615 565 709 619 τοῦ
743 564 913 625 κακοῦ
936 566 1054 625 ταῖς
1082 560 1377 633 ἁμαρτίαις
1407 558 1748 631 παραμένον-

182 681 304 728 τας.
352 664 437 725 Ὠς
484 659 593 730 γὰρ
644 659 693 711 οί
756 658 815 709 ἑν
889 654 1132 728 βορϐόρῳ
1179 651 1584 721 καλινδούμενοι
1636 649 1747 720 (32)

183 759 356 826 χοίροι
379 752 463 805 ἀεὶ
486 748 949 819 προσπλάττουσιν
980 747 1189 809 ἑαυτοῖς
1218 744 1307 798 τὸν
1348 742 1516 812 πηλόν
1535 757 1548 771 °
1576 740 1749 802 οὕτως

184 842 333 901 οὗτοι
360 844 420 896 τὸ
442 845 503 896 ἑκ
535 844 630 912 τῆς
664 840 855 911 ἡδονῆς
885 837 1071 908 αἶσχος
1113 836 1234 892 καθ’
1269 836 1503 904 ἑκάστην
1541 832 1751 903 ἡμέραν

183 935 751 1007 προσαναμὰσσονται.
804 931 1086 1001 Μακάρων
1143 930 1240 1001 μὲν
1286 922 1378 979 οῦν
1409 924 1467 977 τὸ
1516 922 1593 995 μὴ
1640 924 1751 976 δια-

184 1026 443 1097 νοηθῆναι
474 1026 535 1079 τὸ
580 1023 843 1096 πονηρόν·
888 1021 936 1074 cl
988 1021 1044 1075 δὲ
1087 1020 1229 1075 κατὰ
1262 1015 1613 1087 συναρπαγὴν
1656 1012 1751 1066 τοῦ

184 1115 383 1188 ἑχθροῦ
415 1114 579 1179 ἐδέξω
602 1118 667 1187 τῇ
689 1116 831 1185 ψυχῇ
862 1113 1199 1183 βουλεύματα
1224 1107 1499 1170 ἀσεϐείας,
1528 1105 1601 1177 μὴ
1624 1108 1753 1174 στῇς

185 1212 284 1265 ἑπὶ
317 1213 412 1281 τῆς
459 1210 749 1280 ἁμαρτίας.
788 1208 849 1261 Εἰ
891 1207 946 1259 δὲ
988 1205 1081 1257 καὶ⁹
1124 1202 1279 1255 τοῦτο
1324 1199 1618 1260 πέπονθας,
1679 1195 1753 1265 μὴ

184 1301 499 1372 ἑνιδρυνθῇς
528 1301 604 1372 τῷ
635 1300 805 1371 κακῷ.
836 1301 925 1368 Μὴ
957 1294 1133 1349 τοίνυν
1165 1292 1434 1362 καθεσθῇς
1471 1291 1561 1343 ἐπὶ
1612 1288 1745 1342 καθ-

185 1395 350 1464 έδρας
368 1392 467 1462 τῆς
496 1393 602 1447 τῶν
626 1393 847 1463 λοιμῶν.
876 1389 937 1442 El
963 1388 1070 1458 ('53)
1100 1386 1325 1459 ἐνόησας
1355 1383 1615 1456 καθέδραν
1634 1381 1754 1435 τίνα

187 1486 585 1556 φησὶνόλόγος,
617 1488 698 1539 ὅτι
742 1483 840 1551 τὴν
860 1480 1053 1550 διαρκῆ
1079 1480 1224 1547 λέγει
1254 1477 1345 1531 τοῦ
1374 1475 1543 1530 κακοῦ
1585 1490 1750 1545 προσ-

188 1577 395 1647 εδρίαν,
423 1577 674 1641 ἐξέτασον
698 1573 883 1626 λοιπὸν
906 1572 1062 1633 τίνας
1092 1569 1341 1638 ὠνόμασε
1368 1566 1493 1627 τοὺς
1513 1564 1749 1633 λοιμούς.

184 1669 325 1721 Φασὶ
366 1670 427 1738 δὴ
464 1669 554 1720 τὸν
600 1664 787 1735 λοιμὸν
832 1664 879 1716 οἱ
926 1663 1054 1731 περὶ
1097 1660 1269 1713 ταῦτα
1320 1656 1502 1718 δεινοὶ,
1539 1654 1756 1707 ἐπειδὰν

187 1761 309 1824 ἑνὸς
333 1758 615 1831 ἀνθρώπου
650 1757 680 1829 ἢ
710 1757 935 1827 κτήνους
968 1753 1192 1823 ἅψηται,
1224 1748 1365 1803 κατὰ
1401 1748 1634 1801 διάδοσιν
1666 1745 1756 1798 ἐπὶ

187 1856 402 1919 πάντας
451 1855 576 1917 τοὺς
621 1850 935 1923 ἑγγίζοντας
993 1844 1376 1915 διανέμεσθαι·
1429 1841 1589 1911 φύσιν
1646 1838 1755 1911 γὰρ

186 1945 330 2000 εἶναι
365 1948 461 2016 τῆς
489 1945 642 1999 νόσου
668 1942 941 2014 τοιαύτην,
965 1940 1025 1995 τὸ
1056 1938 1114 2005 ἑξ
1137 1936 1380 2008 ἀλλήλων
1405 1934 1610 1995 πάντας
1637 1932 1758 1985 ἁνα-

186 2036 500 2107 πιμπλάναι
529 2036 627 2103 τῆς
654 2034 978 2105 ἀρρωστίας.
1015 2030 1255 2085 Τοιοῦτοι
1282 2026 1340 2080 δέ
1361 2025 1504 2088 τινές
1536 2026 1640 2078 είσι
1667 2023 1759 2075 καὶ⁹

186 2130 238 2181 οί
284 2127 511 2200 ὲργὰται
533 2126 633 2195 τῆς
655 2125 902 2195 ἀνομίας,
944 2123 1134 2185 Ἀλλος
1164 2122 1273 2192 γὰρ
1298 2120 1442 2189 ἄλλῳ
1470 2117 1568 2187 τῆς
1597 2116 1755 2171 νόσου

192 2219 564 2294 μεταδιδόντες
598 2215 938 2271 συννοσοῦσιν
962 2215 1211 2285 ἀλλήλοις
1231 2256 1245 2280 ,
1276 2212 1371 2267 καὶ
1401 2210 1761 2266 συναπόλλυν-

186 2332 299 2368 ται.
340 2314 410 2365 “ll
435 2313 531 2383 οὐχ
571 2312 700 2382 ὁρᾷς
729 2311 853 2371 τοὺς
889 2307 1117 2378 πόρνους
1148 2308 1268 2369 τοὺς
1299 2307 1389 2358 ἑπὶ
1428 2306 1523 2375 τῆς
1559 2303 1763 2375 ἀγορᾶς

190 2406 557 2479 καθημένους,
599 2403 692 2457 καὶ
735 2400 1151 2469 καταγελῶντας
1184 2398 1290 2450 τῶν
1324 2396 1760 2468 σωφρονούντων,

190 2501 289 2553 καὶ
321 2498 706 2569 διηγουμένους
740 2493 949 2549 ἑαυτῶν
977 2492 1045 2546 τὰ
1068 2491 1167 2561 τῆς
1199 2489 1461 2558 αἰσχύνης
1494 2489 1654 2559 ἔργα,
1698 2489 1765 2542 τὰ

191 2590 288 2643 τοῦ
317 2589 538 2650 σκότους
560 2587 989 2657 ἐπιτηδεύματα,
1030 2584 1125 2637 καὶ
1149 2582 1216 2635 τὰ
1239 2582 1382 2653 πάθη
1413 2582 1511 2651 τῆς
1545 2583 1764 2651 ἀτιμίας

194 2680 711 2753 ἁπαριθμουμένους
732 2679 806 2743 ὡς
834 2679 1130 2750 ἀριστείας,
1161 2677 1193 2748 ἦ
1216 2692 1368 2739 τινας
1398 2674 1562 2737 ἄλλας
1581 2674 1769 2745 ἀνδρα-

192 2776 427 2845 γαθίας;
463 2765 620 2826 Οῦτοί
650 2774 785 2823 εἰσιν
813 2774 860 2823 οί
893 2771 1069 2839 λοιμοὶ
1100 2771 1149 2822 οί
1183 2768 1245 2821 τδ
1288 2768 1417 2821 ἴδιον
1463 2766 1627 2819 κακὸν
1677 2764 1769 2817 ἐπὶ

196 2869 407 2929 πάντας
422 2867 572 2933 ἄγειν
588 2860 1034 2932 φιλονεικοῦντες,
1065 2862 1157 2913 καὶ
1174 2859 1399 2923 πολλοὺς
1426 2859 1637 2922 ἑαυτοῖς
1658 2857 1768 2927 (54)

196 2956 612 3030 παραπλησίους
641 2953 893 3023 γενέσθαι
946 2951 1408 3022 φιλοτιμούμενοι,
1456 2952 1542 3003 ἴνα
1596 2950 1653 3002 ἑν
1703 2951 1768 3019 τῇ

196 3050 454 3121 κοινωνία
476 3048 583 3102 τῶν
611 3046 794 3102 κακῶν
825 3045 1129 3116 διαφύγωσι
1160 3044 1227 3097 τά
1254 3044 1449 3114 ὀνείδη.
1494 3041 1629 3097 Οὔτε
1664 3040 1771 3111 γὰρ

1851 569 2023 626 usque
2063 553 2313 607 canitiem
2347 552 2399 604 in
2432 551 2669 620 peccatis
2703 559 2919 618 propter
2960 550 3085 603 mali
3120 556 3407 601 consuetu-

1852 653 2030 705 dinem
2075 653 2579 717 perseveraverunt.
2613 642 3070 710 Quemadmodum
3108 641 3249 697 enim
3285 652 3410 693 sues

1852 746 1943 812 qui
1981 754 2104 797 sese
2137 739 2187 792 in
2221 753 2377 793 cmno
2425 734 2734 800 obvolvunt,
2774 749 2986 803 semper
3008 733 3174 802 magis
3203 748 3266 788 ac
3296 747 3410 785 ma-

1855 836 1934 903 gis
1961 835 2073 888 luto
2099 840 2498 900 asperguntur.
2533 829 2611 884 sic
2642 828 2677 882 ii
2728 828 2965 896 quotidie
3000 825 3168 895 magis
3194 840 3257 878 ac
3298 841 3410 877 tna-

1856 924 1936 992 gis
1968 921 2259 993 voluptatis
2290 922 2392 975 sibi
2415 922 2646 975 dedecus
2674 920 2916 973 inurunt.
2940 916 3222 972 Beatitudo
3252 917 3412 986 igitur

1853 1024 1935 1067 est
1965 1015 2163 1069 malum
2219 1026 2326 1067 non
2377 1014 2686 1080 cogitasse:
2721 1010 2765 1066 si
2818 1018 2996 1062 tamen
3042 1009 3245 1062 inimici
3293 1008 3414 1062 dolo

1854 1102 2075 1156 consilia
2125 1101 2413 1173 impietatis
2460 1100 2726 1167 receperis
2768 1100 2820 1152 in
2868 1099 3068 1160 anima,
3105 1112 3172 1151 ne
3200 1101 3414 1153 steteris

1857 1194 1905 1245 in
1934 1202 2173 1262 peccato.
2211 1194 2363 1261 Quod
2411 1193 2454 1248 si
2485 1191 2649 1247 etiam
2697 1190 2750 1244 id
2779 1189 2869 1243 tibi
2901 1188 3149 1257 contigit,
3184 1188 3235 1243 in
3273 1191 3414 1243 malo

1857 1301 1921 1338 ne
1955 1298 2288 1354 permaneas.
2321 1285 2395 1338 Ne
2434 1285 2599 1354 igitur
2627 1280 2833 1339 sederis
2864 1282 2913 1336 in
2965 1282 3217 1336 cathedra
3250 1284 3415 1351 βεειί-

1856 1380 2166 1431 lentiarum.
2210 1376 2267 1431 Si
2309 1377 2619 1431 intellexisti
2663 1391 2948 1447 quamnam
2988 1376 3303 1431 cathedram
3330 1375 3413 1427 di-

1855 1483 1941 1527 cat
1968 1471 2268 1542 Scriptura,
2300 1469 2553 1522 nimirum
2590 1467 2796 1536 longam
2826 1470 2877 1521 in
2906 1471 3045 1524 malo
3072 1483 3405 1540 perseveran-

1857 1566 2004 1629 tiam,
2036 1566 2101 1621 de
2150 1573 2348 1621 caetero
2394 1560 2649 1631 exquiras
2696 1560 2854 1614 velim
2908 1574 3039 1629 quas
3082 1561 3407 1629 pestilentia:

1859 1657 2118 1709 nominet.
2164 1656 2328 1709 Aiunt
2362 1654 2618 1708 harumce
2653 1664 2831 1705 rerum
2873 1650 3027 1721 periti
3074 1659 3296 1719 pestem,
3325 1652 3410 1704 ubi

1860 1761 2021 1799 unum
2055 1744 2348 1809 hominem,
2375 1756 2467 1799 aut
2488 1745 2789 1813 iumentum
2814 1742 3070 1813 attigerit,
3099 1742 3150 1796 in
3176 1757 3417 1812 quosque

1860 1838 2130 1907 proximos
2182 1852 2275 1903 per
2319 1838 2465 1891 vices
2503 1852 2747 1907 serpere;
2801 1835 3134 1891 contendunt
3181 1848 3417 1902 namque

1860 1929 2015 1997 ltujus
2071 1928 2241 1982 morbi
2294 1937 2541 1979 naturam
2603 1928 2757 1980 talem
2817 1936 2958 1992 esse,
2991 1937 3047 1981 ut
3080 1941 3265 1981 omnes
3298 1941 3418 1981 sese

1860 2034 2044 2078 mutuo
2088 2022 2407 2093 aegritudine
2448 2020 2709 2091 repleant.
2744 2021 2901 2075 Tales
2946 2022 3127 2089 itaque
3169 2030 3295 2076 sunt
3325 2023 3421 2075 ini-

1862 2116 2089 2186 quitatis
2135 2115 2389 2185 operarii.
2432 2112 2566 2169 Nam
2596 2113 2733 2167 alter
2770 2112 2922 2166 alteri
2948 2114 3190 2166 morbum
3224 2112 3419 2181 imper-

1867 2209 2062 2262 tientes
2108 2216 2370 2278 aegrotant
2413 2206 2592 2271 simul,
2641 2206 2909 2275 simulque
2956 2213 3201 2277 pereunt.
3234 2204 3420 2259 Nonne

1863 2298 2094 2354 cinaedos
2124 2296 2390 2368 conspicis
2418 2299 2468 2352 in
2496 2298 2614 2352 foro
2644 2299 2915 2358 sedentes,
2951 2297 3040 2367 qui
3075 2306 3255 2352 castos
3288 2312 3419 2365 quo-

1864 2406 1968 2461 que
2004 2390 2250 2455 irrident,
2278 2392 2476 2459 quique
2503 2405 2597 2443 sua
2632 2389 2973 2457 turpitudinis
3006 2403 3165 2458 opera
3194 2402 3419 2442 narran—

1866 2495 1969 2550 tes,
2016 2483 2362 2539 tenebrarum
2410 2482 2583 2536 studia
2614 2492 2669 2536 et
2698 2481 3015 2550 cupiditates
3042 2480 3423 2549 ignominiosas

1867 2586 2118 2646 tanquam
2158 2573 2420 2644 prmclare
2460 2582 2631 2643 gcsta,
2669 2581 2760 2626 aut
2803 2570 2907 2625 alia
2941 2571 3184 2641 quaedam
3210 2571 3423 2642 egregia

1868 2666 2105 2722 facinora
2134 2662 2596 2722 commemorant?
2624 2661 2809 2717 Pestes
2837 2672 2965 2717 sunt
3003 2663 3060 2730 ii,
3086 2662 3177 2733 qui
3223 2663 3278 2717 in
3310 2679 3425 2718 om-

1870 2776 1965 2814 nes
1999 2759 2374 2814 transfundere
2401 2768 2662 2813 conantnr
2692 2755 2964 2825 proprium
3006 2754 3267 2820 morbum,
3294 2754 3426 2807 ntul-

1872 2858 2059 2917 tosque
2091 2847 2189 2901 sibi
2227 2846 2432 2899 similes
2461 2848 2574 2901 fieri
2608 2859 2933 2915 magnopere
2958 2844 3200 2914 cupiunt,
3229 2853 3287 2899 ut
3333 2862 3426 2915 per

1877 2936 2016 2991 hanc
2052 2936 2313 2989 malorum
2346 2936 2885 2990 communicationem
2920 2934 3192 2990 infamiam
3236 2937 3427 2991 vitent.

1872 3026 2006 3080 Nam
2059 3038 2231 3094 neque
2284 3024 2422 3093 ignis
2476 3024 2756 3078 materiam
2794 3026 3148 3095 suscipiendas
3201 3023 3431 3080 ﬂamma:

196 3142 312 3214 πῦρ
341 3105 789 3213 εὐκαταπρήστου
814 3104 943 3208 ὕλης
970 3104 1244 3206 ἁξιὰμενον
1270 3104 1494 3187 δυνατὸν
1546 3131 1620 3203 μὴ
1650 3104 1765 3200 aiax-1

1876 3120 2117 3172 idoneam
2154 3124 2363 3181 nactus,
2400 3114 2641 3170 cohiberi
2690 3126 2882 3183 potest,
2914 3104 3203 3185 quominus
3254 3116 3431 3171 subsi-

196 3204 296 3289 ἐπί
345 3237 523 3288 πᾶσαν
571 3204 739 3302 αὐτὴν
776 3204 1046 3299 διαϐῆναι,
1089 3204 1264 3288 ἁλλως
1298 3242 1357 3277 τε
1391 3224 1491 3278 κᾶν
1543 3223 1765 3293 ἐπιτύχῃ

1875 3207 1969 3261 liat
2010 3207 2074 3261 ad
2123 3207 2427 3261 universam
2460 3227 2472 3261 ;
2510 3205 2767 3271 maxime,
2812 3204 2863 3261 si
2902 3205 3193 3261 vehemens
3243 3217 3430 3264 ventus

197 3329 510 3399 πνεύματος
537 3324 794 3394 ἑπιφόρου
822 3323 922 3393 τὴν
950 3320 1121 3389 φλόγα
1177 3315 1584 3387 διακομίζοντος
1607 3331 1618 3343 ·
1647 3313 1770 3367 οὔτε

194 3422 299 3492 τὴν
343 3419 633 3490 ἁμαρτίαν,
674 3415 790 3477 ἑνὸς
831 3413 1134 3484 ἁψαμένην,
1184 3410 1259 3481 μὴ
1289 3409 1408 3479 οὐχὶ
1442 3408 1533 3461 ἐπὶ
1568 3406 1774 3469 πάντας

195 3513 328 3573 τοὺς
373 3507 685 3578 ἑγγίζοντας
742 3503 988 3567 διελθεῖν,
1045 3500 1386 3567 ἑξαπτόντων
1442 3497 1611 3567 αὐτὴν
1667 3495 1774 3548 τῶν

198 3602 529 3673 πνευμάτων
587 3600 686 3676 τῆς
747 3596 1032 3668 πονηρίας.
1084 3593 1157 3645 Τὸ
1208 3590 1317 3662 γὰρ
1368 3590 1467 3660 τῆς
1523 3582 1774 3658 πορνείας

202 3696 424 3766 πνεῦμα
450 3695 549 3747 οὐκ
573 3692 821 3763 ἀνέχεται
848 3691 904 3741 ἑν
941 3686 1018 3758 τῷ
1047 3686 1128 3739 ἑνὶ
1172 3684 1362 3754 στῆναι
1395 3680 1504 3753 (55)
1541 3680 1639 3752 τὴν
1662 3678 1776 3731 άτι-

204 3786 361 3857 μίαν,
380 3784 490 3837 ἀλλ’
513 3783 670 3846 εὐθὺς
690 3780 974 3853 ἡλικιῶται
993 3774 1545 3848 συμπαρελήφθησαν·
1578 3769 1772 3840 κῶμοι,

200 3878 304 3932 καὶ
321 3877 512 3949 μέθαι,
530 3877 621 3928 καὶ
643 3874 839 3945 αἰσχρὰ
868 3873 1198 3942 διηγήματαδ
1229 3867 1418 3938 ἑταίρα
1444 3863 1557 3935 (56)
1578 3861 1776 3933 συμπί-

201 3988 394 4033 νουσα,
427 3968 599 4038 τούτῳ
630 3964 1054 4038 προσμειδιῶσα,
1093 3964 1342 4015 κάκεῖνον
1379 3957 1774 4029 διερεθίζουσα,

204 4066 306 4119 καὶ
331 4063 539 4125 πάντας
570 4059 704 4131 πρὸς
730 4059 830 4127 τὴν
851 4056 1019 4124 αὐτὴν
1046 4052 1321 4123 ἁμαρτίαν
1372 4050 1774 4119 συμφλέγουσα.

202 4151 357 4223 ’Δρα
398 4152 591 4222 μικρὸς
614 4152 642 4203 ό
666 4148 853 4218 λοιμὸς
880 4140 1053 4209 οὗτος,
1089 4143 1122 4214 ἦ
1151 4141 1322 4213 μικρὰ
1368 4141 1400 4210 ἡ
1429 4139 1661 4201 διάδοσις
1684 4136 1778 4191 τοῦ

205 4244 415 4310 κακούς
447 4244 511 4295 Τί
549 4243 625 4309 δὲ,
666 4242 695 4292 ό
740 4240 828 4292 τὸν
871 4235 1196 4305 πλεονέκτην
1232 4230 1429 4303 ζηλῶν,
1459 4230 1491 4301 ἢ
1526 4229 1554 4280 ό
1586 4228 1675 4281 τὸν
1721 4227 1779 4292 ἐξ

208 4337 379 4408 ἄλλης
401 4334 541 4398 τινὸς
572 4331 835 4404 πονηρίας
866 4327 1136 4400 περιφανῆ
1163 4342 1285 4379 τινα
1325 4322 1606 4391 πολιτικὴν
1627 4320 1780 4373 δυνα-

212 4429 397 4482 στείαν
451 4422 928 4498 περιϐεϐλημένον,
974 4419 1006 4490 ἢ
1067 4417 1234 4471 ἑθνῶν
1290 4414 1585 4485 ἠγεμονίαν
1635 4412 1782 4481 έχον-

1876 3298 2218 3353 transfundat
2237 3294 2509 3349 flammam
2540 3312 2553 3349 :
2588 3309 2762 3365 neque
2787 3295 2903 3350 fieri
2930 3306 3122 3366 potest,
3154 3307 3212 3353 ut
3240 3312 3431 3369 pecca-

1876 3402 2008 3460 tum,
2046 3390 2188 3461 quod
2219 3404 2382 3442 unum
2418 3387 2649 3459 aliquem
2698 3389 2959 3460 attigerit,
2994 3390 3061 3444 ad
3087 3404 3274 3445 omnes
3302 3390 3435 3446 vici-

1874 3500 1972 3541 nos
2002 3500 2104 3540 non
2142 3492 2396 3549 transeat,
2444 3483 2488 3537 si
2542 3484 2793 3553 nequitiae
2821 3485 3042 3550 spiritus
3079 3482 3208 3535 illud
3244 3495 3435 3535 accen-

1874 3580 2020 3633 dant.
2059 3576 2274 3631 Manere
2314 3575 2455 3629 enim
2505 3575 2558 3629 in
2614 3590 2719 3629 uno
2768 3574 3101 3642 iniquitatem
3152 3588 3257 3627 non
3308 3573 3435 3629 sinit

1874 3668 2095 3737 spiritus
2144 3668 2339 3735 stupri,
2389 3665 2482 3719 sed
2553 3664 2736 3719 statim
2789 3664 2954 3717 curavi
3021 3664 3431 3732 consociantur;

1874 3760 2338 3823 eumessationes,
2415 3756 2748 3820 ebrietates,
2832 3770 3106 3811 sermones
3181 3756 3434 3822 obsceni;

1876 3863 2114 3904 scortum
2166 3853 2522 3915 compotans,
2561 3844 2684 3900 huic
2727 3845 2992 3911 arridens,
3050 3845 3200 3900 illum
3252 3860 3439 3915 provo-

1879 3957 2029 4005 cans,
2074 3941 2138 3995 ad
2190 3940 2329 3994 idem
2360 3949 2641 4007 peccatum
2690 3938 2999 3993 accendens
3035 3952 3247 3995 omnes.
3294 3937 3433 3992 Num

1880 4048 2042 4103 parva
2094 4034 2209 4087 tunc
2262 4030 2602 4100 pestilentia,
2652 4044 2781 4085 num
2831 4029 3040 4084 modica
3085 4029 3271 4086 isthmc
3316 4048 3438 4102 pec-

1879 4128 1981 4180 cati
2036 4125 2323 4196 contagio?
2355 4123 2494 4191 Quid
2538 4135 2688 4190 vero,
2716 4121 2959 4193 quisquis
3013 4138 3231 4179 avarum
3274 4140 3436 4179 aemu-

1881 4219 2038 4281 Iatur,
2086 4227 2179 4268 aut
2239 4230 2359 4270 eum
2394 4254 2410 4279 ,
2476 4212 2565 4281 qui
2624 4226 2721 4280 per
2791 4212 3005 4283 aliquod
3054 4215 3196 4270 aliud
3262 4217 3438 4273 scelus

1880 4307 2225 4375 conspicuam
2277 4306 2565 4375 quamdam
2642 4320 2706 4362 ac
2782 4305 2995 4359 civilem
3061 4308 3437 4362 auctoritatem

1883 4400 2107 4467 adeptus
2147 4405 2263 4463 est,
2319 4407 2411 4449 aut
2461 4397 2697 4463 gentium
2760 4396 2925 4450 habet
2996 4396 3303 4465 imperium,
3349 4406 3443 4451 aut

210 4540 303 4584 τα,
360 4521 394 4593 ἢ
454 4485 824 4591 στρατοπέδων
874 4485 1126 4585 ἄρχοντα,
1168 4505 1287 4563 εἶτα
1326 4511 1438 4571 τοῖς
1484 4506 1765 4575 αἰσχίστοις

1883 4491 2215 4545 exercituum
2254 4489 2358 4543 dux
2392 4498 2495 4552 est,
2523 4489 2715 4543 deinde
2763 4489 2807 4541 si
2860 4485 3142 4542 allectibus
3196 4488 3442 4558 turpissi-

212 4614 443 4669 πάθεσιν
507 4610 910 4683 ἑμφυρόμενον,
966 4606 1085 4675 οὐχὶ
1151 4605 1286 4674 αὐτῇ
1344 4604 1408 4673 τῇ
1481 4600 1626 4669 ψυχῇ
1685 4596 1774 4650 τὸν

210 4702 400 4773 λοιμὸν
469 4699 798 4772 παρεδέξατο
829 4735 843 4759 ,
909 4695 969 4747 τὸ
1030 4692 1124 4746 τοῦ
1203 4689 1532 4762 ζηλουμένου
1610 4685 1774 4739 κακὸν

211 4797 413 4849 οἰκεῖον
465 4791 826 4862 ποιούμενος;
866 4787 932 4839 Αἱ
978 4784 1085 4855 γὰρ
1137 4782 1278 4836 κατὰ
1326 4782 1416 4833 τὸν
1471 4779 1585 4848 βίον
1635 4777 1775 4845 λαμ-

216 4888 483 4960 πρότητες
537 4880 1016 4950 συναναφαίνουσιν
1070 4875 1180 4947 (37)
1240 4873 1460 4933 ἑαυταῖς
1518 4868 1778 4928 καὶτοὺς

1886 4585 1987 4637 tnis
2031 4581 2427 4638 contaminatus
2480 4580 2665 4643 fuerit,
2714 4593 2893 4633 nonne
2943 4578 2996 4632 in
3024 4580 3202 4633 animo
3230 4582 3442 4652 excepit

1880 4676 1986 4746 97
2009 4683 2234 4744 pestem,
2261 4683 2393 4739 tum,
2425 4688 2548 4727 cum
2580 4671 2779 4724 malum
2810 4668 2925 4739 ejus
2949 4685 3105 4740 quem
3135 4672 3439 4736 tumulatur,

1884 4768 2157 4837 proprium
2208 4766 2311 4821 sibi
2370 4764 2637 4819 reddidit?
2672 4762 2804 4817 Nam
2840 4773 2891 4818 et
2936 4763 3102 4819 vitam
3132 4779 3318 4820 eorum
3352 4765 3444 4833 qui

1885 4860 2109 4924 clarent,
2135 4870 2318 4911 secum
2344 4855 2634 4911 ostendunt
2664 4853 2766 4909 illae
2800 4855 2932 4926 ipsas
2958 4856 3251 4925 dignitates
3276 4856 3397 4910 vita:
3427 4875 3440 4911 :

220 4981 367 5052 βίους
394 4976 501 5030 τῶν
534 4974 931 5045 περιϐλέπτων·
978 4968 1073 5023 καὶ
1114 4962 1439 5037 στρατιῶται
1483 4962 1580 5032 μὲν
1612 4958 1687 5021 ὡς
1718 4958 1765 5009 τέ

1887 4961 1942 5006 et
1972 4950 2168 5004 milites
2204 4949 2416 5017 quidem
2456 4947 2765 5017 plerumque
2791 4948 3097 5003 consimiles
3132 4956 3258 5001 sunt
3287 4947 3441 5003 duci-

220 5051 390 5127 πολλὰ
428 5070 537 5130 τοῖς
577 5063 1069 5137 στρατοπεδάρχαις
1101 5055 1502 5129 ἑξομοιοῦνται·
1546 5054 1595 5105 οί
1637 5051 1693 5103 δὲ
1726 5052 1785 5103 ἑν

292 5227 402 5312 t5!)
435 5223 573 5277 Etliti
600 5219 758 5291 μέχρι
778 5216 1051 5286 τελευτῆς.
1078 5216 1147 5268 At
1177 5229 1305 5269 mss.
1353 5220 1584 5282 quatuor
1616 5204 1780 5277 μέχρι

220 5314 576 5435 magia.
628 5363 814 5435 tertius
866 5367 925 5411 et
964 5346 1778 5435 Coisl.__.xultv§05pevot.!Yox

220 5416 401 5511 χοῒρδί
435 5416 587 5489 deest
644 5434 702 5511 in
754 5444 885 5509 mss.
920 5424 1249 5511 ἰιριιηέιιιίεέ
1279 5416 1567 5511 Aliquanto
1616 5416 1776 5511 infra,

224 5489 365 5563 25a
401 5502 751 5575 συναρπαγην
785 5497 877 5552 τοῦ
917 5493 1143 5575 ἐχθροῦ,⁸
1187 5493 1539 5575 advel-bum:
1577 5489 1779 5575 μήγε-

222 5557 626 5660 ininiici
655 5557 674 5625 ἕ
705 5557 805 5626 huc
834 5557 1178 5635 est,'i'a'llacia
1231 5572 1278 5616 et
1319 5561 1455 5613 malo
1500 5558 1621 5612 doto
1671 5557 1777 5609 iui-

222 5662 407 5780 Wtcl’ib)
433 5712 522 5767 Sic
546 5725 674 5764 mss.
710 5707 895 5762 nostri.
934 5708 1000 5759 At
1022 5704 1148 5780 editi
1182 5702 1301 5780 ἐπεὶ
1322 5696 1390 5780 εἰ.

438 5766 528 5839 Sic
582 5794 706 5834 mss.
739 5783 805 5831 At
860 5791 989 5831 vero
1017 5773 1145 5828 editi
1192 5772 1487 5833 αὐτοῖςκηο
1511 5766 1776 5838 γίνεσθαι.

542 5874 809 5934 Ριτιιοι..
857 5868 974 5930 Gtt.
1022 5863 1257 5926 XXIX.

1890 5044 2025 5111 bus;
2058 5040 2240 5111 populi
2277 5054 2408 5095 vero
2436 5038 2488 5094 in
2518 5039 2826 5095 civitatibus
2849 5040 3131 5094 imitantur
3158 5039 3444 5108 magistra-

1882 5200 2001 5255 Mox
2036 5199 2140 5253 duo
2166 5212 2295 5253 mss.
2325 5195 2675 5265 διαφεύγωσι.

1953 5269 2257 5342 (35)Coisl.
2281 5263 2434 5342 cum
2464 5263 2594 5342 ﬁeg.
2658 5266 2815 5320 tertio
2870 5266 3079 5342 στῆναι.
3135 5263 3277 5342 Editi
3323 5282 3444 5342 cum

1884 5336 2001 5394 aliis
2048 5336 2182 5393 inse.
2216 5337 2426 5409 στῆσαι.
2474 5336 2709 5409 ΔΙιιιιιεε.
2748 5336 3012 5409 nonnullis
3063 5351 3171 5409 pro
3204 5336 3446 5409 ,ἀτιμίαν

1884 5411 2083 5479 legitur
2112 5404 2383 5479 ἁμαρτίαν
2419 5424 2432 5461 :
2472 5406 2525 5479 in
2553 5406 2677 5479 aliis
2704 5405 3020 5479 quibusdam
3051 5404 3304 5479 ἀνομίαν.

1955 5473 2066 5549 (56)
2101 5473 2241 5546 Reg.
2270 5479 2456 5549 tertius
2496 5474 2691 5549 ἑταίρα
2726 5473 2905 5545 τούτῳ
2951 5473 3319 5549 συμπίνουσα,
3350 5477 3447 5530 κὰ-

1884 5544 2500 5619 κείνωπροσμειδιῶσα,
2538 5544 2709 5615 τούτῳ
2766 5544 3208 5616 προσομιλοῦσα,
3264 5548 3448 5601 κάκεῖ-

1884 5634 1993 5683 νον,
2031 5630 2138 5672 etc.

1961 5689 2073 5759 (57)
2122 5688 2211 5745 Sic
2268 5701 2398 5745 mss.
2438 5685 2679 5757 plerique
2735 5699 2943 5742 omnes.
2986 5685 3124 5743 Editi
3153 5686 3452 5759 συνεμφαί-

1889 5777 2088 5817 νουσιν.
