4092 6318
731 326 827 376 2:37

2017 324 2070 372 .5.
2117 323 2353 374 li.\Sll.ll
2394 322 2601 372 MMZNI

3845 325 3942 375 2-23

716 453 818 495 tus.
857 442 919 494 Et
950 442 998 491 in
1025 454 1250 500 summa,
1287 441 1370 490 ubi
1398 438 1551 488 unius
1581 437 1754 488 scelus
1784 437 1922 503 plebi
1951 437 2122 488 visum
2150 437 2249 492 fue.

2370 440 2481 496 ταῖς
2534 438 2716 489 πόλεσι
2774 437 2930 504 δῆμοι
2980 434 3192 505 ζηλοῦσι
3237 439 3363 500 τοὺς
3421 437 3477 488 ὲν
3527 437 3782 506 δυνάμει.
3838 439 3944 490 Καὶ

711 531 778 581 iit
814 528 1110 581 imitatione
1140 527 1355 596 dignum
1380 567 1392 587 ,
1431 527 1646 594 proprie
1675 535 1725 578 et
1761 537 1904 579 recte
1935 527 2111 593 aliqua
2141 529 2260 581 ani-

705 631 910 668 marum
936 617 1098 682 pestis
1124 619 1172 669 in
1204 619 1304 669 vita
1331 628 1547 671 exstare
1567 618 1792 671 dicetur.
1821 617 2098 672 Claritudo
2119 620 2259 674 enim

705 703 1028 769 improbitati
1053 704 1259 772 juncta,
1297 704 1491 757 multos
1518 720 1701 758 eorum
1743 707 1832 773 qui
1880 705 2035 760 facile
2075 707 2264 764 labun-

703 803 809 855 tur,
847 797 912 849 ad
959 798 1134 849 simile
1175 798 1406 851 studium
1456 801 1641 852 trahit.
1679 800 1942 864 Quoniam
1980 800 2161 870 itaque
2195 803 2260 854 ab

701 889 806 942 alio
831 891 893 940 ad
927 891 1153 940 alterum
1193 893 1466 958 corruptio
1491 901 1690 954 manat,
1731 893 1911 945 talium
1955 895 2149 948 animae
2177 895 2258 948 di-

702 991 892 1030 t'antttr
918 987 1064 1044 peste
1093 977 1315 1033 aﬂectce.
1347 981 1420 1034 Ne
1454 983 1610 1050 igitur
1641 984 1690 1035 in
1722 983 1976 1037 cathedra
2006 987 2258 1054 pestilen-

707 1075 901 1123 tiarum
935 1073 1158 1133 sederis,
1207 1089 1337 1128 neve
1372 1076 1555 1143 judicii
1590 1089 1963 1146 corruptorum
2007 1090 2061 1134 et
2095 1079 2259 1149 pesti-

707 1163 936 1214 l'erorum
969 1164 1064 1215 tias
1093 1166 1378 1232 particeps,
1410 1181 1584 1235 neque
1617 1170 1666 1220 in
1695 1168 1848 1221 malis
1876 1169 2114 1222 consiliis
2145 1182 2258 1236 per-

703 1269 938 1308 maneas.
975 1256 1132 1324 Atqui
1165 1259 1337 1311 oratio
1371 1258 1421 1310 in
1461 1260 1589 1328 ipsis
1614 1260 1788 1314 adhuc
1827 1262 2106 1328 procemiis
2133 1275 2255 1312 ver-

699 1357 872 1413 satur,
902 1357 956 1403 et
1007 1358 1180 1403 tamen
1219 1350 1362 1402 illius
1394 1352 1601 1420 capiam
1634 1353 1852 1407 tnodum
1891 1354 2151 1409 excedere
2181 1354 2257 1406 vi-

700 1441 831 1505 deo;
857 1443 990 1494 adeo
1017 1452 1073 1494 ut
1097 1457 1268 1509 neque
1291 1443 1441 1496 vobis
1471 1442 1624 1498 facile
1649 1445 1720 1498 sit
1745 1447 1968 1514 plurima
2001 1445 2254 1507 retinere.

699 1548 871 1600 neque
919 1534 1070 1596 mihi,
1105 1534 1385 1588 deficiente
1431 1551 1514 1590 me
1545 1551 1698 1603 voce,
1731 1541 1799 1592 ob
1829 1547 2138 1593 coosuetam
2176 1538 2255 1590 in-

699 1624 1038 1686 tirmitalem,
1073 1625 1370 1679 orationem
1405 1631 1680 1698 prOsequi.
1723 1630 2036 1697 Quanquam
2073 1639 2252 1683 autem

696 1727 755 1766 ea
797 1728 915 1782 quae
961 1714 1227 1780 diximus,
1273 1716 1582 1785 imperfecte
1614 1721 1754 1774 dicta
1797 1719 1940 1782 sint,
1972 1733 2094 1773 cum
2129 1722 2252 1774 mali

2364 527 2516 589 ὅλως,
2553 529 2770 582 ἐπειδὰν
2797 528 2855 580 τὸ
2882 526 2971 579 τοῦ
3001 527 3114 589 ἐνὸς
3140 528 3304 582 κακὸν
3334 529 3618 600 μιμήσεως
3645 529 3801 593 ἄξιον
3837 531 3941 592 τοίς

2366 619 2572 683 πολλοῖς
2601 621 2826 691 νομισθῇ
2849 658 2864 682 ,
2899 620 3111 683 οἰκείως
3143 620 3236 670 καὶ
3266 622 3649 693 προσηκόντως
3682 621 3944 691 λεχθήσε-

2364 726 2446 759 ται
2482 709 2664 778 λοιμός
2693 729 2774 774 τις
2803 710 2988 779 ψυχῶν
3014 709 3358 772 ἐπιπολάζειν
3386 712 3461 783 τῷ
3489 712 3606 784 βίῳ.
3641 710 3714 763 Τὸ
3748 713 3861 781 γὰρ
3887 714 3942 763 ὲν

2365 802 2528 872 κακίᾳ
2577 804 2927 874 περίϐλεπτον
2956 802 3179 865 πολλοὺς
3217 801 3322 853 τῶν
3351 805 3706 877 εὐολισθήτων
3736 803 3822 863 εἰς
3853 803 3940 853 τὶν

2360 893 2540 962 ὅμοιον
2570 893 2729 962 ζῆλον
2761 893 3043 959 ἐφέλκεται
3083 894 3212 964 (58).
3262 893 3409 945 Ἐπεὶ
3441 893 3532 949 οὖν
3561 897 3720 960 ἄλλος
3755 894 3817 960 ἐξ
3850 893 3937 946 ἆλ-

2361 984 2449 1036 λου
2479 985 2574 1055 τῆς
2616 987 2816 1057 φθορᾶς
2852 985 3300 1056 ἀναπίμπλαται,
3346 986 3670 1055 λοιμώσσειν
3705 990 3811 1051 τὰς
3843 986 3936 1054 ψυο

2360 1076 2458 1144 xi;
2487 1078 2532 1128 oi
2559 1077 2784 1131 τοιοῦτοι
2819 1076 3176 1151 λεγέσθωσαν,
3229 1079 3318 1149 Μὴ
3355 1077 3530 1129 τοίνυν
3578 1081 3824 1152 καθίσῃς
3852 1079 3938 1131 ἐπὶ

2361 1169 2626 1238 καθέδρας
2656 1168 2890 1239 λοιμῶν,
2923 1169 2954 1239 ἢ
2993 1169 3066 1239 μὴ
3096 1171 3364 1240 μετάσχῃς
3404 1170 3682 1239 συνεδρίου
3721 1170 3932 1242 ἀνθρώ-

2359 1281 2472 1315 πων
2506 1261 2748 1332 φθορέων
2783 1264 2891 1332 (59)
2925 1262 3017 1314 καὶ
3056 1262 3364 1333 λυμεώνων,
3400 1263 3431 1332 ἢ
3464 1262 3536 1331 μὴ
3568 1265 3933 1336 ὲναπομείνῃς

2359 1357 2468 1426 (40)
2499 1358 2608 1418 τοῖς
2639 1358 2819 1422 κακῶς
2861 1355 3237 1427 βουλευθεῖσιν.
3287 1357 3419 1411 Ἀλλ’
3456 1358 3482 1408 ὁ
3525 1355 3624 1424 μὲν
3655 1357 3818 1426 λόγος
3857 1359 3933 1409 ἔτι

2358 1449 2415 1499 ὲν
2461 1445 2796 1514 προοιμίοις,
2835 1446 2894 1498 τὸ
2943 1445 2998 1498 δὲ
3043 1444 3242 1514 πλῆθος
3281 1445 3388 1518 ὁρῶ
3433 1444 3533 1514 τὴν
3584 1447 3932 1516 συμμετρίαν

2358 1535 2629 1588 ἐκϐαῖνον·
2679 1535 2752 1598 ώς
2793 1537 2925 1606 μήτε
2975 1534 3099 1604 ὑμῖν
3133 1535 3316 1605 ῥᾳδίαν
3353 1531 3488 1588 εἶναι
3522 1533 3632 1585 τῶν
3672 1535 3929 1588 πλειόνων

2356 1627 2448 1695 τὴν
2491 1626 2755 1697 φυλακὴν,
2811 1629 2944 1698 μήτε
2991 1625 3112 1695 ἐμοὶ
3161 1624 3257 1696 τὴν
3303 1627 3572 1680 διακονίαν
3615 1625 3711 1678 τοῦ
3749 1625 3924 1693 λόγου,

2354 1719 2438 1770 διὰ
2475 1717 2568 1786 τὴν
2604 1719 2896 1788 σύντροφον
2945 1717 3221 1771 ἀσθένειαν
3265 1719 3362 1789 τῆς
3407 1719 3588 1789 φωνῆς
3624 1720 3776 1788 ἡμᾶς
3815 1720 3928 1769 ἐπι-

696 1805 911 1874 quidem
948 1805 1067 1876 fuga
1114 1812 1478 1862 demonstrata
1522 1811 1628 1873 sit,
1661 1808 1918 1876 perfectio
1966 1824 2096 1865 vero
2137 1826 2249 1881 qua:

2355 1809 2660 1880 λειπούσης.
2718 1811 2777 1860 Εἰ
2813 1810 2867 1862 δὲ
2909 1812 3000 1862 καὶ
3026 1811 3228 1874 ἀτελῶς
3271 1811 3484 1882 εἴρηται
3529 1812 3594 1863 τα
3642 1810 3924 1882 εἰρημέια,

696 1900 854 1953 bouis
883 1901 1132 1968 operibus
1161 1901 1473 1968 acquiritur,
1523 1903 1721 1956 omissa
1755 1902 1828 1957 sit
1860 1926 1872 1958 ;
1907 1905 2256 1961 nihilominus

697 2002 874 2042 tamen
920 1991 1204 2056 prtescntia
1241 1989 1484 2061 benignis
1524 1994 1747 2050 auribus
1780 1997 2253 2060 commendantes,

695 2081 1028 2151 pollicemur,
1065 2081 1172 2137 Deo
1213 2082 1412 2150 dante,
1457 2085 1662 2157 reliqua
1690 2097 1852 2143 etiam
1897 2090 2255 2158 completuros

697 2188 814 2238 nos,
853 2174 896 2228 si
933 2174 1091 2229 modo
1126 2189 1230 2228 non
1259 2177 1478 2231 ouiniuo
1506 2179 1556 2231 in
1590 2188 1860 2248 posterum
1889 2180 1954 2232 ad
1983 2179 2254 2232 silentium

695 2265 1020 2332 redigantur.
1063 2264 1286 2318 Tribuat
1330 2277 1505 2320 autem
1561 2268 1818 2321 Dominus
1868 2267 2023 2323 nobis
2067 2283 2250 2323 eorum

693 2371 810 2422 quze
841 2357 1070 2409 diximus
1104 2359 1429 2420 mercedem,
1465 2359 1614 2414 vobis
1637 2374 1763 2414 vero
1791 2374 1976 2414 eorum
2005 2375 2124 2430 quae
2154 2377 2250 2414 au-

694 2445 850 2499 distis
880 2445 1110 2501 fructum
1133 2491 1147 2512 ,
1180 2450 1347 2516 gratia
1387 2448 1588 2505 Christi
1631 2452 1796 2520 ipsius
1822 2492 1836 2516 ,
1867 2452 1951 2507 cui
1989 2451 2156 2521 gloria
2199 2462 2254 2506 et

697 2540 976 2607 imperium
1004 2542 1055 2595 in
1091 2543 1280 2597 szecula
1316 2544 1650 2599 saeculorum.
1685 2549 1873 2601 Amen.

1047 2855 1346 2909 EIUSDEM
1381 2858 1442 2909 IN
1483 2857 1806 2914 PSALMUM
1853 2859 1955 2914 V'll.

703 2968 941 3020 f’salmns
975 2969 1070 3035 ipsi
1107 2968 1290 3029 David,
1314 2987 1460 3038 quem
1487 2972 1666 3023 cecinit
1701 2971 1941 3037 Domino,
1964 2987 2058 3039 pro
2084 2974 2246 3026 verbis

1201 3039 1360 3092 Cltusi
1383 3041 1479 3108 ﬁlii
1503 3041 1726 3094 Jemeni.

773 3130 819 3182 1.
867 3131 1145 3202 Inscriptio
1199 3133 1408 3202 septimi
1458 3133 1647 3203 psalmi
1697 3133 2092 3203 quodammodo
2144 3136 2247 3194 Re-

699 3237 920 3290 gnorum
963 3225 1199 3278 historiae
1264 3225 1350 3279 ubi
1392 3225 1457 3279 de
1490 3224 1686 3280 Davide
1733 3235 2005 3291 narratur,
2040 3228 2248 3282 videtur

769 3384 876 3456 (58)
909 3383 1080 3456 Editio
1104 3383 1282 3456 Paris.
1305 3387 1382 3446 είς
1414 3386 1502 3436 τὸν
1527 3387 1708 3454 ὅμοιον
1739 3389 1896 3456 ζῆλον
1925 3389 2031 3442 τῶν
2075 3390 2245 3441 εὑολι-

696 3450 904 3521 σθήτων
934 3453 1232 3520 ἐφέλκεται.
1261 3455 1337 3505 Ad
1363 3450 1580 3507 verbum
1612 3450 1893 3523 interpres,
1930 3459 2124 3510 Multos
2180 3462 2246 3509 ad

696 3523 1079 3576 cumulationem
1113 3524 1333 3576 similem
1377 3539 1576 3586 eorum,
1622 3527 1708 3591 qui
1755 3529 1904 3587 proni
1957 3543 2014 3578 ac
2060 3529 2246 3580 lubrici

698 3602 816 3644 sunt
840 3594 906 3644 ad
937 3596 1274 3659 peccandum,
1311 3596 1492 3646 trahit.
1529 3595 1595 3646 At
1621 3596 1782 3648 nostri
1809 3612 1899 3649 sex
1932 3611 2085 3659 mss.,
2118 3598 2245 3648 utin

700 3672 871 3721 textu.
903 3680 1003 3716 non
1031 3665 1257 3718 diversis
1282 3664 1494 3728 quidem
1524 3666 1723 3725 verbis,
1757 3668 1848 3718 sed
1880 3667 1982 3720 alio
2007 3667 2196 3719 ordine
2233 3683 2246 3716 τ

698 3748 817 3798 qua:
867 3735 1078 3787 diversa
1136 3734 1422 3788 verborum
1485 3734 1810 3797 collocatio,
1879 3735 2133 3804 quantula
2189 3751 2247 3788 ea

699 3819 908 3873 cunque
935 3815 1038 3868 est,
1086 3805 1400 3858 sententiam
1426 3814 1589 3858 totam
1623 3815 1938 3873 mutaverat,
1967 3805 2050 3858 vel
2076 3807 2251 3875 potius

699 3887 1030 3941 corruperat.

773 3944 889 4017 (ὅθι
919 3945 1014 4017 Sic
1049 3961 1175 4000 mss.
1211 3961 1324 4001 sex.
1347 3945 1556 4002 Atediti
1585 3963 1704 4017 cum
1735 3948 1941 4001 duobus
1965 3963 2093 4002 mss.
2125 3948 2252 4017 φθο-

699 4014 1178 4087 ροποιῶνηιιιῑάειη
1214 4032 1342 4070 mss.
1374 4021 1476 4071 duo
1506 4015 1834 4087 λοιμεώνων.

904 4085 1421 4159 [ιξιιῇιίᾼὲναπομένῃς.
1453 4090 1517 4140 At
1548 4085 1671 4140 mss.
1696 4089 2076 4159 εναπομείνῃς.

767 4156 878 4226 (Η)
912 4154 1093 4226 Editio
1129 4154 1552 4226 utraquiF'Basil.
1604 4168 1650 4210 et
1704 4154 1880 4212 Paris.
1926 4154 2252 4220 τελειώσεως

697 4224 1042 4294 παρεθείσης.
1071 4227 1160 4294 At"
1187 4224 1329 4280 Coisl
1381 4240 1432 4278 et
1483 4243 1574 4279 sex
1613 4227 1703 4279 alii
1765 4243 1887 4281 mss.
1926 4228 2251 4289 τελειώσεως

697 4293 1216 4365 παρατεθείσης.1]ι›ἰ
1243 4300 1534 4348 notandum
1561 4306 1663 4358 est,
1684 4297 1781 4365 legi
1806 4299 2020 4364 quidem
2043 4302 2092 4351 in
2117 4299 2249 4365 Reg.

696 4363 889 4433 quarto
918 4363 1249 4434 παραθείσης
1272 4366 1359 4433 (⁸2),
1387 4368 1477 4417 sed
1509 4363 1921 4435 particulam’pi}
1955 4370 2091 4421 inter
2123 4363 2253 4420 duas

698 4436 868 4488 liue'as
897 4437 1127 4488 additam
1160 4449 1298 4490 esse.
1329 4435 1399 4488 Ex
1433 4451 1536 4502 quo
1578 4435 1654 4495 lit,
1681 4445 1736 4486 ιιι
1767 4449 1869 4487 non
1908 4438 2134 4489 multum
2180 4437 2252 4487 la-

2353 1898 2444 1952 τοῧ
2478 1899 2574 1969 μὲν
2600 1899 2769 1952 κακοῦ
2802 1903 2898 1970 τῆς
2929 1902 3104 1972 φυγῆς
3132 1902 3534 1972 ὑποδειχθείσης
3556 1945 3569 1968 ,
3613 1903 3715 1973 τῆς
3743 1903 3802 1955 δὲ
3845 1903 3926 1955 διὰ

2355 1992 2458 2045 τῶν
2510 1993 2726 2060 ἀγαθῶν
2782 1993 2956 2065 ἔργων
3017 1995 3347 2060 τελειώσεως
3404 1996 3736 2066 παρεθείσης
3797 1997 3927 2063 (Η),

2354 2087 2499 2154 ὅμως
2533 2084 2866 2156 εὑγνώμοσιν
2905 2088 3096 2150 ἀκοαῖς
3145 2088 3505 2159 παραθέμενοι
3549 2089 3616 2138 τὰ
3667 2088 3924 2156 παρόντα,

2354 2177 2820 2248 ἐπαγγελλόμεθα,
2858 2178 2991 2232 Θεοῦ
3018 2180 3264 2242 διδόντος,
3300 2177 3709 2250 ἀναπληρώσειν
3741 2181 3838 2230 καὶ
3864 2182 3926 2231 τα

2357 2269 2644 2338 λειπόμενα
2665 2309 2678 2331 ,
2725 2271 2818 2323 ἐάν
2863 2287 2924 2338 γε
2957 2272 3030 2342 μὴ
3062 2272 3158 2342 τὴν
3208 2271 3441 2340 παντελῆ
3468 2269 3650 2322 λοιπον
3683 2271 3924 2322 ὑπελθώ-

2363 2377 2457 2430 μεν
2489 2361 2716 2430 σιωπήν.
2758 2361 3032 2433 Παράσχοι
3059 2362 3112 2414 δὲ
3137 2363 3164 2414 ὁ
3193 2361 3390 2431 Κύριος
3430 2361 3521 2413 καὶ
3549 2363 3680 2431 ἡμῖν
3713 2363 3824 2413 τῶν
3853 2363 3924 2413 εξ-

2363 2452 2609 2524 ρημένων
2646 2453 2831 2524 μισθὸν
2850 2495 2862 2518 ,
2892 2457 2983 2507 καὶ
3018 2457 3142 2524 ὑμῖν
3172 2455 3377 2523 καρπὸν
3404 2447 3478 2507 ὧν
3508 2453 3800 2522 ἠκούσατε,
3837 2456 3928 2524 χά-

2361 2563 2467 2617 ριτι
2492 2545 2584 2598 τοῦ
2619 2545 2850 2616 Χριστοῦ
2885 2546 3047 2598 αὑτοῦ
3079 2545 3208 2615 (ἥ),
3239 2546 3318 2597 ὅτι
3348 2544 3491 2614 αὑτῷ
3517 2547 3548 2615 ἡ
3582 2545 3711 2610 δόξα
3744 2548 3846 2597 καὶ
3873 2544 3928 2596 τὸ

2363 2640 2556 2710 κράτος
2591 2642 2668 2704 είς
2701 2641 2822 2703 τοὺς
2851 2639 3046 2703 αἰῶνας
3083 2640 3188 2691 τῶν
3218 2639 3444 2692 αίώνων.
3491 2638 3683 2708 Ἀμήν.

2579 2865 2713 2916 'ror
2737 2866 2965 2916 uror
2995 2865 3265 2919 Etsrox
3298 2863 3353 2931 z'_
3376 2862 3695 2917 ‘l’AAMON.

2369 2974 2381 2986 °
2413 2974 2651 3040 quae”?
2678 2956 2969 3036 τῷζιιισὶδ,
3003 2975 3073 3025 ὃν
3101 2971 3214 3043 ᾖσε
3249 2974 3326 3038 τῷ
3349 2974 3542 3041 Κυρίῳ
3570 2972 3722 3040 ὑπὲρ
3749 2972 3874 3025 τῶν

2629 3044 2823 3110 λόγων
2847 3045 3028 3095 Χουσὶ
3059 3045 3190 3096 υἱοῦ
3225 3046 3453 3110 Ἰεμενεί
3487 3045 3616 3111 (45).

2423 3135 2470 3188 1.
2510 3137 2664 3187 Δοκεῖ
2691 3150 2806 3196 πως
2834 3134 3087 3197 ἐναντίως
3116 3134 3256 3203 ἔχειν
3295 3135 3428 3204 πρὸς
3451 3135 3547 3204 τὴν
3581 3135 3637 3186 ἐν
3664 3137 3786 3198 ταῖς
3822 3135 3929 3189 Βα.

2352 3229 2572 3292 σιλείαις
2602 3228 2858 3298 ἱστορίαν,
2894 3227 3020 3280 ἔνθα
3051 3227 3116 3280 τὰ
3142 3227 3268 3297 περὶ
3306 3225 3397 3278 τοῦ
3421 3226 3584 3279 Δαϐὶδ
3618 3227 3930 3299 ἀναγέγρα-

2355 3394 2537 3455 faciat,
2579 3409 2640 3446 ex
2683 3395 2761 3446 eis
2823 3394 3207 3445 mutuabimur.
3261 3391 3383 3456 Ejus
3418 3389 3581 3458 igitur
3619 3392 3735 3445 hare
3773 3400 3930 3456 sunt,

2360 3464 2598 3515 Psalmns
2632 3479 2723 3529 pro
2773 3465 3071 3530 ignorantia
3127 3463 3221 3520 ipsi
3275 3461 3439 3513 David
3472 3502 3486 3524 ,
3531 3478 3678 3530 quem
3733 3463 3932 3515 cecinit

2358 3533 2574 3583 Domino
2632 3529 2987 3596 super'verbis
3047 3531 3314 3596 Aithinpis
3374 3531 3473 3594 [iiii
3527 3529 3747 3584 Gemini.
3817 3531 3931 3585 Nec

2356 3603 2512 3652 aliter
2550 3600 2924 3668 Hieronymus,
2956 3601 3044 3666 qui
3065 3616 3126 3650 ex
3165 3599 3385 3651 Hebraeo
3433 3601 3509 3652 sic
3537 3604 3733 3653 vertit:
3764 3599 3935 3668 Igno-

2359 3673 2489 3722 ratio
2519 3670 2704 3730 David,
2729 3669 2864 3737 quod
2888 3670 3068 3720 cecinit
3105 3668 3326 3720 Domino
3347 3682 3500 3733 super
3528 3669 3679 3720 verba
3707 3669 3934 3722 Αῑιὴιο-

2357 3741 2435 3806 pis
2495 3740 2590 3806 ﬁlii
2636 3737 2862 3790 Gemini.
2905 3738 3028 3790 llazc
3059 3747 3234 3790 autem
3272 3751 3334 3789 eo
3394 3737 3569 3794 retuli,
3604 3746 3659 3788 ιιι
3700 3739 3930 3805 planum

2362 3809 2616 3870 facerem,
2646 3811 2967 3875 interpretes
2991 3809 3250 3876 quosdam
3291 3821 3387 3874 pro
3432 3807 3596 3858 Χουσί
3635 3809 3934 3873 scripsisse

2359 3879 2650 3941 Αἰθίοπος,
2701 3872 2801 3931 nec
2870 3872 3046 3946 inepte
3103 3872 3368 3942 Ethiopis
3427 3878 3638 3928 nomine
3699 3872 3930 3930 saulem

2359 3949 2679 4017 Ethiopicis
2713 3948 2948 4002 moribus
2979 3946 3352 4017 praadituuiab
3379 3946 3601 4017 eruditis
3642 3947 3781 4001 viris
3851 3948 3934 4001 in-

2361 4015 2558 4084 telligi,
2586 4020 2653 4073 ob
2691 4019 2849 4086 idque
2894 4017 3063 4071 videri
3111 4015 3364 4068 Basilium
3424 4015 3555 4086 ejus
3603 4017 3799 4085 psalmi
3847 4019 3931 4071 in—

2360 4091 2703 4158 scriptionem
2764 4085 2885 4141 cum
2938 4089 3004 4142 iis
3027 4103 3143 4156 quae
3174 4086 3497 4158 dicuntur‘ll
3528 4085 3660 4153 Reg.
3691 4103 3833 4151 xvn,
3875 4089 3928 4152 5,

2363 4156 2516 4226 longe
2544 4159 2751 4212 facilius
2796 4159 3084 4210 conciliare
3139 4157 3393 4224 potuisse.
3434 4156 3566 4209 Nam
3604 4171 3633 4209 e
3668 4172 3726 4209 re
3757 4172 3932 4226 expc-

2361 4232 2531 4281 dierat
2563 4245 2642 4291 se,
2691 4229 2734 4280 si
2768 4229 2832 4279 de
2872 4229 3099 4288 duobus,
3146 4241 3250 4278 non
3305 4229 3370 4280 de
3423 4242 3526 4279 uno
3560 4227 3774 4280 homine
3808 4244 3934 4281 srr-

2362 4313 2570 4351 monem
2608 4297 2790 4350 haberi
2819 4297 3063 4356 dixisset,
3087 4295 3172 4348 hic
3201 4297 3266 4346 de
3297 4295 3478 4359 Saule,
3512 4295 3615 4348 illic
3637 4297 3706 4349 de
3754 4295 3930 4350 Chusi

2363 4369 2468 4420 lilio
2502 4367 2718 4418 Arachi.
2753 4364 3124 4432 Paraphrasim
3161 4363 3500 4416 Chaldaicam
3533 4365 3679 4432 legas
3738 4369 3928 4424 velim,

2359 4447 2411 4489 et
2433 4436 2604 4488 Ducwi
2636 4445 2806 4487 notas.
2832 4432 3024 4484 Mirum
3053 4434 3223 4484 visum
3263 4443 3345 4486 est
3378 4433 3576 4486 hoiniui
3608 4435 3931 4487 doctissimo

697 4506 992 4557 borandum
1020 4507 1108 4569 sit,
1143 4514 1261 4558 utro
1285 4480 1571 4574 'modo'legi
1605 4480 1812 4563 debeat,
1847 4522 1967 4556 cum
1995 4522 2059 4558 ex
2098 4514 2243 4558 utra-
2286 4480 2326 4532 θ
2359 4507 2570 4567 υιιεωο,
2602 4505 2742 4570 quod
2789 4502 3022 4574 Basilius
3081 4502 3374 4574 aliquanto
3399 4511 3518 4574 post
3549 4502 3931 4574 dicat,_neque

694 4588 798 4642 que
826 4575 1052 4627 lecnioue
1078 4576 1260 4627 eadem
1287 4576 1440 4642 plane
1463 4575 1722 4627 sententia
1769 4575 2051 4627 ellieiatur.
2092 4577 2240 4640 Quod

693 4644 834 4698 enim
873 4645 1170 4712 appositum
1201 4661 1302 4696 non
1329 4653 1429 4705 est,
1466 4645 1514 4696 id
1543 4646 1800 4698 omissum
1839 4645 2002 4698 fuisse
2027 4660 2243 4698 necesse

693 4723 795 4768 est.
849 4715 1069 4766 Constat
1121 4715 1300 4781 igitur,
1349 4714 1490 4782 quod
1541 4714 1605 4765 ad
1658 4715 1976 4766 sententiam
2030 4715 2237 4778 attinet,

696 4783 826 4835 nihil
861 4786 1061 4836 referre
1092 4794 1265 4836 utrum
1317 4785 1458 4853 legas
1519 4783 1841 4842 τελειώσεως
1893 4783 2238 4853 παρεθείσης,

695 4854 999 4925 perfectione
1053 4855 1262 4915 omissa,
1310 4869 1376 4906 an
1429 4853 1752 4916 τελειώσεως
1797 4855 1869 4925 μὴ
1925 4854 2240 4924 παρατεθεί.

698 4939 816 4991 σης,
842 4923 1148 4989 perfectione
1188 4939 1286 4976 non
1315 4927 1546 4989 apposita
1592 4926 1804 4992 legeris.
1835 4923 2068 4990 Quodsi
2093 4926 2235 4992 quis-

695 4995 837 5060 piam
866 4992 975 5058 jam
1024 5008 1088 5045 ex
1135 5008 1217 5045 me
1257 5003 1481 5060 qumrat,
1511 5005 1629 5046 utra
1662 4996 1787 5047 mihi
1818 5006 2080 5062 scriptura
2120 5009 2238 5047 vera

693 5076 814 5138 esse
851 5062 1114 5138 videatur,
1133 5062 1390 5138 libentius
1419 5066 1765 5131 posteriorem
1784 5063 2085 5116 delendam.
2111 5063 2238 5116 Cum

692 5134 834 5204 enim
878 5132 928 5204 in
978 5132 1182 5204 nostris
1218 5143 1420 5204 septem
1481 5149 1607 5185 mss.
1664 5146 1973 5204 constanter
2004 5149 2242 5204 παρατε-

693 5199 878 5267 θείσης
912 5199 1136 5267 legatur,
1171 5201 1241 5252 ita
1269 5202 1480 5268 quidem
1512 5203 1790 5270 scripsisse
1818 5199 2242 5257 Basiliutn'arbi-

696 5281 808 5321 tror
834 5285 847 5322 :
873 5270 965 5340 sed
999 5269 1238 5321 voculam
1273 5271 1344 5340 μή
1367 5286 1429 5323 ex
1459 5272 1585 5340 Reg.
1617 5269 1806 5339 quarto
1845 5274 2077 5325 additam
2102 5273 2239 5325 volo.

698 5340 764 5392 Ut
790 5349 847 5390 ut
872 5339 982 5390 haec
1013 5349 1158 5397 sunt,
1197 5339 1459 5408 vulgatam
1495 5339 1777 5394 lectionem
1815 5345 2068 5396 intactam
2121 5344 2241 5395 reli-

693 5410 928 5480 quimus,
955 5422 1071 5460 cum
1107 5411 1234 5461 nihil
1272 5411 1482 5480 intersit
1506 5452 1519 5472 ,
1559 5423 1676 5463 utro
1721 5413 1876 5464 modo
1912 5413 2136 5480 legatur.

765 5478 874 5552 (42)
917 5479 1045 5552 lleg.
1089 5480 1273 5552 tertius
1299 5479 1478 5549 χάριτι
1502 5480 1591 5531 τοῦ
1621 5478 2009 5552 Κυρίουγὴμῶν
2049 5479 2238 5550 Ἰησοῦ.

693 5546 969 5618 lllud,x.1‘t
1001 5550 1059 5599 τὸ
1085 5549 1297 5618 κράτος,
1330 5546 1562 5604 eiuultis
1591 5546 1716 5605 mss;
1749 5546 2074 5604 addidimus.

769 5617 876 5686 (45)
927 5617 1097 5681 Quam
1127 5617 1480 5688 ’variegapud
1522 5623 1695 5673 varios
1760 5622 1965 5688 positus
2008 5623 2076 5675 sit
2128 5621 2240 5688 ejus

696 5688 881 5760 psalmi
935 5687 1232 5760 titulus,iex
1288 5687 1536 5756 llexapli:
1597 5687 1844 5760 cognosci
1910 5701 2102 5756 potest.
2136 5687 2240 5745 Sed

696 5757 902 5826 Aquilae
956 5757 1118 5813 solius
1152 5757 1835 5830 interpretationem,'quod
1868 5764 1978 5816 sula
2033 5763 2101 5815 ad
2131 5776 2239 5815 rem

2350 4575 2536 4638 Chusi,
2579 4588 2749 4640 neque
2807 4573 2971 4625 alium
3005 4585 3336 4641 quemquam
3365 4572 3416 4623 in
3459 4571 3681 4624 historia
3713 4571 3926 4641 Regum

2347 4645 2516 4696 lilium
2583 4643 2792 4697 Gemini
2844 4641 3062 4708 reperiri
3090 4680 3105 4705 ,
3145 4656 3261 4692 cum
3315 4640 3492 4694 Semei
3536 4640 3853 4694 nominetur
3892 4647 3927 4695 ll

2348 4714 2480 4781 Reg.
2511 4730 2621 4772 XIX,
2652 4713 2736 4773 16,
2765 4713 2876 4774 υἱὸς
2901 4710 3072 4781 Γηρά,
3107 4709 3221 4762 υἱοῦ
3265 4709 3481 4780 ἰεμινεί
3510 4751 3523 4773 ,
3558 4711 3706 4781 ﬁlius
3759 4711 3924 4770 Gem,

2344 4780 2450 4850 ﬁlii
2476 4783 2698 4836 Gemini.
2737 4782 2927 4834 Mirum
2963 4780 3095 4834 sane
3119 4782 3169 4832 id
3215 4781 3379 4834 videri
3431 4781 3611 4850 debet,
3641 4780 3924 4835 hominem

2349 4854 2753 4920 Scripturarum
2785 4850 3168 4920 peritissimum
3233 4850 3492 4920 Basiliam
3545 4849 3600 4903 in
3645 4854 3925 4920 ejusmodi

2347 4918 2588 4976 errorem
2635 4918 2929 4986 incidisse:
2974 4921 3064 4973 sed
3100 4936 3318 4974 monere
3365 4918 3518 4986 juvat
3561 4918 3732 4972 totum
3767 4922 3926 4982 illud,

2343 4995 2458 5044 ἐστὶ
2489 4993 2543 5044 δὲ
2568 4991 2692 5044 οὔτε
2728 4985 2879 5054 οὗτος
2906 4989 3024 5043 οὔτε
3057 4990 3212 5052 ἄλλος
3237 5007 3319 5053 τις
3347 4985 3455 5041 τῶν
3487 4991 3603 5042 ἐκεῖ
3652 4990 3922 5060 φαινομέ-

2344 5081 2447 5114 νων
2480 5064 2593 5124 uio;
2636 5061 2875 5130 Ἰεμινεί,
2907 5061 2958 5114 in
2998 5060 3325 5114 Colbertinis
3363 5073 3556 5130 quarto
3605 5070 3658 5114 et
3687 5067 3924 5128 septimo

2351 5151 2451 5184 non
2505 5143 2740 5187 exstare.
2792 5133 2946 5186 Unde
2991 5130 3239 5184 fortassis
3290 5131 3446 5185 alicui
3495 5132 3732 5198 suSpicio
3785 5131 3920 5182 oriri

2345 5203 2531 5268 possit,
2564 5207 2672 5255 haec
2710 5203 2890 5263 verba,
2924 5202 2974 5252 iu
3002 5215 3094 5253 ora
3127 5201 3246 5253 libri
3275 5202 3507 5267 primum
3558 5201 3755 5266 posita,
3785 5215 3914 5268 pro-

2343 5267 2528 5340 gressu
2588 5282 2880 5339 temporum
2939 5271 2991 5323 in
3038 5270 3208 5334 ipsum
3244 5281 3444 5322 textum
3480 5267 3920 5340 irrepsi_sse._Sed

2345 5336 2545 5406 ἶιιιιιειι,
2594 5350 2651 5394 ιιι
2697 5336 2896 5394 ’νρΓυιη
2953 5341 3145 5402 fatear,
3203 5340 3274 5392 ita
3313 5336 3604 5407 scripsisse
3656 5336 3919 5391 Basilium

2345 5421 2492 5480 puto.
2531 5426 2629 5465 nec
2663 5414 2730 5464 ob
2771 5410 2926 5463 aliam
2959 5425 3176 5463 causam
3207 5409 3638 5476 praetermissum
3667 5409 3720 5461 id
3753 5407 3919 5462 fuisse

2345 5480 2736 5535 iuColbertiuis
2760 5480 3174 5549 exemplaribus,
3203 5495 3363 5546 quam
3419 5480 3560 5547 quod
3623 5481 3916 5549 continea-

2349 5553 2500 5604 teriu
2549 5553 2650 5603 line
2677 5547 3292 5618 duarum'periodurum
3350 5551 3610 5617 scriptum
3677 5552 3747 5600 sit
3804 5547 3918 5609 υἱὸς

2358 5620 2590 5691 ἰεμινεί.
2621 5619 2828 5691 Norunt
2849 5620 2990 5674 enim
3021 5620 3109 5685 qui
3140 5619 3218 5671 vel
3245 5618 3512 5691 tantillum
3542 5621 3592 5670 in
3645 5619 3916 5686 ejusmodi

2347 5689 2503 5744 rebus
2529 5690 2804 5744 exercitati
2831 5699 2974 5750 sunt,
3009 5704 3115 5741 non
3146 5703 3267 5740 raro
3292 5703 3390 5741 con
3405 5689 3610 5757 tingere
3635 5728 3649 5752 ,
3691 5696 3746 5740 i.t
3781 5697 3916 5740 tunc

2345 5761 2547 5815 librarii
2573 5760 2849 5830 periodum
2876 5759 3102 5815 alteram
3134 5759 3400 5812 outittaut.
