4092 6318
110 357 247 409 233

1322 350 1604 405 IIOMILIA
1640 352 1704 405 IN
1744 351 2071 407 PSALMUM
2112 352 2219 406 VII.

3274 344 3378 397 9.54

107 463 262 519 ἀπὸ
300 461 417 516 τῶν
452 464 785 519 διωκόντων
818 463 928 534 (54)
950 480 963 494 ·
1004 464 1190 531 ῥῦσαι
1229 463 1286 516 δέ
1317 480 1393 533 με
1417 464 1531 516 ἐκεῖ
1558 467 1614 517 ὲν
1640 465 1712 536 τῷ

1823 475 1967 524 tura.
2000 468 2215 523 Salvum
2239 468 2405 532 enim,
2438 468 2630 539 inquit,
2662 481 2738 519 me
2762 466 2869 533 fac,
2909 461 2997 515 hic
3023 478 3053 513 a
3077 475 3381 530 persequen-

112 554 323 625 καιρῷ
357 555 453 625 τῆς
480 555 724 627 ἐρεύνης,
751 553 835 624 μή
865 571 1009 609 ποτε
1046 555 1288 625 ἁρπάσῃ
1321 556 1400 620 ὡς
1430 556 1585 610 λέων
1606 558 1719 627 τὴν

110 647 358 715 ψυχήν
376 666 515 717 μου.
552 648 661 702 Καὶ
687 646 858 700 ταῦτα
904 647 1092 718 μάθοις
1123 648 1188 703 ἂν
1216 648 1271 714 ἐξ
1308 647 1469 700 αὑτοῦ
1497 648 1588 700 τοῦ
1612 651 1717 703 Κυ-

114 740 262 807 ρίου
300 740 547 808 λέγοντος
592 739 720 809 περὶ
752 739 842 792 τὸν
883 741 1069 811 καιρόν
1113 739 1204 794 τοῦ
1247 740 1487 801 πάθους*
1527 740 1654 793 Νῦν
1686 744 1717 795 o'

112 830 345 902 ἄρχων
383 832 485 886 τοῦ
516 832 745 899 κόσμου
776 833 989 887 τούτου
1034 834 1300 901 ἔρχεται,
1354 830 1452 882 καὶ
1493 831 1559 883 ἐν
1590 832 1717 901 ἐμοὶ

111 922 262 983 ἔξει
315 920 508 976 οὐδέν.
574 922 712 976 Ἀλλ’
746 927 773 977 ὁ
830 926 955 995 μὲν,
1015 925 1088 993 μὴ
1145 922 1374 992 ποιήσας
1424 923 1713 995 ἁμαρτίαν,

113 1016 330 1083 ἔλεγεν
354 1014 493 1085 ἔχειν
520 1015 672 1069 οὐδέν
695 1035 706 1044 ·
738 1015 1008 1085 ἀνθρώπῳ
1037 1014 1093 1065 δὲ
1126 1011 1393 1082 αὔταρκες
1418 1052 1432 1075 ,
1472 1015 1565 1069 ἐὰν
1594 1014 1716 1066 τολ-

121 1110 298 1179 μὴσῃ
328 1111 496 1162 εἰπεῖν
522 1148 535 1172 ,
570 1111 649 1161 ὃτι
677 1108 927 1177 Ἔρχεται
958 1106 986 1157 ό
1017 1105 1197 1174 ἄρχων
1225 1104 1318 1157 τοῦ
1355 1107 1556 1177 κόσμου
1597 1104 1718 1157 τού-

115 1217 259 1265 του,
292 1202 387 1255 καὶ
416 1202 471 1253 ὲν
516 1200 637 1269 ἐμοὶ
685 1196 794 1260 ἕξει
833 1197 987 1265 ὀλίγα
1021 1197 1115 1248 καὶ
1160 1197 1348 1267 μικρά.
1376 1198 1629 1257 Κίνδυνος
1661 1196 1716 1247 δὲ

116 1291 318 1346 ταῦτα
351 1291 558 1353 παθεῖν,
591 1288 683 1342 ἐὰν
713 1287 786 1359 μὴ
809 1287 1019 1358 ἔχωμεν
1043 1287 1133 1341 τὸν
1164 1286 1520 1361 λυτρούμενον
1545 1290 1576 1357 ἡ
1586 1287 1711 1356 μᾶς,

122 1385 281 1454 μηδὲ
316 1384 405 1434 τὸν
437 1379 694 1444 σώζοντα.
746 1379 889 1450 Πρὸς
917 1380 985 1433 τὰ
1011 1379 1103 1433 δύο
1143 1381 1210 1433 τὰ
1252 1382 1581 1451 προκείμενα
1624 1378 1716 1428 δύο

118 1477 261 1527 ἐστὶ
289 1472 362 1524 τὰ
390 1473 730 1543 ὲπαγόμενα·
762 1470 969 1525 Σῶσόν
982 1488 1057 1539 με
1080 1471 1146 1523 ἐκ
1177 1469 1280 1523 τοῦ
1308 1470 1577 1537 πλήθους
1600 1466 1716 1518 τῶν

119 1563 481 1616 διωκόντων
506 1580 601 1631 με,
634 1562 731 1615 καὶ
751 1560 935 1629 ῥῦσαι
968 1560 1078 1630 (55)
1105 1600 1118 1623 ,
1155 1561 1239 1612 ἵνα
1271 1560 1342 1630 μή
1374 1576 1501 1611 ποτε
1532 1558 1711 1626 ἁρπα-

126 1653 279 1717 σθῶ,
310 1654 385 1718 ὼς
412 1654 484 1725 μὴ
510 1654 659 1717 ὄντος
684 1652 1069 1722 λυτρουμένου.

206 1745 265 1798 5.
289 1748 462 1812 Κύριε
480 1748 512 1798 ὀ
536 1744 677 1807 Θεός
694 1760 830 1811 μου,
863 1744 913 1795 ει
945 1742 1204 1807 ἐποίησα
1238 1742 1430 1805 τοῦτο,
1457 1745 1508 1795 εί
1544 1744 1713 1796 ἐστιν

123 1834 347 1888 ἀδικία
375 1836 445 1887 ἐν
486 1836 659 1903 χερσί
693 1850 831 1903 μου,
862 1835 915 1885 εὶ
961 1830 1345 1886 ὰηαπέδωκιι
1383 1833 1502 1897 τοῖς
1531 1836 1709 1888 ἀντα-

125 1925 465 1980 ποδιδοῦσί
490 1944 592 1995 μοι
650 1924 822 1989 κακὰ,
874 1922 1231 1992 ἁποπέσοιμι
1285 1924 1397 1991 ἄρα
1438 1925 1553 1978 ἀπὸ
1598 1925 1715 1979 τῶν

123 2016 373 2085 ἐχθρῶν
389 2034 507 2086 μου
551 2016 743 2082 κενός.
772 2012 1134 2077 Καταδιώξαι
1168 2012 1282 2080 ἄρα
1312 2016 1343 2065 ό
1373 2012 1582 2081 ἐχθρὸς
1602 2014 1715 2079 τὴν

126 2108 359 2176 ψυχήν
375 2126 513 2178 μου,
548 2108 643 2161 καὶ
668 2104 1009 2161 καταλάϐοι.
1050 2103 1282 2175 ξύνηθες
1312 2105 1375 2174 τῇ
1426 2104 1612 2175 Γραφῇ
1656 2104 1715 2157 τὸ

124 2199 243 2269 τῆς
286 2202 689 2263 ἀνταποδόσεως
725 2201 893 2269 ὄνομα
920 2198 1017 2250 οὐκ
1053 2199 1143 2250 ἐπὶ
1181 2196 1288 2251 τῶν
1321 2196 1709 2267 νομιζομένων.

127 2291 215 2352 ὡς
244 2292 587 2362 ὑπάρξαντός
612 2307 755 2352 τινος
785 2288 989 2356 ἀγαθοῦ
1021 2289 1053 2358 ἢ
1084 2288 1276 2352 κακοῦ,
1321 2289 1478 2359 μόνον
1511 2289 1715 2359 λαμϐά-

1750 1807 1787 1860 Β

124 2397 273 2444 νειν,
306 2380 443 2435 ἀλλὰ
487 2383 580 2435 καὶ
632 2379 859 2434 ἐπὶτῶν
910 2379 1451 2452 προκαταρχομένωνο
1502 2380 1575 2442 ὠς
1622 2382 1715 2432 ἐπὶ

125 2473 255 2538 τοῦ,
300 2473 649 2539 Ἁνταπόδος
674 2473 753 2540 τῷ
778 2473 975 2541 δούλῳ
996 2488 1133 2527 σου.
1175 2470 1319 2523 Ἀντὶ
1363 2470 1471 2541 γὰρ
1509 2470 1600 2523 τοῦ
1635 2473 1714 2523 εί-

127 2566 287 2627 πεῖν,
323 2565 441 2627 Δὸς,
468 2564 703 2636 εἴρηται,
743 2564 1114 2629 Ἀνταπόδος.
1143 2562 1297 2625 Δόσις
1322 2562 1419 2632 μὲν
1440 2557 1532 2614 οὖν
1571 2563 1715 2614 ἐστιν

128 2655 166 2723 ἡ
204 2656 458 2725 καταρχὴ
501 2657 596 2725 τῆς
630 2656 894 2718 εὐποιίας,
920 2654 1171 2717 ἀπόδοσις
1194 2654 1300 2723 δὲή
1329 2653 1422 2707 τοῦ
1466 2655 1579 2707 ῑσου
1618 2655 1715 2706 ἀν-

126 2746 463 2816 τιμέτρησις
485 2745 634 2816 παρὰ
662 2744 754 2798 τοῦ
783 2741 839 2799 εὖ
864 2746 1185 2808 πεπονθότος
1209 2745 1337 2815 (56)·
1369 2746 1714 2809 ἀνταπόδοσις

128 2839 191 2891 δὲ
227 2838 463 2907 δευτέρα
490 2854 572 2900 τις
602 2836 743 2908 ἀρχὴ
776 2837 871 2889 καὶ
899 2836 1142 2907 περίοδος
1176 2836 1281 2888 τῶν
1313 2837 1713 2906 καταϐαλλομέ-

129 2949 243 2984 νων
272 2930 354 2993 εἷς
382 2948 531 2993 τινας
565 2930 782 2998 ἀγαθῶν
815 2930 847 3000 ἢ
880 2928 1082 2982 κακῶν.
1128 2924 1290 2999 Οἶμαι
1331 2929 1408 2991 δὲ,
1440 2930 1565 2981 ὃταν
1596 2930 1715 2981 ἀντὶ

128 3022 235 3091 τῆς
261 3022 529 3092 αἰτήσεως
570 3022 732 3075 οἱονεὶ
758 3020 1050 3090 ἀπαίτησίν
1090 3038 1208 3073 τινα
1236 3019 1554 3090 ποιούμενος
1585 3022 1612 3071 ό
1639 3019 1717 3070 λό-

130 3131 231 3183 γος
254 3116 357 3186 τὴν
387 3117 737 3170 ἀνταπόδοσιν
755 3116 1004 3187 ὲπιζητῇ,
1032 3115 1265 3169 τοιοίτόν
1284 3131 1403 3167 τινα
1426 3114 1550 3167 νοῦν
1570 3132 1712 3186 παρ-
1740 3154 1782 3210 C

135 3209 283 3278 ιστᾷε
319 3209 420 3272 δτι,
464 3210 535 3261 Τὸ
574 3210 725 3281 παρὰ
763 3212 861 3282 τῆς
901 3211 1111 3280 φύσεως
1162 3207 1470 3276 ἀναγκαίως
1504 3207 1713 3277 ὀφειλό-

136 3316 305 3369 μενον
340 3300 435 3370 τῆς
468 3302 777 3371 ἐπιμελείας
802 3304 957 3373 χρέος
990 3304 1101 3365 τοῖς
1133 3302 1372 3369 ἐγγόνοις
1408 3300 1555 3368 παρὰ
1606 3301 1711 3354 τῶν

132 3392 543 3461 γεννησάντων,
578 3393 735 3446 τοῦτό
765 3412 848 3463 μοι
888 3396 1189 3463 παράσχου.
1214 3394 1575 3464 Χρεωστεῖται
1603 3393 1710 3465 γὰρ

132 3488 352 3551 τέκνοις
381 3486 530 3558 παρὰ
564 3488 766 3559 πατρὸς
816 3486 956 3540 κατὰ
988 3487 1084 3555 τὴν
1128 3487 1358 3557 φυσικὴν
1411 3487 1639 3558 στοργὴν
1676 3490 1707 3558 ή

136 3578 267 3647 περὶ
316 3576 412 3630 τοῦ
440 3577 555 3647 βίου
612 3579 855 3650 πρόνοια.
902 3578 1201 3650 Ὀφείλουσι
1244 3577 1370 3648 γὰρ,
1434 3579 1613 3648 φησιν,
1661 3581 1708 3631 οἱ

135 3674 319 3737 γονεῖς
338 3671 453 3733 τοῖς
485 3669 695 3733 τέκνοις
727 3668 1094 3741 θησαυρίζειν,
1130 3669 1215 3721 ἴνα
1249 3668 1382 3740 πρὸς
1410 3668 1485 3737 τῷ
1510 3668 1605 3738 ζῇν
1631 3669 1709 3721 ἔτι

136 3763 230 3814 καὶ
256 3762 357 3825 τὰς
388 3762 529 3815 κατὰ
555 3762 646 3814 τὸν
678 3760 789 3831 βίον
814 3762 994 3824 αὐτοῖς
1026 3760 1274 3831 ἀφορμὰς
1302 3760 1706 3830 παράσχωνται.

137 3851 393 3904 Τοιοῦτόν
430 3854 542 3905 ἐστι
575 3852 829 3914 πολλάκις
862 3850 1064 3921 ὲπὶτῆς
1094 3850 1312 3921 Γραφῆς
1342 3852 1397 3902 ὲν
1428 3853 1544 3913 ταῖς
1575 3868 1708 3921 προ-

138 3945 534 4011 καταρκτικαῖς
550 3943 849 4013 ἐνεργείαις
867 3942 925 3995 τὸ
950 3942 1195 4011 ἀπόδομα
1217 3943 1247 4012 ἢ
1279 3941 1338 3995 τὸ
1367 3942 1708 4013 ἀνταπόδομα

141 4033 724 4105 παραλαμϐανόμενον.
754 4035 865 4087 Νῦν
903 4035 957 4086 δὲ
990 4034 1129 4087 ἔοικε
1155 4035 1415 4107 θαρῤεἶνό
1447 4034 1616 4103 λέγων
1633 4036 1709 4105 τῷ

142 4127 214 4197 μὴ
252 4125 659 4179 ἀντιδεδωκέναι
702 4129 813 4188 τοῖς
848 4126 1251 4179 ἁνταποδιδοῦσι
1282 4126 1446 4193 κακὰ,
1478 4127 1550 4197 μὴ
1584 4130 1708 4181 ἀντ-

140 4218 533 4271 αποδεδωκέναι
554 4218 623 4271 τὰ
638 4218 896 4288 ὃμοια.Εἱ
918 4213 1028 4271 οὖν
1058 4218 1313 4283 ἐποίησα
1342 4218 1709 4281 τοῦτο,καὶεί

139 4308 529 4362 ἁνταπέδωκα
552 4308 673 4374 τοῖς
688 4307 1154 4363 ἀνταπεδιδοῦσί
1174 4325 1274 4376 μοι
1298 4308 1467 4373 κακὰ,
1489 4310 1709 4363 ἀποπέ-

141 4413 303 4467 σοιμι
336 4398 449 4467 ἄρα
479 4400 596 4454 ἀπὸ
617 4400 733 4453 τῶν
760 4398 988 4468 ἐχθρῶν
1010 4415 1126 4467 μου
1150 4398 1342 4463 κενός.
1384 4400 1549 4462 Κενὸς
1577 4402 1709 4453 ἀποι-

142 4492 329 4543 πίπτει
386 4490 493 4543 ἀπὸ
521 4492 627 4544 τῶν
683 4491 892 4562 ἐχθρῶν
939 4490 966 4542 ό
1011 4490 1106 4560 τῆς
1149 4490 1365 4561 χάριτος
1398 4491 1496 4561 τῆς
1526 4494 1588 4544 ὲκ
1612 4492 1702 4545 τοῦ

143 4580 502 4653 πληρώματος
527 4582 619 4634 τοῦ
637 4583 872 4653 Χριστοῦ
907 4581 1171 4637 ἐκπεσών.
1207 4581 1565 4645 Καταδιώξιιι
1592 4582 1706 4650 ἄρα

143 4677 172 4724 ό
192 4673 408 4743 ἐχθρὸς
432 4674 545 4742 τὴν
569 4676 778 4742 ψυχήν
798 4693 936 4745 μου,
969 4676 1064 4729 καὶ
1092 4675 1433 4739 καταλάϐοι,
1468 4678 1564 4729 καὶ
1596 4694 1702 4728 κα-

142 4766 477 4831 ταπατῆσαι
508 4769 593 4831 εἰς
619 4766 735 4836 γῆν
759 4766 872 4835 τὴν
890 4767 1039 4833 ζωήν
1064 4787 1201 4837 μου.
1232 4768 1336 4821 Τοῦ
1371 4770 1465 4839 μὲν
1495 4769 1699 4821 δικαίου

143 4854 173 4923 ἡ
215 4854 388 4925 ψυχὴν
445 4858 783 4928 χωριζομένη
830 4858 928 4927 τῆς
981 4861 1114 4930 πρὸς
1164 4862 1223 4912 τὸ
1281 4861 1435 4932 σῶμα
1484 4878 1699 4932 συμπα-

143 4942 285 5009 θείας
320 4946 453 5015 (57),
483 4949 579 5021 τὴν
602 4949 744 5019 ζωὴν
774 4948 885 5019 ἔχει
928 4951 1311 5022 κεκρυμμένην
1345 4953 1439 5005 σὺν
1462 4952 1539 5022 τῷ
1566 4954 1699 5024 Χρι-

204 5060 251 5091 ⁸³
290 5057 447 5114 Joan.
495 5077 603 5129 xw,
643 5062 731 5116 50.
824 5062 869 5094 “
909 5061 1049 5117 Γειιι.
1095 5078 1284 5127 cxvnt,
1330 5065 1414 5118 i7.
1502 5067 1548 5097 "
1587 5068 1625 5121 ll
1658 5068 1779 5123 Cor.

208 5153 327 5219 €54)
353 5151 443 5206 Sic
470 5154 704 5223 quinque
735 5170 863 5209 mss.
893 5153 1022 5223 Reg.
1058 5170 1194 5207 unus
1236 5164 1289 5209 et
1331 5156 1480 5210 Colb.
1513 5170 1695 5213 sextus

143 5223 602 5276 καταδιωκόντων.
624 5222 903 5279 Editiones
931 5222 1095 5277 Basil.
1128 5235 1182 5276 et
1204 5224 1375 5278 Paris.
1412 5236 1467 5278 et
1492 5228 1690 5281 Catena

143 5296 361 5347 tiorder.
397 5294 836 5347 καταδιωκόντων
871 5311 936 5364 με
966 5312 979 5348 :
1004 5296 1093 5348 sed
1131 5294 1281 5364 illud,
1326 5313 1416 5364 με,
1453 5296 1505 5349 in
1552 5298 1693 5351 nullo

146 5313 361 5347 writer.
397 5313 836 5347 καταοιωκοντων
871 5313 936 5364 με
966 5313 979 5348 Ξ
1004 5313 1093 5348 seu
1131 5313 1281 5357 llllltl,
1369 5313 1416 5358 ε,
1453 5313 1505 5349 In
1552 5313 1693 5351 IlllllO

146 5376 236 5437 his.
266 5366 551 5437 reperitur,
580 5365 682 5417 nisi
722 5366 862 5437 forte
897 5367 947 5417 in
980 5380 1106 5418 uno.
1160 5363 1278 5420 Mox
1326 5313 1463 5437 ᾔει.
1506 5369 1695 5420 tertius

147 5431 300 5484 habet
330 5433 570 5503 εὑρίσκει
601 5450 695 5503 pro
720 5434 850 5500 ἓξει.

198 5503 324 5580 ’(55)
386 5504 804 5580 Colb._quartn_s
855 5504 1188 5580 διωκόντων,
1234 5508 1326 5559 καὶ
1386 5506 1546 5577 ῥῦσαί
1601 5524 1694 5580 με.

148 5567 338 5644 Ibidem
396 5567 659 5644 reperitur
704 5574 795 5625 τοῦ
856 5576 906 5627 in
949 5567 1216 5644 aliquibus
1259 5567 1397 5630 mss:
1445 5590 1570 5630 ante
1600 5567 1693 5628 λυ-

147 5641 467 5716 ξρουμένουξ
493 5643 632 5697 Infra
674 5645 728 5716 in
765 5659 870 5716 uno
901 5660 1001 5699 IIIS.
1036 5641 1253 5713 perinde
1280 5664 1342 5700 ac
1379 5651 1428 5699 in
1491 5648 1695 5700 Catena

146 5708 357 5831 (loti-lem
426 5727 522 5782 pro
573 5712 943 5784 νομιζομένων
1004 5708 1200 5786 legitur
1255 5716 1660 5787 ἁντιδιδομὲνων

150 5792 215 5829 tua
243 5798 291 5831 e.

150 5792 291 5834 male.

1823 559 1962 613 tibus
1989 576 2104 624 me;
2134 559 2300 612 libera
2334 575 2413 612 me
2446 574 2572 615 vero
2600 558 2711 616 illic
2738 566 2979 627 tempore
3003 553 3290 617 examinis,
3320 570 3382 606 ne

1823 660 2029 717 quando
2054 652 2222 718 rapiat
2255 660 2311 705 ut
2334 650 2412 705 leo
2452 653 2679 705 animam
2715 665 2907 703 meam.
2937 648 3001 702 Et
3026 646 3141 701 luet:
3168 661 3233 700 ex
3266 648 3381 714 ipso

1822 741 2045 798 Domino
2093 742 2302 796 discere
2342 754 2516 811 p0tes,
2549 743 2691 795 circa
2729 755 2839 797 suae
2871 739 3137 807 passionis
3172 745 3380 803 tempus

1818 833 2028 889 dicente
2057 855 2069 890 :
2105 832 2263 887 Nunc
2292 833 2531 902 princeps
2558 833 2715 901 hujus
2748 832 2927 887 mundi
2954 833 3111 894 venit,
3142 841 3187 884 et
3219 832 3271 884 in
3300 847 3380 882 me

1826 941 1931 976 non
1949 919 2150 979 habebit
2169 924 2530 995 quidquam”.
2555 923 2839 977 Enimvero
2856 926 2942 994 qui
2969 932 3244 993 peccatum
3272 937 3376 973 non

1818 1018 2136 1083 admiserat,
2169 1018 2302 1072 nihil
2349 1017 2551 1070 habere
2582 1015 2791 1069 dicebat
2817 1032 2830 1078 ;
2860 1018 2988 1069 satis
3013 1024 3192 1069 autem
3218 1010 3378 1065 hiet-it

1820 1107 2055 1171 homini,
2102 1110 2144 1162 si
2188 1110 2386 1163 audeat
2421 1106 2601 1161 dicere
2648 1127 2660 1160 :
2714 1107 2872 1159 Venit
2915 1108 3163 1174 princeps
3194 1105 3375 1159 mundi

1822 1196 1999 1264 hujus.
2034 1208 2088 1252 et
2118 1200 2167 1251 in
2202 1215 2286 1255 me
2317 1198 2533 1253 habebit
2579 1213 2745 1265 pauca
2780 1207 2832 1251 et
2860 1211 3040 1266 parva.
3073 1198 3139 1249 At
3170 1198 3377 1261 pericu-

1818 1289 1925 1341 lum
1963 1298 2045 1344 est
2070 1305 2136 1342 ne
2184 1290 2294 1343 haec
2328 1290 2601 1353 accidant,
2635 1289 2736 1343 nisi
2767 1289 2906 1341 adsit
2929 1287 3017 1355 qui
3047 1286 3292 1349 redimat,
3325 1296 3378 1337 et

1818 1380 1994 1433 salvos
2019 1395 2116 1433 nos
2148 1378 2326 1431 faciat.
2371 1379 2586 1433 Duobus
2610 1381 2897 1450 propositis
2921 1381 3022 1433 duo
3046 1378 3376 1446 suhjnugun-

1819 1481 1923 1523 tur.
1949 1469 2165 1525 Salvum
2190 1485 2268 1521 nte
2295 1471 2380 1538 fac
2407 1486 2471 1523 ex
2490 1473 2823 1525 multitudine
2846 1470 3257 1539 persequentium
3278 1484 3374 1529 me,

1817 1571 1867 1612 et
1899 1562 2062 1615 libera
2112 1576 2213 1621 me,
2262 1575 2326 1613 ne
2357 1565 2570 1618 ouando
2605 1564 2800 1632 rapiar,
2836 1564 2986 1629 quasi
3022 1576 3124 1615 non
3168 1560 3239 1611 sit
3286 1559 3377 1626 qui

1818 1654 2059 1707 redimat.

1886 1746 1937 1798 3.
1982 1744 2145 1801 Vens.
2175 1746 2289 1800 4-6.
2330 1744 2547 1799 Domine
2580 1746 2717 1799 Deus
2746 1762 2910 1807 meus,
2943 1746 2989 1797 si
3018 1744 3113 1810 feci
3152 1745 3375 1803 istud,si

1816 1848 1887 1890 est
1918 1838 2168 1907 iniquitas
2199 1841 2255 1892 in
2297 1838 2539 1892 manibus
2564 1837 2714 1902 nteis,
2743 1838 2786 1890 si
2820 1838 3023 1897 reddidi
3049 1835 3380 1888 retribuenti-

1817 1930 1910 1981 bus
1935 1930 2063 1982 mihi
2096 1930 2257 1993 mala,
2284 1932 2515 1983 decidam
2540 1945 2660 2000 ergo
2689 1930 2751 1981 ab
2784 1929 3009 1980 inimicis
3032 1928 3156 1980 meis
3179 1926 3375 1979 inanis.

1824 2021 2171 2090 Perseqnatur
2215 2038 2335 2089 ergo
2366 2022 2610 2077 inimicus
2650 2023 2879 2076 animant
2921 2036 3118 2081 meam,
3152 2029 3197 2072 et
3232 2034 3377 2072 com-

1814 2114 2121 2181 prehendat.
2162 2112 2441 2183 Scriptura
2483 2127 2589 2165 non
2637 2112 2808 2166 solum
2856 2121 3073 2179 recepto
3103 2124 3249 2164 more
3290 2126 3376 2163 rc-

1815 2206 2120 2260 tributionis
2145 2220 2338 2261 nomen
2364 2218 2627 2273 usurpare
2668 2204 2823 2266 solet,
2855 2220 2973 2255 cum
3011 2202 3255 2256 videlicet
3287 2201 3379 2254 bo-

1815 2312 1939 2351 num
1990 2297 2203 2365 aliquod
2241 2305 2334 2349 aut
2384 2295 2583 2348 malum
2624 2294 2933 2363 praecessit,
2984 2296 3076 2348 sed
3121 2296 3173 2346 in
3224 2293 3380 2348 initio

1813 2388 1973 2441 etiam
2020 2389 2325 2448 actionum;
2379 2384 2522 2438 utin
2569 2386 2671 2438 hoc
2715 2384 2832 2440 loco
2876 2403 2886 2437 :
2946 2383 3189 2436 Iletribue
3231 2397 3378 2435 seruo

1814 2490 1900 2530 tuo
1928 2477 1993 2530 “.
2025 2476 2159 2529 Cum
2186 2475 2327 2529 enim
2358 2474 2537 2529 dicere
2566 2476 2873 2540 debuisset,
2930 2474 3140 2527 tribue:
3175 2474 3374 2526 dictum

1814 2580 1913 2631 est,
1948 2567 2214 2623 Retribue.
2252 2568 2386 2621 Dare
2412 2567 2599 2639 igitur,
2623 2567 2835 2621 initium
2861 2577 2944 2621 est
2966 2567 3374 2621 benefaciendi:

1817 2660 2036 2714 reddere
2062 2673 2208 2723 vero,
2236 2659 2375 2712 actio
2403 2659 2517 2727 ejus
2538 2658 2631 2727 qui
2671 2657 2986 2713 benelicinm
3016 2658 3245 2725 accepit,
3279 2672 3378 2727 par

1814 2754 1925 2824 pari
1981 2752 2298 2816 referentis;
2337 2752 2620 2806 retributio
2660 2762 2835 2805 autem
2870 2750 3160 2805 secundum
3201 2750 3374 2818 quod-

1815 2850 1934 2902 dam
1982 2856 2065 2901 est
2112 2845 2455 2915 principium,
2501 2858 2565 2898 ac
2613 2842 2929 2896 vicissitudo
2978 2842 3237 2895 bonorum
3283 2849 3374 2893 aut

1816 2939 2074 2992 malorum
2114 2937 2273 3007 100
2303 2938 2353 2991 in
2379 2935 2639 3007 quosdam
2665 2934 2997 2988 collatornm.
3024 2932 3135 2985 Mea
3159 2933 3375 3001 qnidem

1815 3030 2101 3093 sententia,
2135 3044 2258 3083 cum
2291 3042 2469 3081 scrmo
2507 3042 2606 3096 pro
2640 3026 2900 3095 petitione
2933 3040 3129 3079 nomen
3154 3023 3374 3077 adhibet

1816 3118 1968 3184 quasi
1994 3118 2328 3187 repetitionis
2352 3117 2597 3186 alicujus,
2614 3127 2666 3173 et
2690 3117 3097 3171 retributionem
3127 3114 3371 3183 requirit,

1818 3209 1978 3263 talem
2005 3209 2289 3278 quemdam
2315 3224 2548 3273 ,sensum
2596 3210 2814 3278 prtefert
2861 3225 2873 3261 :
2930 3206 3376 3261 Providentizeac

1814 3316 1957 3354 cura:
1990 3301 2251 3366 debitum,
2282 3299 2425 3368 quod
2457 3308 2645 3353 natura
2680 3299 2986 3353 necessario
3007 3314 3032 3349 ιι
3058 3298 3373 3366 parentibus

1816 3392 1937 3446 liliis
1964 3392 2206 3456 debetur,
2230 3393 2330 3446 hoc
2357 3391 2485 3445 mihi
2515 3390 2729 3446 exhibe.
2762 3390 2969 3445 Liberis
2994 3390 3137 3444 enim
3164 3406 3192 3443 a
3224 3398 3377 3457 patre

1812 3484 2105 3539 secundum
2133 3484 2428 3538 naturalem
2461 3498 2701 3537 amorem
2729 3484 2952 3537 debetur
2980 3496 3154 3536 rerum
3188 3482 3255 3534 ad
3292 3481 3373 3531 vi-

1813 3589 1919 3631 tam
1940 3573 2321 3644 pertinentium
2350 3588 2501 3627 cura.
2535 3571 2736 3627 Debent
2762 3572 2925 3636 enim,
2957 3571 3153 3639 inquit,
3183 3584 3383 3638 paren~

1813 3677 1894 3721 tes
1926 3666 2051 3720 [iliis
2094 3666 2460 3719 thesaurizare
2486 3666 2553 3729 ⁵⁵,
2584 3674 2641 3718 υι
2666 3674 2860 3734 praeter
2884 3664 3079 3723 vitam,
3109 3664 3283 3715 adhuc
3321 3669 3376 3713 et

1810 3759 2020 3813 vivendi
2051 3760 2287 3812 subsidia
2323 3759 2402 3812 eis
2435 3760 2869 3812 subministrent.
2901 3754 2958 3807 In
2991 3755 3176 3824 primis
3206 3754 3372 3809 actio-

1813 3852 1969 3905 nibus
1997 3866 2135 3918 saepe
2163 3852 2228 3903 ad
2264 3852 2404 3904 hunc
2433 3852 2648 3903 modum
2681 3849 2733 3902 in
2766 3847 3047 3917 Scriptura
3085 3856 3373 3916 usurpatur

1814 3940 2065 4002 redditio,
2094 3955 2187 3994 seu
2219 3939 2520 3993 retributio.
2556 3936 2707 3992 Nunc
2739 3948 2914 3991 autem
2944 3937 3199 4005 propheta
3229 3938 3279 3989 in
3307 3952 3371 3989 eo

1810 4033 2019 4085 videtur
2047 4030 2341 4097 conﬁdere,
2376 4032 2519 4099 quod
2562 4046 2659 4084 nec
2700 4030 2993 4085 reddiderit
3025 4028 3372 4082 retribnenti-

1812 4125 1912 4179 bus
1949 4124 2118 4189 mala,
2168 4138 2265 4178 nec
2311 4123 2508 4177 similia
2551 4123 2861 4177 reddiderit.
2912 4120 3122 4188 Itaque,
3172 4117 3230 4172 Si
3271 4120 3370 4179 feci

1810 4217 1972 4280 istud,
1996 4227 2041 4270 et
2070 4218 2116 4270 si
2140 4218 2342 4269 reddidi
2364 4216 2767 4269 retribuentibus
2792 4214 2918 4267 mihi
2943 4215 3105 4278 mala,
3134 4214 3369 4266 decidant

1810 4324 1933 4377 ergo
1968 4309 2032 4360 ab
2067 4309 2299 4361 inimicis
2333 4310 2457 4361 meis
2490 4309 2686 4360 inanis.
2718 4306 2894 4360 Inanis
2926 4311 2990 4361 ab
3020 4306 3251 4361 inimicis
3278 4308 3369 4359 de-

1809 4401 1939 4453 cidit
1965 4401 2040 4463 is,
2074 4401 2164 4469 qni
2206 4413 2271 4453 ex
2306 4399 2500 4469 gratia,
2532 4415 2652 4468 qua:
2685 4414 2750 4454 ex
2798 4399 3131 4468 plenitudine
3163 4400 3367 4453 Christi

1737 4522 1780 4579 υ
1810 4503 1921 4554 est,
1968 4491 2187 4545 excidit.
2247 4489 2599 4560 Persequatur
2648 4493 2811 4560 igitur
2842 4493 3087 4544 inimicus
3139 4494 3369 4543 animam

1812 4600 2001 4645 meam,
2040 4594 2087 4637 et
2121 4584 2514 4650 comprehendat
2558 4593 2605 4636 et
2647 4584 2910 4636 conculcet
2946 4584 2997 4635 in
3040 4593 3178 4635 terra
3211 4584 3369 4635 vitam

1811 4694 2000 4732 meam.
2034 4675 2168 4732 Justi
2198 4678 2417 4746 quidem
2444 4678 2621 4730 anima
2658 4678 2724 4729 ab
2761 4674 3040 4728 aﬂectibus
3070 4686 3121 4727 et
3151 4690 3370 4729 consor-

1812 4774 1884 4825 tio
1924 4772 2169 4837 corporis
2205 4782 2411 4823 secreta
2436 4810 2449 4833 ,
2479 4769 2640 4821 vitam
2682 4768 2841 4821 habet
2864 4782 2981 4820 cum
3012 4766 3225 4821 Christo
3250 4768 3366 4821 abs-

1807 4864 2079 4916 conditam
2129 4862 2181 4914 in
2219 4864 2326 4914 Deo
2350 4902 2363 4925 ,
2402 4870 2459 4913 ut
2497 4876 2617 4913 cum
2663 4859 2915 4927 Apostolo
2946 4861 3123 4913 dicere
3162 4868 3321 4927 queat
3352 4876 3365 4911 :

1826 4952 1945 5006 Vivo
1972 4962 2145 5006 autem
2181 4952 2294 5021 jam
2320 4968 2420 5004 non
2443 4967 2555 5019 ego,
2579 4951 2699 5003 vivit
2729 4966 2845 5003 vero
2862 4950 2916 5003 in
2941 4968 3019 5004 me
3042 4949 3282 5003 Christus
3300 4950 3365 5015 '6;

1818 5084 1915 5132 sn,
1950 5068 2034 5120 I-I.
2111 5066 2157 5097 "
2192 5066 2309 5120 Gal.
2342 5080 2400 5130 η,
2431 5064 2518 5118 20.

1874 5158 1987 5227 (56)
2024 5158 2113 5211 Sic
2150 5156 2444 5211 (Zolbertini
2472 5166 2697 5224 quartus
2716 5166 2770 5209 et
2791 5156 3050 5230 septimus
3082 5173 3205 5230 cum,
3234 5158 3362 5230 Reg.

1801 5241 1971 5282 snxto.
2024 5230 2126 5281 Alii
2180 5238 2411 5295 quatuor
2467 5243 2593 5279 mss.
2646 5241 2767 5278 cum
2823 5228 2980 5280 editis
3016 5228 3363 5293 πεπονθότος.

1802 5298 1964 5351 Paulo
1996 5310 2116 5367 post
2151 5298 2299 5351 Culb.
2334 5308 2558 5364 quartus
2586 5295 2848 5365 ἐπιζητεῖ.
2887 5298 3079 5351 Ibidem
3106 5300 3153 5349 in
3178 5301 3364 5352 eodem

1802 5386 1901 5421 nis.
1934 5366 2132 5439 legitur
2164 5367 2514 5439 παριστάναι.
2551 5366 2668 5421 Mox
2707 5371 2810 5421 dno
2846 5368 3207 5439 niss.fcéxwp.
3256 5369 3367 5425 IIoc

1803 5440 1918 5507 ipso
1952 5439 2003 5489 in
2035 5438 2147 5491 loco
2181 5439 2333 5491 Culb.
2367 5438 2629 5504 septimus
2660 5439 2785 5506 περὶ
2818 5438 2922 5489 τῶν
2945 5438 3079 5507 βίου.

1868 5508 1979 5574 (57)
2014 5507 2108 5561 Hic
2138 5509 2345 5559 variant
2379 5519 2590 5560 veteres
2624 5509 2741 5560 libri
2766 5518 2903 5560 inter
2936 5527 3011 5562 se.
3042 5513 3093 5561 ln
3118 5510 3199 5561 his
3229 5510 3361 5577 legi-

1805 5587 1889 5647 tur
1919 5579 2206 5644 συναφείας
2236 5596 2261 5647 :7
2308 5579 2358 5630 in
2395 5578 2518 5637 illis,
2552 5580 2625 5629 uti
2666 5580 2714 5629 in
2770 5578 2948 5638 editis,
2999 5577 3359 5647 συμπαθείας.

1804 5646 2004 5717 Ibidem
2049 5650 2213 5699 editio
2245 5646 2418 5699 Paris.
2478 5646 2588 5716 ἔχει
2620 5648 2718 5717 τήν
2760 5666 2772 5700 :
2818 5650 2909 5700 sed
2968 5646 3079 5701 illa,
3118 5652 3362 5717 repetitio

1806 5716 2021 5789 articuli
2058 5719 2480 5789 nonﬁreperjtur
2535 5722 2585 5771 in
2633 5716 2763 5773 niss.
2814 5720 2868 5772 In
2916 5716 3187 5789 aliquibus
3228 5738 3356 5775 nias.

1808 5788 2003 5854 legitur
2038 5787 2131 5839 σὺν
2171 5786 2389 5857 Χριστῴ
