4100 6312
714 370 817 426 Ξ.ῗὸ

2027 373 2081 426 S.
2130 372 2375 427 BASlLll
2413 373 2624 428 MAGNI

3863 372 3965 424 2.36

713 494 797 549 at,
836 483 988 548 Quod
1023 495 1195 537 autem
1233 500 1368 539 nunc
1401 486 1509 540 rivo
1543 488 1597 541 in
1628 503 1812 554 carne,
1844 490 1897 545 in
1936 489 2038 557 [ide
2073 489 2182 541 vivo
2212 488 2268 541 ⁵⁷.

2382 486 2490 557 στῷ
2521 488 2577 538 ὲν
2603 485 2680 557 τῷ
2700 487 2838 555 Θεῳ·
2868 485 3009 538 ὥστε
3024 486 3281 542 δύνασθαι
3312 485 3487 553 λέγειν
3520 487 3656 542 κατὰ
3691 487 3791 541 τὸν
3810 487 3968 538 Ἀπό-

712 575 1022 631 Peccatoris
1057 585 1259 641 autem,
1297 586 1352 634 et
1394 577 1547 645 ejus,
1590 581 1678 650 qui
1726 583 2021 638 secundum
2059 594 2275 635 carnem

709 666 865 733 vivit,
898 666 1287 738 corporeisque
1319 667 1675 739 voluptatibus
1708 671 2037 744 inquinatur,
2072 672 2275 739 anima,

708 758 766 815 in
799 760 982 815 carnis
1007 762 1397 830 cupiditatibus
1431 774 1684 835 tanquam
1718 766 1770 820 in
1815 767 1925 820 luto
1965 763 2273 820 volutatur:

708 865 869 919 quam
916 852 1283 909 conculcatatn
1320 856 1491 927 magis
1519 870 1581 908 ac
1624 858 1795 924 magis
1835 856 2083 911 inimicus
2128 870 2279 909 com-

710 942 1003 1009 maculare,
1039 953 1094 999 et
1125 944 1285 998 veluti
1320 944 1483 1001 homo
1520 946 1723 1014 ingesta
1754 951 1985 1004 obruere
2022 956 2268 1012 conatur,

708 1033 923 1091 irruens
960 1035 1014 1089 in
1039 1035 1328 1104 jacentem,
1360 1050 1413 1093 et
1443 1037 1554 1092 suis
1593 1038 1820 1104 pedibus
1868 1038 2015 1090 illum
2048 1037 2101 1091 in
2130 1046 2272 1092 terra

710 1135 1013 1196 proterens,
1039 1129 1139 1183 hoc
1164 1138 1264 1191 est.
1306 1130 1356 1184 in
1391 1131 1504 1199 ipso
1528 1142 1755 1197 corpore
1784 1130 2108 1183 conculcans
2132 1130 2272 1199 ejus,

707 1217 799 1286 qui
826 1218 1006 1286 lapsus
1034 1228 1137 1285 est,
1170 1221 1353 1276 vitam.
1386 1221 1447 1273 Et
1476 1218 1697 1289 gloriam
1738 1236 1903 1272 meum
1931 1220 1986 1272 in
2013 1219 2274 1286 pulverem

708 1310 953 1363 deducat.
989 1308 1310 1367 Sanctorum
1340 1311 1482 1365 enim
1531 1313 1619 1380 qui
1664 1310 1713 1364 in
1757 1310 1909 1365 cmlis
1944 1325 2271 1365 conversan-

710 1409 819 1466 tnr,
858 1410 915 1457 et
960 1402 1061 1457 sibi
1109 1404 1160 1456 in
1211 1402 1475 1457 thesauris
1518 1401 1861 1471 sempiternis
1903 1399 2041 1453 bona
2077 1417 2274 1470 conge-

711 1501 856 1560 runt,
884 1493 1049 1561 gloria
1076 1496 1126 1546 in
1155 1495 1291 1547 caelo
1314 1507 1431 1557 cst;
1467 1506 1802 1549 terrenorum
1835 1508 1961 1546 vero
1990 1500 2043 1545 et
2077 1509 2272 1549 secun-

707 1583 834 1634 dum
862 1599 1073 1637 carnem
1122 1587 1413 1639 viventium
1458 1587 1627 1654 gloria
1655 1589 1706 1641 in
1746 1585 1963 1655 pulvere
2002 1586 2272 1641 demorari

707 1675 922 1728 dicitur.
967 1676 1064 1741 Qui
1114 1680 1258 1731 enim
1305 1679 1355 1731 in
1393 1682 1586 1748 opibus
1633 1679 1860 1732 terrenis
1892 1676 2176 1746 gloriatur,
2220 1689 2275 1731 et

708 1766 985 1821 hominum
1014 1768 1270 1821 honorem
1309 1770 1455 1824 brevi
1501 1780 1742 1838 tempore
1787 1769 2106 1824 duraturum
2149 1785 2273 1837 pro-

2382 577 2583 643 στολον,
2617 581 2696 633 ὅτι
2724 578 2814 631 Ζῶ
2852 578 2919 631 δὲ
2955 580 3155 634 οὺκέτι
3185 580 3318 651 ἐγὼ,
3344 578 3408 647 ζῇ
3446 578 3513 630 δέ
3543 582 3610 632 ἐν
3635 582 3764 652 ἐμοὶ
3825 580 3965 647 Χρε-

2380 670 2543 736 στός·
2583 672 2695 733 καὶ,
2757 671 2825 722 ’⁸0
2856 670 2924 724 δὲ
2948 670 3064 724 νῦν
3095 671 3165 730 ζῶ
3186 673 3256 724 ἐν
3285 670 3486 740 σαρκὶ,
3525 670 3592 723 ἐν
3619 676 3829 727 πίστει
3868 668 3961 731 ζῶ.

2379 759 2484 811 Τοῦ
2506 760 2561 813 δὲ
2592 760 2918 832 ἀμαρτωλοῦ
2950 761 3043 814 καὶ
3077 760 3218 813 κατὰ
3264 762 3438 833 σάρκα
3469 759 3661 823 ζῶντος
3687 765 3784 815 καὶ
3821 780 3963 833 anno

2379 853 2726 923 πεφυρμένου
2751 854 2871 914 ταῖς
2892 851 2981 905 τοῦ
3004 851 3252 921 σώματος
3291 853 3501 923 ἡδοναῖς
3522 853 3552 922 ἡ
3583 851 3719 923 ψυχὴ
3747 848 3874 908 οἷον
3906 855 3963 905 ὲν

2382 942 2628 1014 βορϐόρῳ
2682 945 2793 1005 τοῖς
2831 944 3026 997 πάθεσι
3068 942 3167 1013 τῆς
3214 944 3414 1013 σαρκὸς
3448 943 3856 1014 ἐγκεκύλισταιο
3895 946 3963 1015 ἢν

2378 1034 2469 1087 καὶ
2530 1034 2861 1088 καταπατῶν
2894 1035 2921 1085 ὁ
2960 1035 3150 1106 ἐχθρὸς
3183 1033 3274 1086 ἐπὶ
3309 1034 3470 1089 πλέον
3499 1035 3819 1107 ὲκμολύνειν
3866 1038 3962 1091 καὶ

2376 1127 2539 1179 οἱονεὶ
2570 1126 2966 1197 καταχωννύειν
2996 1127 3607 1194 φιλονεικεῖ,ὲπιϐαίνων
3627 1127 3699 1199 τῷ
3730 1146 3963 1181 πεπτω-

2376 1219 2510 1282 κότι,
2533 1220 2626 1271 καὶ
2653 1223 2761 1283 τοῖς
2791 1217 2980 1273 ἑαυτοῦ
3009 1219 3134 1271 ποσὶ
3169 1218 3493 1271 καταπατῶν
3517 1224 3591 1284 εἰς
3630 1220 3752 1289 γῆν,
3794 1236 3963 1271 τουτ-

2375 1312 2541 1371 έστιν,
2575 1313 2652 1373 είς
2680 1312 2739 1363 τὸ
2772 1312 2926 1381 σῶμα
2981 1308 3077 1378 τὴν
3110 1309 3252 1381 ζωὴν
3288 1309 3379 1363 τοῦ
3413 1309 3815 1381 ὀλισθήσαντος.
3843 1312 3957 1363 Καὶ

2375 1402 2488 1469 τὴν
2514 1403 2701 1465 δόξαν
2729 1422 2846 1471 μου
2876 1404 2962 1467 εἰς
2990 1401 3142 1468 χοῦν
3180 1401 3652 1468 κατασκηνὼσαι.
3688 1406 3821 1459 Τῶν
3858 1403 3962 1475 μὲν

2373 1492 2541 1559 ἁγίων
2568 1494 2627 1544 τὸ
2662 1492 2960 1564 πολίτευμα
2988 1491 3215 1561 ἐχόντων
3240 1494 3298 1545 ἐν
3330 1494 3591 1563 οὐρανοῖς,
3626 1497 3717 1547 καὶ
3746 1497 3963 1566 θησαυ-

2375 1582 2632 1654 ριζόντων
2667 1586 2880 1649 ἑαυτοῖς
2912 1586 2968 1638 ἐν
2990 1585 3099 1646 τοῖς
3132 1585 3369 1648 αἰωνίοις
3399 1586 3684 1657 θησαυροῖς
3711 1590 3782 1641 τὰ
3822 1593 3963 1658 ἁγα-

2374 1676 2462 1738 θὲ,
2492 1681 2523 1747 ὴ
2550 1676 2674 1741 δόξα
2695 1678 2839 1731 ἐστὶν
2871 1680 2927 1732 ἐν
2954 1680 3066 1740 τοῖς
3083 1677 3348 1748 οὐρανοῖς·
3404 1678 3510 1731 τῶν
3546 1678 3597 1730 δὲ
3626 1680 3831 1749 χοῖκῶν
3864 1682 3961 1734 καὶ

2374 1770 2515 1823 κατὰ
2545 1770 2719 1839 σάρκα
2756 1770 2992 1832 ζώντων,
3026 1771 3058 1840 ἡ
3097 1770 3222 1835 δόξα
3257 1771 3434 1824 αὐτῶν
3463 1771 3843 1841 κατασκηνῶν
3879 1776 3960 1835 εἰς

707 1860 973 1925 sequitur,
1005 1873 1068 1913 ac
1107 1875 1285 1914 rerum
1318 1861 1675 1929 corporalium
1726 1862 1879 1929 copia
1928 1861 2183 1923 conlidit,
2224 1860 2268 1915 is

2376 1862 2465 1914 τὸν
2500 1862 2623 1931 χοῦν
2645 1860 2880 1927 λέγεται.
2930 1862 2986 1914 'U
3018 1860 3125 1931 γὰρ
3152 1864 3242 1913 ἐπὶ
3266 1863 3343 1932 τῷ
3370 1863 3534 1933 χοῖκῷ
3558 1863 3762 1932 πλούτῳ
3793 1862 3960 1930 605:1-

706 1950 808 2003 sibi
843 1951 1067 2018 gloriam
1111 1950 1399 2019 conciliat,
1445 1968 1550 2005 non
1599 1953 1651 2007 in
1701 1952 1897 2009 εωιυω
1935 1954 2268 2017 tendentem,

705 2042 796 2103 sed
829 2042 879 2095 in
909 2042 1128 2110 pulvere
1158 2057 1580 2107 permanentem.

776 2323 938 2379 Vens.
982 2327 1032 2377 7.
1078 2326 1337 2397 Exsurge,
1374 2327 1613 2390 Domine,
1648 2327 1703 2379 in
1746 2328 1826 2380 ira
1858 2338 1947 2381 tua
1984 2343 2003 2383 :
2037 2332 2270 2383 exaltare

702 2418 758 2470 in
785 2416 976 2485 ﬁnibus
1006 2417 1336 2472 inimicorum
1362 2436 1617 2477 meorum.
1665 2420 1977 2492 Mysterinm
2023 2437 2270 2477 resurre-

703 2508 900 2565 ctionis
935 2507 1045 2578 jam
1075 2511 1331 2581 compleri
1364 2507 1583 2583 exoptat
1624 2512 1909 2583 Propheta,
1953 2515 2017 2568 ad
2065 2514 2268 2582 peccati

702 2617 891 2657 eorum
920 2603 1301 2669 abolitionem;
1330 2617 1420 2658 aut
1447 2621 1560 2659 eam
1588 2606 1637 2658 in
1674 2622 1833 2658 cruce
1861 2606 2265 2673 exaltutionetn,

700 2680 821 2762 qua:
853 2694 1028 2749 futura
1066 2706 1217 2760 erat,
1256 2706 1533 2764 postquam
1582 2696 1646 2747 ad
1692 2697 1935 2749 ultimum
1982 2699 2266 2753 terminum

700 2794 850 2839 esset
897 2786 1236 2841 inimicorum
1278 2786 1479 2841 malitia
1519 2800 1724 2844 evecta.
1763 2790 1866 2843 Aut
1892 2791 2053 2844 etiam
2092 2794 2271 2848 verbis

703 2875 831 2941 illis,
869 2874 1120 2931 Exaltare
1148 2878 1202 2931 in
1242 2878 1435 2945 ﬁnibus
1478 2881 1811 2933 inimicorum
1845 2899 2107 2948 meorum,
2150 2884 2271 2938 talis

701 2967 948 3033 quaedam
974 2968 1214 3037 subjecta
1246 2982 1328 3025 est
1352 2973 1497 3025 notio
1523 2992 1535 3024 :
1571 2974 1846 3034 nitnirntn,
1872 2976 2267 3041 quantumlibet

701 3057 1007 3112 ascenderit
1043 3060 1264 3124 malitia,
1299 3061 1513 3113 etiamsi
1547 3063 1611 3114 ad
1649 3064 1970 3116 immensum
2004 3080 2266 3133 pervene-

706 3148 795 3213 rit,
828 3162 995 3219 seque
1039 3149 1091 3204 in
1124 3152 1391 3208 infinitum
1419 3153 1690 3219 eﬂuderit,
1718 3171 1779 3211 ea
1816 3173 1917 3225 qua
1956 3158 2122 3228 polles
2154 3159 2262 3213 vir-

2377 1955 2617 2024 ξάμενος,
2655 1954 2787 2006 καὶὸ
2814 1954 2913 2025 τὴν
2937 1955 3290 2027 ὀλιγοχρόνιον
3307 1956 3470 2026 τιμὴν
3507 1956 3610 2008 τῶν
3639 1956 3960 2027 ἀνθρώπων

2376 2046 2668 2117 περιέπων,
2706 2046 2799 2099 καὶ
2828 2048 2856 2099 ὁ
2881 2048 2971 2099 ἐπὶ
2991 2051 3101 2109 τοῖς
3148 2051 3475 2116 σωματικοῖς
3514 2050 3957 2117 πλεονεκτήμασι

2378 2137 2670 2204 πεποιθὼς,
2721 2140 2877 2205 δόξαν
2932 2138 3108 2208 ἑαυτῷ
3143 2138 3273 2208 ἔχει,
3314 2138 3412 2190 οὐκ
3464 2139 3827 2191 ἀνανεύοιισαν
3874 2141 3957 2201 εις

2372 2230 2617 2299 οὐρανὸν,
2644 2232 2756 2284 ἀλλ’
2784 2235 2862 2291 εἰς
2887 2234 2977 2285 τὸν
3011 2231 3135 2299 χοῦν
3171 2231 3620 2301 ἐναπομένουσαν.

2454 2323 2777 2391 Ἀνάστηθι,
2804 2326 2997 2390 Κύριε,
3039 2323 3107 2375 ἐν
3147 2321 3292 2392 ὀργῇ
3336 2340 3471 2378 σου·
3524 2322 3784 2393 eodem:
3834 2322 3955 2390 (58)

2371 2415 2439 2467 ἐν
2466 2413 2587 2479 τοῖς
2614 2415 2828 2483 πέρασι
2850 2414 2968 2468 τῶν
2994 2413 3223 2484 ἐχθρῶν
3245 2432 3382 2485 μου.
3417 2416 3489 2469 Τὸ
3532 2417 3828 2485 μυστήριον
3856 2416 3924 2483 τῆ
3932 2433 3956 2476 ς

2372 2505 2719 2570 ἀναστάσεως
2742 2507 2841 2578 ἤδη
2884 2506 3219 2577 ἐνεργεῖσθαι
3251 2506 3463 2576 εὔχεται
3489 2508 3516 2557 ὁ
3549 2506 3845 2573 Προφήτης
3875 2508 3957 2565 εἰς

2373 2600 2625 2671 ἀθέτησιν
2652 2598 2751 2668 τῆς
2781 2599 3053 2669 ἁμαρτίας
3080 2597 3275 2649 αὐτῶν·
3307 2595 3452 2665 ἧτὴν
3477 2596 3568 2645 ἐπὶ
3588 2592 3679 2645 τοῦ
3706 2594 3953 2665 σταυροῦ

2408 2693 2599 2763 ψωσιν,
2629 2692 2748 2761 ἣτις
2776 2690 3099 2759 γενήσεσθαι
3121 2688 3310 2759 ἔμελλε
3345 2687 3479 2757 μετὰ
3495 2686 3554 2739 τὸ
3580 2687 3658 2749 εἰς
3671 2686 3761 2739 τὸν
3780 2686 3949 2755 ἐσχα-

2371 2803 2461 2837 τον
2492 2786 2613 2856 ὅρον
2640 2784 2735 2852 τὴν
2765 2782 2963 2835 κακίαν
3002 2781 3107 2834 τῶν
3149 2780 3357 2852 ἐχθρῶν
3404 2779 3702 2850 ὑψωθῆναι.
3740 2780 3811 2832 Ἢ
3851 2781 3952 2832 καὶ

2370 2877 2447 2940 τὸ,
2510 2874 2787 2943 Ὑψώθητι
2838 2875 2908 2927 ἐν
2957 2874 3081 2941 τοῖς
3126 2874 3341 2942 πέρασι
3388 2873 3501 2927 τῶν
3549 2871 3775 2943 ἐχθρῶν
3795 2890 3946 2940 μου,

2371 2966 2605 3020 τοιοῦτόν
2632 2984 2756 3019 τινα
2782 2966 3069 3021 ὑποϐάλλει
3095 2967 3237 3022 νοῦν·
3258 2969 3337 3021 ὅτι
3366 2968 3485 3020 ὅσον
3511 2968 3573 3019 Ξιν
3592 2965 3885 3035 κορυσωθῇ
3906 2969 3938 3031 ἡ

2372 3060 2556 3123 κακία,
2583 3060 2677 3113 καὶ
2695 3061 2929 3134 προέλθῃ
2953 3060 3043 3114 ἐπὶ
3075 3062 3134 3114 τὸ
3159 3062 3391 3130 ἄμετρον
3426 3059 3517 3111 καὶ
3548 3059 3649 3109 ἀπε
3661 3056 3934 3124 ριόριστον

2371 3152 2614 3223 χυθεῖσα,
2650 3156 2714 3224 τῇ
2766 3153 3050 3225 περιουσίᾳ
3098 3153 3197 3220 τῆς
3232 3150 3507 3217 δυνάμεως
3552 3146 3773 3199 δύνασαι
3802 3146 3943 3213 (59),

700 3242 834 3297 tutis
877 3243 1202 3298 abundantia
1227 3287 1241 3309 ,
1275 3258 1423 3315 potes
1456 3258 1507 3301 tu
1533 3288 1548 3313 ,
1591 3222 2043 3318 quemadmodum
2096 3254 2266 3309 bonus

2372 3222 2556 3317 ὥσπερ
2588 3222 2791 3314 ἀγαθὸς
2842 3222 3035 3315 ῖατρὸςν
3059 3239 3481 3312 προκαταλαϐὼν
3513 3239 3612 3307 τῆς
3659 3239 3827 3309 νομῆς
3874 3238 3943 3289 τα

700 3332 945 3388 medicus
989 3335 1327 3403 depascentis
1352 3340 1521 3391 morbi
1559 3341 1815 3394 terminos
1848 3358 2224 3411 pra-occupans
2251 3387 2264 3405 ,

697 3421 893 3477 sistere
936 3428 1184 3477 morbum
1232 3440 1564 3491 grassantem
1612 3444 1673 3480 ac
1710 3443 2036 3497 serpentem,
2061 3446 2111 3487 et
2148 3438 2265 3503 ejus

697 3512 1107 3568 continuitatem
1137 3513 1305 3584 plagis
1332 3516 1436 3569 tuis
1464 3514 1841 3586 Obittrgatol‘iis
1870 3523 2207 3577 exscindere.

772 3605 826 3660 4.
868 3604 935 3659 Ει
975 3622 1230 3675 exsurge,
1266 3607 1481 3661 Domine
1527 3608 1662 3663 Deus
1710 3628 1875 3673 meus,
1910 3613 1963 3665 in
2006 3629 2262 3681 pra'cepto

696 3703 836 3766 quod
868 3701 1149 3752 mandasti.
1197 3699 1370 3754 l’otest
1421 3702 1503 3753 hic
1537 3716 1714 3753 sermo
1783 3718 1839 3758 et
1911 3706 1975 3759 ad
2023 3723 2261 3763 resurre-

699 3789 896 3843 ctionis
919 3789 1233 3859 mysterium
1261 3791 1478 3844 referri:
1504 3795 1636 3846 adeo
1659 3803 1715 3846 ut
1740 3794 2003 3861 Propheta
2024 3796 2259 3866 judicent

696 3883 1033 3946 exhortetnr,
1058 3893 1116 3937 ut
1149 3895 1405 3953 exsurgat
1437 3885 1502 3938 ad
1545 3886 1911 3957 cujuscunque
1947 3894 2148 3959 pCCCaLi
2185 3894 2261 3948 ul-

700 3979 900 4031 tionem
926 4019 940 4042 ,
970 3985 1024 4030 et
1058 3976 1122 4030 ad
1153 3979 1398 4032 mandata
1434 3994 1550 4046 qua:
1591 3979 1742 4033 nobis
1781 3992 1905 4034 ante
1940 3984 2263 4054 prinsct'ipsit

699 4068 1046 4136 perﬁcienda.
1085 4069 1237 4142 ιοι
1267 4069 1451 4125 Potest
1485 4086 1697 4140 quoque
1731 4084 1785 4127 et
1820 4074 1883 4127 de
1913 4086 2056 4130 statu
2086 4094 2261 4133 rerum

698 4157 1004 4225 Propheta),
1032 4172 1088 4211 ut
1122 4170 1247 4213 tunc
1271 4170 1408 4226 erat,
1434 4162 1625 4230 accipi,
1651 4177 1713 4215 ac
1744 4163 1787 4217 si
1821 4165 1984 4218 Detnn
2009 4179 2177 4239 roget,
2210 4180 2265 4223 ut

698 4252 763 4305 ad
795 4252 1082 4306 vindictam
1149 4254 1396 4321 prmcepti
1444 4257 1582 4321 quod
1636 4257 1926 4321 mandavit,
1990 4274 2259 4331 exsurgat.

698 4342 1029 4411 ‘Prteceptum
1048 4353 1225 4395 autem
1257 4353 1421 4396 erata
1452 4345 1558 4397 Deo
1576 4344 1754 4397 datum
1784 4364 1797 4398 :
1826 4346 2042 4402 Honora
2064 4364 2263 4419 patrem

698 4444 847 4487 tuum
876 4446 923 4488 et
953 4446 1170 4488 matrem
1190 4435 1257 4502 ’3;
1286 4436 1423 4503 quod
1452 4437 1622 4504 ipsum
1642 4436 1757 4503 ejus
1792 4437 1929 4491 ﬁlius
1955 4440 2062 4508 jam
2088 4442 2264 4497 fuerat

2372 3336 2601 3406 πέρατα,
2642 3335 2952 3404 στῆσαιτὴν
2984 3333 3135 3383 νόσον
3177 3331 3480 3400 νεμομένην
3517 3330 3606 3381 καὶ
3639 3329 3938 3399 Ξρτκυσαν,

2370 3431 2462 3481 καὶ
2500 3427 2751 3495 διακόψαι
2786 3427 2952 3495 αὐτῆς
2990 3426 3087 3495 τὴν
3116 3426 3393 3494 συνέχειαν
3430 3425 3547 3485 ταῖς
3571 3421 3943 3483 παιδευτικαξ

2368 3537 2458 3572 σου
2491 3520 2742 3589 πληγαῖς.

2436 3612 2489 3664 4.
2526 3612 2631 3665 Καὶ
2664 3608 3023 3680 ἐξεγέρθητι,
3055 3612 3229 3677 Κύριε
3266 3613 3296 3664 ό
3323 3610 3463 3674 Θεός
3490 3626 3631 3677 μου,
3658 3609 3939 3675 eratpar-

2367 3703 2606 3774 τάγματι
2631 3696 2679 3769 ᾧ
2699 3704 2991 3757 ἐνετείλω.
3028 3704 3257 3755 Δύναται
3290 3703 3386 3771 μὲν
3413 3703 3505 3754 καὶ
3530 3701 3620 3751 ἐπὶ
3648 3698 3707 3751 τὸ
3734 3700 3943 3768 μυστή-

2368 3815 2478 3867 ριον
2505 3798 2604 3866 τῆς
2640 3796 2985 3857 ἀναστάσεως
3014 3796 3041 3847 ὁ
3075 3794 3227 3862 λόγος
3269 3791 3657 3863 ἀναφέρεσθαι,
3687 3808 3943 3861 παρακα-

2363 3892 2575 3953 λοῦντος
2606 3888 2696 3941 τοῦ
2731 3888 3013 3958 Προφήτου
3037 3886 3383 3957 ἐξεγερθῆναι
3408 3885 3497 3937 τὸν
3529 3884 3719 3955 κριτὴν
3743 3885 3821 3945 εὶς
3843 3885 3939 3935 ἐκ·

2366 3985 2576 4054 δὶκησιν
2620 3982 2818 4045 παντὸς
2860 3982 3272 4051 ἁμαρτήματος,
3309 3980 3403 4031 καὶ
3455 3978 3552 4041 τὰς
3582 3977 3940 4049 προδιατετα-

2367 4077 2571 4147 γμένας
2596 4078 2727 4147 ἡμῖν
2772 4074 2991 4137 ἐντολὰς
3021 4073 3353 4144 τελεσθῆναιυ
3385 4072 3603 4125 δύναται
3634 4072 3688 4123 δὲ
3722 4072 3814 4122 καὶ
3845 4071 3938 4121 ἐπὶ

2366 4172 2463 4241 τὴν
2492 4170 2611 4222 τότε
2640 4168 2968 4221 κατάστασιν
3014 4166 3121 4217 τῶν
3166 4166 3502 4237 πραγμάτων
3527 4163 3617 4216 τοῦ
3647 4164 3937 4233 Προφήτσυ

2370 4262 2754 4333 λαμϐάνεσθαι,
2808 4258 3247 4331 παρακαλοῦντος
3277 4258 3621 4329 ἐξεγερθῆναι
3662 4256 3751 4309 τὸν
3805 4255 3938 4307 Θεὸν

2367 4358 2447 4417 εἰς
2476 4355 2749 4424 ἐκδίκησιν
2770 4352 2863 4405 τοῦ
2893 4351 3309 4422 προστάγματος
3336 4347 3395 4403 οὗ
3421 4349 3739 4401 ἐνετείλατο.
3760 4347 3935 4415 Πρόσ-

2367 4464 2549 4515 ταγμα
2598 4445 2653 4497 δὲ
2684 4440 2772 4515 ἦν,
2810 4445 2950 4512 Τίμα
2980 4442 3087 4495 τὸν
3120 4441 3340 4507 πατέρα
3375 4458 3488 4493 σου
3512 4438 3609 4490 καὶ
3631 4438 3745 4503 τὴν
3766 4435 3939 4505 μητέ-

697 4536 1087 4596 transgressus.
1128 4527 1249 4581 Ideo
1285 4527 1450 4582 Deum
1495 4530 1832 4593 adhortatur,
1885 4541 1942 4584 ut
1985 4549 2086 4587 non
2126 4551 2260 4589 cun-

2372 4555 2441 4604 ια
2468 4537 2602 4607 (60),
2635 4534 2783 4607 παρά
2822 4533 2955 4586 Θεοῦ
3005 4533 3305 4603 δεδομένον,
3349 4532 3483 4601 ὅπερ
3530 4528 3745 4600 παρέϐη
3775 4528 3937 4590 «sum;

696 4628 909 4673 ctanter
952 4631 1007 4673 et.
1061 4620 1205 4673 illum
1285 4623 1455 4689 ipsum
1515 4624 1769 4690 corrigat,
1820 4634 1873 4677 et
1918 4628 2114 4681 multos
2170 4644 2256 4683 re-

696 4712 873 4767 frenet
907 4731 923 4768 :
954 4714 1046 4767 sed
1092 4726 1347 4784 exsurgat
1403 4716 1453 4769 in
1503 4716 1603 4783 ira,
1658 4728 1710 4769 et
1767 4734 2083 4787 exsurgens,
2142 4737 2268 4790 pro-

696 4806 872 4873 prium
923 4806 1157 4861 vindicet
1193 4814 1523 4864 mandatum.
1558 4809 1671 4864 Non
1720 4814 1886 4875 enim,
1943 4814 2135 4882 inquit,
2180 4830 2265 4869 me

697 4898 1005 4962 ulcisceris,
1039 4901 1131 4953 sed
1180 4913 1499 4969 prmceptunt
1540 4914 1686 4956 tuum
1733 4909 2035 4973 neglectum
2067 4945 2082 4971 ,
2122 4908 2265 4976 quod

696 4990 809 5055 ipse
872 4991 1158 5043 mandasti.
1204 4991 1365 5052 Vsus,
1414 4993 1468 5047 8.
1526 4994 1594 5047 Et
1648 5013 1910 5065 synagoga
1961 4998 2266 5065 populorum

695 5083 1045 5135 circumdabit
1074 5095 1141 5138 te.
1178 5084 1401 5139 Constat
1426 5087 1569 5140 enitn
1600 5086 1732 5153 fore,
1764 5099 1841 5151 ut,
1867 5092 2130 5159 castigato
2166 5089 2267 5142 im-

695 5174 863 5243 probo
882 5191 1008 5242 uno,
1042 5178 1195 5232 multi
1216 5190 1625 5234 convertantur.
1657 5181 1839 5249 Itaque
1866 5184 1982 5251 ejus
2007 5181 2262 5236 malitiam

770 5296 813 5326 ν’
853 5293 971 5349 Gal.
1008 5312 1065 5357 ll,
1098 5297 1187 5349 20.
1264 5298 1309 5327 ³⁸
1344 5298 1511 5352 Exod.
1544 5316 1632 5359 xx,
1680 5300 1764 5354 1‘2.

770 5414 887 5535 (ὅδὲ
935 5414 1028 5471 Sic
1081 5415 1383 5469 Culbet‘tini
1447 5427 1674 5483 quartus
1726 5427 1779 5469 et
1829 5419 2112 5483 septimus.
2160 5416 2272 5479 Illa,

770 5484 857 5535 dati)
895 5503 1004 5535 rm.
1046 5498 1175 5535 etc.
1240 5486 1620 5535 desiderantur
1662 5489 1711 5535 in
1757 5488 1938 5535 editis.
1975 5488 2272 5535 Thendotio

711 5484 1004 5567 ’Υξξώθητμ
1038 5498 1175 5567 ριν...
1240 5486 1620 5567 desiderantur
1662 5489 1711 5567 iin
1757 5488 1938 5567 editis.
1975 5488 2273 5567 Theodotio

698 5561 754 5611 ἐν
781 5555 939 5626 θυμῷ
968 5557 1059 5608 ἐπὶ
1080 5558 1213 5627 τοὺς
1253 5555 1479 5627 ἐχθρούς
1517 5574 1638 5625 μου,
1670 5558 1731 5608 In
1774 5558 1950 5623 furore
1979 5575 2133 5623 super
2183 5558 2277 5609 ini-

697 5634 857 5683 micos
888 5644 1047 5680 meos.
1078 5626 1211 5693 Reg.
1246 5639 1450 5697 sextus,
1478 5627 1585 5679 τῶν
1610 5628 1817 5697 ἐχθρῶν
1848 5646 1963 5680 σου.
1992 5628 2275 5695 Aliquanto

696 5710 817 5767 post
848 5699 1014 5768 editio
1054 5697 1226 5753 Paris.
1254 5708 1309 5751 et
1336 5696 1469 5766 Reg.
1508 5696 1697 5751 sextus
1732 5698 1944 5768 ἐχθρῶν
1980 5715 2072 5749 σου
2102 5698 2275 5751 τοιοῦ-

694 5787 804 5820 τον.
841 5767 1123 5835 Vulgatatn
1158 5781 1209 5821 et
1242 5769 1374 5821 alios
1400 5784 1527 5819 mss.
1557 5768 1723 5819 secuti
1754 5767 1961 5821 sumus.

769 5840 879 5910 1‘59)
911 5837 1006 5893 Ηις
1040 5841 1188 5893 locus
1222 5850 1330 5892 tum
1372 5841 1420 5891 in
1452 5841 1629 5907 editis,
1663 5852 1770 5893 tum
1801 5841 1851 5892 in
1891 5842 2092 5895 Catena
2142 5840 2275 5896 (ἰοπ-

2367 4627 2550 4681 αὺτοῦ.
2581 4626 2670 4678 Διὸ
2704 4625 3007 4694 παρακαλεῖ
3047 4627 3124 4686 εἰς
3158 4621 3318 4674 αὑτοῦ
3351 4639 3409 4674 τε
3458 4622 3664 4673 ἐκείνου
3706 4620 3937 4689 ἐπανόρ-

2372 4725 2536 4775 θωσιν
2571 4721 2664 4772 καὶ
2690 4719 3062 4791 σωφρονισμόν
3088 4717 3193 4769 τῶν
3218 4716 3424 4767 πολλῶν
3460 4717 3532 4785 μὴ
3564 4714 3935 4784 μακροθυμεῖν

2361 4814 2451 4865 τὸν
2484 4812 2635 4874 Θεὸν,
2680 4811 2792 4864 ἀλλ’
2839 4811 3126 4881 ἐγερθῆναι
3174 4811 3230 4861 ἐν
3254 4810 3411 4878 ὀργῇ,
3458 4807 3551 4859 καὶ
3580 4806 3937 4859 διαναστάντα

2364 4903 2648 4973 ἐκδικῆσαι
2677 4903 2774 4972 τὴν
2806 4901 2939 4955 ἰδίαν
2968 4901 3206 4973 ἐντολήν.
3243 4900 3317 4954 Οὐ
3345 4900 3449 4967 γὰρ
3486 4899 3605 4968 ἐμὲ,
3636 4899 3821 4968 φησιν,
3847 4900 3935 4951 ὲκ-

2363 4998 2624 5067 δικήσεις,
2661 4995 2795 5047 ἀλλά
2822 4994 2883 5046 τὸ
2914 4995 3239 5065 πρόσταγμα
3276 4992 3336 5044 τὸ
3386 4992 3474 5043 σὺν
3507 4989 3934 5059 καταφρονηθὲν,

2365 5090 2392 5142 ὂ
2426 5091 2585 5151 αὐτὸς
2616 5087 2880 5141 ἐνετείλω.
2929 5086 3037 5139 Καὶ
3084 5084 3402 5153 συναγωγὴ
3434 5082 3601 5138 λαῶν
3636 5080 3935 5135 κυκλώσει

2365 5199 2456 5235 σε.
2497 5181 2663 5250 Δῆλον
2691 5181 2748 5234 δὲ
2785 5182 2886 5243 ὅτι,
2912 5180 3026 5242 ἑνὸς
3053 5178 3233 5231 ἀδίκου
3256 5176 3734 5247 σωφρονισθέντος,
3754 5171 3935 5225 πολλοὶ

2374 5418 2504 5468 derii
2552 5417 2689 5471 male
2733 5417 3154 5485 interpnngitur.
3210 5412 3339 5467 Nam
3390 5413 3517 5474 illa,
3569 5412 3853 5481 δυνάμεως
3879 5422 3932 5463 et

2373 5486 2619 5549 δύνασαι,
2676 5488 2882 5555 virgula
2933 5502 2959 5537 a
3002 5504 3059 5539 se
3116 5486 3338 5539 invicem
3372 5486 3930 5551 disjungnnturzqtne

2374 5569 2553 5610 tamen
2590 5560 2705 5611 sine
2758 5558 2859 5610 ulla
2892 5558 3097 5626 virgula
3148 5557 3288 5607 inter
3313 5570 3392 5626 _se
3457 5556 3738 5622 conjuncta
3772 5568 3928 5620 opor-

2375 5638 2571 5680 Inerat.
2600 5628 2925 5681 Collocanda
2962 5624 3132 5679 fuerat
3159 5624 3358 5691 virgula
3405 5632 3524 5691 post
3576 5626 3801 5677 verbum
3835 5640 3926 5693 χυ-

2374 5697 2549 5751 θεῖσα.
2581 5698 2942 5767 Interpunctio
2974 5700 3135 5764 malo,
3171 5697 3307 5764 quod
3339 5696 3415 5760 lit,
3439 5694 3632 5749 malam
3662 5695 3927 5762 interpre-

2376 5770 2633 5823 tationem
2671 5770 2898 5838 peperit.

2450 5838 2558 5911 (60)
2591 5840 2739 5895 Coti).
2784 5848 3003 5914 quartus
3031 5839 3234 5914 ειητέγα
3281 5852 3389 5889 σου.
