4092 6318
150 415 273 470 237

1366 406 1650 464 HOMlLlA
1688 407 1753 463 IN
1793 404 2121 463 PSALMUM
2161 407 2267 462 νιι.

3292 400 3396 457 938

153 526 570 599 ἐπιστρέψουσι.
600 525 709 596 Τὴν
737 517 829 579 οὖν
861 524 1048 578 τούτου
1082 524 1340 596 πονηρίαν
1375 521 1618 587 κόλασον,
1648 523 1728 576 ἵνα

1840 522 1988 591 puni,
2026 530 2084 575 ut
2117 521 2280 576 multa
2322 521 2638 592 populorum
2681 534 2946 591 synagoga
2987 528 3040 575 te
3079 517 3393 576 circumdet.

159 621 339 690 πολλὴ
374 619 661 688 συναγωγὴ
688 618 830 670 λαῶν
864 617 1113 689 κυκλώσῃ
1144 634 1223 670 σε.
1269 618 1376 671 Καὶ
1413 617 1561 684 ὑπὲρ
1598 619 1732 670 ταύ-

157 732 274 781 της
297 717 384 780 εὶς
421 716 572 783 ὕψος
595 714 981 782 ἐπίστρεψον.
1019 713 1188 783 Ὑπὲρ
1217 714 1314 782 τῆς
1344 711 1646 782 κυκλούσης
1672 728 1730 764 σε

159 806 514 874 συναγωγῆς,
552 805 617 874 ἢν
642 804 853 875 ἐκτήσω
873 804 958 858 διὰ
986 805 1081 875 τῆς
1109 804 1247 857 κατὰ
1278 805 1436 875 χάριν
1465 821 1733 872 συγκατα-

158 897 383 958 ϐάσεως
416 897 506 947 καὶ
536 896 860 967 οἰκονομίας,
889 896 1211 966 ἐπίστρεψον
1246 898 1324 958 εἰς
1371 895 1431 948 τὸ
1476 895 1608 964 ὕψος
1636 897 1732 966 τῆς

155 988 348 1056 δόξης,
371 988 435 1057 ἢν
467 982 605 1058 εἶχες
638 989 740 1060 πρὸ
768 989 859 1042 τοῦ
885 990 974 1043 τὸν
1008 991 1204 1060 κόσμον
1236 987 1504 1057 γενέσθαι.
1525 989 1733 1056 Κύριός

159 1078 366 1144 κρινεῖ
379 1080 580 1145 λαούς.
607 1081 876 1152 Πολλαχοῦ
909 1082 1006 1150 τῆς
1036 1082 1255 1150 Γραφῆς
1285 1083 1312 1133 ό
1347 1080 1471 1150 περ).
1495 1080 1591 1150 τῆς
1619 1081 1734 1152 κρί-

161 1187 312 1232 σεως
371 1172 804 1243 ἐγκατέσπαρται
855 1173 1028 1241 λόγος,
1059 1173 1132 1236 ὡς
1179 1173 1600 1241 ἀναγκαιότατος
1645 1176 1735 1227 καὶ

160 1260 630 1327 συνεκτικώτατος
683 1266 762 1328 είς
793 1263 1138 1318 διδασκαλίαν
1184 1264 1463 1328 εὐσεϐείας
1503 1267 1611 1327 τοῖς
1657 1267 1734 1327 εἰς

157 1352 304 1405 Θεὸν
332 1354 416 1407 διὰ
457 1356 626 1426 Ἰησοῦ
659 1356 894 1428 Χριστοῦ
941 1358 1377 1411 πεπιστευκόσιν.
1437 1358 1650 1430 Ἐπειδὴ
1680 1358 1733 1411 δὲ

163 1444 520 1516 πολυτρόπως
547 1450 574 1500 ό
607 1467 670 1500 πε
683 1451 732 1518 pl.
756 1449 856 1518 τῆς
888 1449 1115 1519 κρίσεως
1145 1450 1512 1521 ἐγγέγραπται
1559 1449 1732 1517 λόγος,

154 1536 311 1600 δόξῖι
363 1541 480 1592 τινὰ
531 1541 622 1593 καὶ
654 1540 912 1609 σύγχυσιν
941 1541 1084 1612 ἔχειν
1131 1545 1241 1605 τοῖς
1278 1543 1352 1613 μὴ
1390 1542 1631 1614 ἀκριϐῶς
1667 1544 1734 1596 τὰ

158 1631 544 1700 σημαινόμενα
580 1632 994 1687 διαστέλλουσιν.
1062 1634 1122 1685 '0
1161 1635 1457 1686 πιστεύων
1507 1634 1613 1703 γὰρ
1650 1635 1736 1698 εἰς

155 1720 271 1787 ἐμὲ
299 1725 369 1775 οὐ
409 1725 683 1790 κρίνεται’
723 1728 754 1777 ό
792 1724 858 1777 δὲ
890 1724 1159 1779 ἀπιστῶν
1198 1725 1313 1794 ἤδη
1356 1725 1613 1793 κέκριται
1671 1728 1733 1778 Εί

153 1811 217 1863 δὲ
250 1815 279 1865 ὁ
331 1814 402 1885 μὴ
439 1815 706 1868 πιστεύων
735 1817 918 1887 ὅμοιός
970 1816 1078 1887 (ﬁl)
1108 1819 1221 1869 ἐστι
1259 1817 1336 1887 τῷ
1383 1818 1584 1882 ἀσεϐεῖ,
1618 1820 1732 1884 πῶς

155 1903 382 1974 εἴρηται
404 1905 462 1958 τὸ
491 1908 564 1978 μὴ
602 1909 998 1980 ἀναστήσεσθαι
1053 1911 1267 1972 ἀσεϐεῖς
1304 1912 1360 1963 ἐν
1386 1912 1592 1979 κρίσει;
1624 1913 1731 1965 Καὶ

156 1994 212 2045 εἰ
261 1996 312 2046 οἱ
340 1997 675 2060 πιστεύοντες
695 1999 798 2050 υἱοὶ
820 2000 952 2052 Θεοῦ
976 1998 1064 2051 διὰ
1080 2002 1177 2071 τῆς
1194 2001 1426 2062 πίστεως
1456 2002 1727 2068 γεγόνασι,

158 2086 259 2138 καὶ
274 2085 364 2138 διὰ
388 2088 542 2140 τοῦτο
586 2088 722 2152 ἄξιοί
750 2092 854 2142 είσι
895 2089 987 2143 τοῦ
1018 2091 1109 2142 καὶ
1136 2091 1287 2144 αὐτοὶ
1325 2091 1436 2143 θεοὶ
1467 2109 1567 2162 χρη
1579 2093 1730 2161 ματί-

156 2177 299 2242 ζειν,
339 2178 455 2242 πῶς
478 2179 608 2243 Θεὸς
637 2180 764 2252 ἔστη
812 2183 868 2234 ἐν
916 2186 1199 2253 συναγωγῇ
1230 2182 1386 2249 θεῶν,
1417 2184 1472 2235 ἐν
1506 2185 1653 2254 μέσῳ
1676 2185 1730 2237 δέ

156 2270 322 2334 θεοὺς
350 2272 642 2342 διακρινεῖ;
697 2274 833 2326 Ἀλλ’
868 2275 1007 2327 ἔοικε
1035 2275 1095 2327 τὸ
1147 2276 1418 2346 κρίνεσθαι
1459 2276 1585 2329 ποτέ
1634 2277 1730 2346 μὲν

156 2362 256 2414 ἐπὶ
301 2364 394 2416 τοῦ
427 2365 534 2437 (ὓὲ)
587 2365 994 2435 δοκιμάζεσθαι
1041 2367 1144 2420 ὑπὸ
1185 2368 1282 2436 τῆς
1313 2368 1534 2438 Γραφῆς
1560 2386 1732 2438 παρα-

155 2453 553 2523 λαμϐάνεσθαι,
602 2459 729 2510 ποτὲ
754 2459 810 2511 δὲ
843 2460 932 2512 ἐπὶ
978 2460 1070 2513 τοῦ
1126 2462 1595 2530 κατακρίνεσθαι·
1641 2463 1732 2514 ἐπὶ

160 2546 269 2613 μὲν
295 2545 389 2598 τοῦ
425 2547 851 2616 δοκιμάζεσθαι,
882 2549 956 2612 ὼς
984 2551 1065 2612 τὸ,
1089 2548 1133 2601 Κ
1130 2550 1302 2617 ρῖνόν
1314 2567 1410 2618 με,
1435 2551 1624 2617 Κύριε,
1645 2549 1731 2602 ὅτι

154 2635 276 2704 ἐγὼ
310 2637 379 2690 ἐν
401 2639 611 2706 ἀκακία
646 2659 762 2709 μου
812 2642 1156 2709 ἐπορεύθην·
1207 2644 1399 2709 ἐπάγει
1441 2643 1547 2712 γὰρ
1596 2644 1726 2695 ἐκεῖ·

155 2729 500 2797 Δοκίμασόν
509 2749 605 2798 με,
641 2734 834 2801 Κύριε,
867 2733 966 2786 καὶ
1001 2735 1289 2801 πείρασόν
1315 2751 1409 2803 με·
1442 2736 1534 2788 ἐπὶ
1565 2735 1618 2788 δὲ
1637 2735 1730 2788 τοῦ

156 2821 601 2890 κατακρίνεσθαι,
630 2823 703 2886 ὡς
737 2823 846 2894 (65)
875 2825 952 2889 τὸ,
979 2827 1047 2878 Ei
1093 2826 1200 2893 γὰρ
1233 2826 1481 2893 ἑαυτοὺς
1507 2828 1731 2896 ἐκρίνο-

150 2929 294 2980 per,
326 2915 436 2966 οὐκ
455 2913 531 2966 ἂν
545 2915 908 2983 ἐκρινόμεθα·
940 2919 986 2970 εἰ
1005 2917 1111 2988 γὰρ
1136 2921 1357 2982 ἐαυτοὺς
1378 2920 1725 2992 ἐξητάζομεν,

157 3002 348 3070 φησὶν,
385 3004 483 3056 οὐκ
511 3005 575 3058 ἂν
621 3008 940 3078 κατακρίσει
977 3009 1404 3080 ὑπεϐαλλόμεθα.
1461 3011 1627 3065 Πάλιν
1657 3015 1730 3066 εἴ-

159 3109 326 3162 ρηται
355 3094 808 3165 κριθήσεσθαιτὸν
826 3100 1026 3169 Κύριον
1049 3101 1182 3170 πρὸς
1213 3103 1389 3154 πᾶσαν
1403 3102 1578 3173 σάρκα
1595 3103 1726 3174 ((ί4)’

153 3183 457 3247 τουτέστιν,
493 3187 549 3238 ἐν
576 3188 650 3257 τῷ
690 3187 969 3260 ἐξετασμῷ
991 3191 1097 3244 τῶν
1133 3192 1474 3262 βεϐιωμένων
1520 3195 1730 3266 ἐκάστῳ

156 3275 354 3329 ἐαυτὸν
401 3278 686 3333 ὑποϐάλλει
725 3285 788 3352 τῇ
817 3283 1014 3353 κρίσει,
1053 3285 1143 3336 καὶ
1173 3285 1240 3337 τὰ
1278 3286 1469 3338 ἐαυτοῦ
1498 3290 1726 3359 προστά-

154 3383 348 3437 γματα
401 3370 818 3442 ἀντιπαρεξάγει
874 3376 985 3436 τοῖς
1011 3376 1419 3446 πεπραγμένοις
1474 3378 1577 3430 ὑπὸ
1622 3379 1728 3432 τῶν

153 3461 577 3530 ἡμαρτηκότων,
619 3463 1048 3536 ἀπολογούμενος
1093 3467 1229 3536 μετὰ
1263 3469 1602 3534 ἀποδείξεων,
1647 3472 1727 3524 ὅτι

157 3550 338 3603 πάντα
360 3549 429 3603 τὰ
470 3553 548 3615 είς
580 3553 738 3606 αὑτὸν
769 3555 968 3624 ἥκοντα
1005 3557 1098 3610 ἐπὶ
1138 3557 1380 3628 σωτηρίᾳ
1409 3560 1516 3611 τῶν
1552 3579 1729 3632 κρινο-

158 3640 340 3711 μένων
366 3642 680 3713 πεποίηκεν,
709 3645 792 3699 ἵνα
817 3647 1126 3718 πειθόμενοι
1159 3650 1206 3700 oi
1233 3651 1608 3720 ἡμαρτηκότες
1655 3653 1729 3716 ὡς

157 3733 333 3803 ἔνοχοι
354 3737 464 3797 τοῖς
493 3735 903 3806 ἁμαρτήμασιν,
937 3740 1320 3810 ἀποδεχόμενοι
1351 3741 1446 3813 τὴν
1477 3743 1625 3797 θείαν
1651 3745 1728 3797 δί-

158 3841 284 3894 κην,
308 3826 520 3890 ἑκόντες
555 3829 862 3892 προσῶνται
889 3831 998 3900 (65)
1022 3831 1079 3884 τὸ
1112 3833 1394 3886 ἐπιϐάλλον
1420 3836 1598 3899 αὐτοῖς
1622 3838 1730 3891 ἐπι-

158 3917 365 3987 τίμιον.

230 4009 284 4063 5.
316 4010 469 4063 Ἐστι
506 4011 562 4064 δὲ
614 4014 707 4066 καὶ
738 4013 864 4067 ἄλλο
915 4016 1307 4086 σημαινόμενον
1356 4018 1458 4070 ὑπὸ
1508 4023 1604 4091 τῆς
1635 4021 1725 4073 τοῦ

159 4100 442 4171 κρίνεσθαι
471 4104 670 4174 φωνῆς,
703 4105 843 4159 καθά
881 4123 1044 4176 φησιν
1075 4110 1102 4160 ὁ
1132 4108 1354 4179 Κύριος·
1387 4111 1728 4164 Βασίλισσα

158 4199 340 4250 νότου
383 4197 758 4267 ἐγερθήσεται
802 4202 870 4255 ἐν
911 4201 984 4269 τῇ
1021 4203 1229 4269 κρίσει,
1267 4203 1364 4254 καὶ
1401 4203 1735 4269 κατακρινεῖ

159 4289 278 4354 τὴν
306 4289 517 4357 γενεὰν
537 4293 777 4360 ταύτην.
809 4294 945 4358 Τοὺς
971 4294 1078 4365 γὰρ
1104 4296 1607 4366 ἀποστρεφομένους
1633 4297 1729 4368 τὴν

161 4376 314 4429 θείαν
365 4378 724 4446 διδασκαλίαν,
768 4385 861 4437 καὶ
907 4385 1281 4453 ἀφιλοκάλους,
1317 4387 1407 4439 καὶ
1455 4388 1728 4452 παντελῶς

159 4469 648 4540 ἀπεστραμμένους
684 4475 749 4528 τὰ
780 4476 1099 4531 παιδευτικὰ
1126 4479 1222 4548 τῆς
1250 4479 1437 4546 σοφίας
1463 4479 1723 4548 δόγματα,

1844 612 1912 667 Ει
1966 623 2174 683 propter
2222 615 2353 668 hanc
2415 616 2466 668 in
2502 616 2664 668 altum
2716 615 2994 682 regredere.
3027 612 3254 681 Propter
3286 611 3396 665 cir-

1837 707 2175 762 cumdantem
2215 716 2268 761 te
2301 721 2643 779 synagogam,
2682 720 2862 773 quam,
2899 705 3185 760 demittens
3214 713 3266 758 te
3302 717 3398 772 per

1837 800 2087 868 gratiam,
2111 808 2164 851 et
2188 812 2402 852 carnem
2425 799 2667 864 induens,
2706 798 3008 870 possedisti,
3039 797 3320 866 regredere
3340 794 3390 848 in

1835 891 2167 946 altitudinem
2200 890 2400 960 gloriae,
2420 905 2575 959 quam
2595 891 2914 949 antemundi
2941 899 3112 943 ortum
3132 888 3388 942 habebas.

1844 985 2001 1038 Vens.
2033 982 2086 1037 9.
2106 982 2359 1035 Dominus
2371 983 2624 1051 judicabit
2651 983 2884 1052 populos.
2903 979 3075 1035 Multis
3101 979 3391 1048 Scriptura:

1835 1077 1964 1131 locis
2023 1076 2088 1130 de
2125 1074 2328 1144 judicio
2353 1076 2623 1144 inspersus
2652 1086 2736 1130 est
2783 1089 2983 1138 sermo,
3020 1083 3270 1142 tanquam
3299 1071 3389 1142 qui

1837 1170 2068 1222 maxime
2093 1167 2430 1220 necessarius
2455 1167 2542 1232 sit,
2601 1178 2883 1237 servetque
2919 1165 3149 1220 maxime
3177 1165 3226 1218 in
3274 1164 3389 1234 pie--

1836 1259 1957 1311 tatis
1980 1256 2222 1311 doctrina
2252 1271 2365 1320 eos,
2401 1258 2488 1324 qui
2520 1257 2570 1310 in
2604 1258 2765 1311 Deum
2791 1272 2885 1326 per
2905 1256 3084 1310 Jesum
3119 1254 3386 1308 Christum

1832 1353 2196 1407 crediderunt.
2260 1351 2522 1417 Quoniam
2583 1361 2757 1404 autem
2802 1351 3011 1404 diverse
3073 1348 3138 1401 de
3188 1346 3389 1416 judicio

1834 1445 2066 1512 scriptus
2097 1453 2179 1498 est
2209 1457 2410 1506 sermo,
2440 1441 2802 1497 confusionem
2833 1442 3115 1511 quamdam
3150 1440 3214 1492 iis
3248 1437 3391 1490 video

1832 1537 1978 1589 bitur
2021 1549 2230 1604 parere,
2276 1534 2365 1602 qui
2408 1534 2582 1590 minus
2630 1545 2879 1589 accurate
2915 1535 3012 1589 has
3058 1533 3391 1600 diStinguunt

1834 1624 2273 1695 signiﬁcationes.
2303 1622 2554 1688 Quienim
2574 1624 2735 1677 credit
2762 1625 2813 1676 in
2840 1640 2937 1689 me,
2961 1642 3062 1677 non
3078 1623 3390 1692 judicatur:

1833 1717 1919 1782 qui
1951 1726 2122 1768 autem
2173 1730 2275 1768 non
2313 1714 2502 1778 credit,
2525 1714 2638 1785 jam
2655 1713 2928 1783 judicatus
2958 1723 3029 1766 est
3049 1715 3116 1765 ⁵⁸.
3152 1711 3302 1778 Quod
3344 1712 3390 1763 si

1835 1806 1900 1869 is,
1935 1807 2024 1876 qui
2057 1821 2161 1861 non
2197 1808 2387 1874 credit,
2425 1806 2616 1861 similis
2641 1815 2723 1860 est
2751 1806 2933 1874 impio,
2977 1805 3243 1874 quomodo
3273 1803 3388 1857 dic-

1765 1886 1804 1938 Β
1835 1905 1941 1948 ιιιιιι
1976 1907 2057 1952 e5t
2095 1898 2283 1966 impios
2322 1899 2372 1952 in
2393 1896 2600 1966 judicio
2635 1912 2740 1951 non
2777 1912 2893 1952 esse
2921 1896 3390 1952 resurrecturos“?

1757 3231 1798 3287 C

1833 1989 1897 2042 Et
1937 1989 1980 2043 si
2018 1990 2315 2056 credentes,
2362 2002 2455 2059 per
2497 1988 2656 2044 [idem
2700 1989 2827 2045 facti
2873 2000 2996 2044 sunt
3035 1989 3128 2042 ﬁlii
3167 1986 3289 2051 Dei,
3329 2004 3390 2042 ac

1833 2093 2112 2152 propterea
2142 2082 2283 2152 digni
2318 2083 2551 2151 suntqui
2593 2091 2645 2136 et
2685 2082 2783 2152 ipsi
2807 2092 3062 2136 vocentur
3097 2083 3198 2145 dii',
3253 2096 3390 2151 quo-

1833 2177 1988 2231 modo
2035 2174 2176 2229 Deus
2212 2175 2371 2230 stabit
2403 2175 2455 2228 in
2504 2189 2771 2245 synagoga
2828 2174 3071 2238 deorum,
3113 2173 3165 2226 in
3217 2172 3392 2225 medio

1833 2278 2011 2322 autent
2037 2266 2166 2321 deos
2187 2265 2605 2333 dijudicabit“?
2640 2265 2831 2320 Verum
2861 2266 3072 2320 videtur
3102 2264 3390 2335 aliquando

1827 2360 2065 2428 judicare
2100 2375 2194 2428 pro
2235 2359 2455 2428 probare
2483 2373 2512 2411 a
2547 2358 2818 2426 Scriptura
2866 2359 3033 2428 accipi
3061 2376 3074 2412 :
3101 2356 3391 2425 aliquando

1831 2463 1961 2502 vero
1991 2463 2087 2517 pro
2111 2449 2474 2502 condemnare.
2511 2445 2753 2502 Sumitur
2783 2449 2993 2517 quidem
3021 2464 3116 2518 pro
3145 2447 3387 2515 probare,

1832 2541 1986 2594 verbi
2020 2540 2210 2608 gratia,
2262 2540 2455 2594 Judica
2499 2556 2599 2604 me,
2634 2539 2874 2605 Domine,
2907 2541 3150 2609 quoniam
3189 2556 3281 2609 ego
3335 2540 3387 2590 in

1833 2633 2129 2686 innocentia
2159 2649 2273 2686 mea
2310 2634 2574 2702 ingressus
2598 2649 2750 2687 sum:
2795 2634 2864 2688 ibi
2893 2635 3037 2688 enim
3071 2632 3344 2702 subjungit
3373 2651 3385 2687 :

1835 2723 2011 2779 Proba
2045 2742 2144 2787 me,
2173 2724 2410 2790 Domine,
2447 2734 2496 2779 et
2522 2734 2659 2779 tenta
2682 2727 2838 2780 me“.
2873 2725 3114 2779 Sumitur
3141 2740 3269 2780 vero
3293 2741 3391 2794 pro

1833 2817 2192 2881 condemnare,
2223 2825 2278 2869 ut
2311 2818 2363 2871 in
2394 2817 2484 2872 illo
2510 2837 2521 2871 :
2549 2817 2700 2883 Quod
2739 2818 2785 2871 si
2815 2820 3152 2886 nosmetipsos
3169 2819 3390 2888 judican

1832 2925 2022 2973 remus,
2059 2925 2161 2961 non
2200 2910 2375 2979 utique
2404 2910 2851 2970 iudicaremur“:
2891 2911 2932 2964 si
2968 2912 3134 2975 enim,
3193 2911 3386 2978 inquit,

1832 3012 1928 3053 nos
1947 3000 2090 3068 ipsos
2107 3009 2582 3067 perscrutaremur,
2600 3001 3028 3056 condemnationi
3054 3016 3388 3068 nequaquam

1833 3089 2234 3159 subjiceremur.
2277 3090 2480 3146 Rursus
2524 3092 2726 3145 dictum
2800 3101 2882 3145 est
2939 3091 3223 3144 Dominum
3269 3106 3388 3143 cum

1831 3181 1976 3235 omni
2009 3195 2172 3234 carne
2199 3179 2459 3251 judicium
2508 3181 2844 3248 subiturum;
2879 3180 2930 3234 id
2959 3191 3060 3246 est,
3112 3182 3164 3234 in
3199 3181 3391 3248 exqui-

1833 3271 1997 3325 renda
2025 3272 2237 3326 ratione
2261 3285 2445 3326 eorum
2474 3287 2590 3343 quze
2616 3273 2809 3342 cuique
2838 3273 2961 3325 dum
3013 3272 3237 3334 viveret,
3270 3281 3390 3325 acta

1830 3372 1973 3426 sunt,
2007 3362 2209 3431 judicio
2254 3378 2312 3418 se
2341 3364 2452 3432 ipse
2484 3363 2720 3434 subjicit,
2763 3373 2816 3417 et
2853 3379 2946 3418 sua
2975 3371 3241 3434 praecepta
3293 3376 3390 3430 op-

1831 3456 1978 3525 ponit
2009 3454 2162 3510 factis
2198 3465 2562 3524 peccatorum,
2598 3457 2926 3526 argumentis
2960 3471 3022 3511 ac
3055 3458 3392 3512 demonstra-

1832 3550 2062 3604 tionibus
2083 3565 2344 3604 excusans
2373 3565 2449 3614 se,
2476 3548 2693 3618 quodin
2726 3547 2952 3603 salutem
2978 3548 3389 3617 judicandorum

1829 3642 2004 3694 omnia
2033 3654 2150 3709 qua:
2178 3640 2243 3694 ad
2276 3655 2332 3696 se
2375 3639 2693 3703 attinebant,
2733 3637 2940 3702 fecerit,
2989 3647 3045 3690 ut
3085 3637 3120 3691 ii
3146 3637 3235 3706 qui
3265 3652 3388 3705 pec-

1831 3743 2107 3798 caverttnt,
2146 3731 2230 3785 ubi
2260 3746 2572 3802 persuasum
2610 3729 2772 3784 fuerit
2809 3729 2909 3784 sibi
2940 3743 2999 3783 se
3030 3729 3269 3797 peccatis
3293 3727 3389 3782 oh-

1831 3827 2018 3880 noxios
2069 3839 2209 3886 esse,
2257 3823 2662 3877 convenientem
2702 3822 2800 3874 sibi
2829 3835 3060 3888 pamam,
3093 3821 3387 3889 approbato

1825 3918 2026 3989 judicio
2055 3917 2260 3981 divino,
2292 3916 2435 3969 haud
2467 3913 2618 3966 inviti
2644 3913 2931 3979 perferant.

1899 4012 1952 4065 5.
1994 4010 2109 4066 Vox
2167 4017 2344 4062 autem
2390 4007 2635 4075 judicare
2689 4005 2848 4059 habet
2893 4013 2947 4058 et
2981 4003 3136 4057 aliam
3175 4017 3388 4072 quoque

1829 4101 2309 4173 signiﬁcationem,
2365 4110 2421 4152 ut
2465 4115 2584 4154 cum
2637 4097 2765 4152 dicit
2838 4096 3133 4150 Dominus:
3192 4094 3393 4164 Regina

1829 4197 2186 4259 austrisurget
2223 4193 2274 4244 in
2296 4191 2520 4260 judicio,
2543 4201 2587 4244 et
2616 4189 2974 4242 condemnabit
3005 4187 3388 4256 generationem

1830 4284 2057 4342 istam“.
2088 4281 2186 4348 Qui
2217 4282 2356 4335 enim
2388 4280 2622 4334 divinam
2648 4288 2962 4332 aversantur
2980 4277 3301 4340 doctrinam,
3334 4287 3389 4331 et

1831 4382 2082 4434 decorum
2119 4375 2512 4442 honestumque
2538 4372 2660 4427 odio
2690 4371 2904 4434 habent,
2927 4379 2979 4422 et
2999 4369 3275 4436 sapientia:
3294 4370 3390 4423 do-

1830 4479 2006 4541 gmata
2031 4469 2095 4522 ad
2126 4466 2426 4521 docendum
2461 4465 2653 4519 idonea
2689 4463 2842 4532 102
2868 4478 3088 4532 prorsus
3119 4462 3386 4516 detestan-

161 4561 446 4628 συγκρίσει
469 4563 557 4614 καὶ
587 4566 1005 4636 ἀντιπαραθέσει
1032 4568 1136 4621 τῶν
1171 4569 1309 4621 κατὰ
1338 4569 1432 4640 τὴν
1471 4571 1602 4623 ἰδίαν
1635 4589 1726 4639 γε-

1833 4575 1939 4628 tur,
1965 4569 2243 4629 postquam
2289 4556 2466 4613 collati
2490 4555 2687 4611 fuerint
2714 4567 2768 4609 et
2798 4555 3092 4623 comparati
3124 4571 3245 4609 cum
3276 4555 3385 4608 suis

159 4650 284 4703 νεὰν
309 4652 401 4703 ἐπὶ
429 4657 492 4724 τῇ
529 4657 654 4726 περὶ
683 4657 749 4709 τὰ
790 4658 928 4710 καλὰ
985 4661 1184 4730 σπουδῇ
1214 4660 1612 4728 διενεγκόντων,
1640 4665 1728 4733 βα-

161 4742 396 4812 ρυτέραν
427 4747 559 4816 φησὶ
603 4748 898 4819 λαμϐάνειν
923 4751 1018 4822 τὴν
1063 4753 1155 4804 ἐπὶ
1186 4755 1296 4817 τοῖς
1328 4753 1607 4824 παρεθεῖσι
1631 4774 1727 4808 κα-

231 4855 459 4930 "ioan.
487 4876 565 4926 ιιι,
592 4863 676 4916 18.
789 4865 832 4895 ⁶⁰
858 4865 999 4920 Psal.
1035 4883 1074 4930 ι,
1107 4866 1157 4920 5.

159 4943 252 4990 xu,
277 4925 366 4982 ιε.

227 5037 849 5113 (6|)Colb.___qttartus6
896 5042 1058 5104 αὑτός
1107 5059 1202 5112 pro
1247 5045 1450 5113 ὅμοιος.
1484 5044 1719 5100 Subinde

160 5108 289 5164 mss.
325 5108 569 5161 nonnulli
603 5108 884 5178 διακρίνει.

229 5179 343 5244 (6‘2)
392 5178 501 5231 Non
555 5183 875 5232 conveniunt
920 5182 1058 5234 inter
1101 5197 1158 5235 se
1206 5199 1333 5236 mss.
1362 5185 1524 5236 hicet
1554 5185 1713 5239 inira.

161 5249 255 5322 Alii
290 5250 491 5322 habent
521 5250 612 5322 ἐπὶ
760 5252 874 5322 rAlii
906 5253 996 5302 ἐπὶ
1033 5251 1129 5321 τῷ.
1169 5254 1270 5304 Alii
1317 5257 1542 5322 denique
1598 5271 1719 5308 cum

160 5319 319 5371 editis
374 5320 467 5393 ἐπὶ
502 5318 613 5372 τοῦ.
662 5319 859 5393 Ibidem
914 5323 1039 5372 editi
1083 5318 1510 5393 ’κατακρίνεσθαι
1562 5341 1575 5378 :
1627 5328 1720 5379 sed

164 5405 317 5460 mss},
346 5390 579 5460 si_unnm
601 5390 858 5458 excipias,
894 5391 1262 5460 κατακρίνειν,

227 5459 343 5527 (65)
382 5457 472 5510 Sic
515 5459 671 5528 Coll).
713 5457 958 5528 quartus.
1008 5457 1164 5514 Deest
1195 5461 1268 5522 ὡς
1310 5462 1359 5514 in
1389 5466 1549 5518 editis
1577 5476 1631 5518 et
1668 5467 1717 5518 in

159 5527 278 5604 aliis
314 5543 444 5604 mss.
505 5527 669 5582 Paulo
726 5527 842 5596 post
878 5531 1040 5584 editio
1081 5529 1669 5604 Paris._6ta§nta§opsv
1704 5552 1716 5586 :

292 5599 461 5665 major
501 5613 626 5665 pars
680 5617 806 5652 mss.
842 5619 945 5653 uua
978 5619 1097 5654 cum
1139 5601 1373 5654 editione
1408 5599 1720 5674 Βιιδιιξὲξη-

161 5685 186 5718 τ
256 5685 410 5731 ομεν.

161 5685 410 5736 ταςομεν.

228 5740 343 5805 (64)
407 5737 586 5790 Monet
623 5739 984 5806 p=-t'itissimtts
1038 5743 1120 5795 vir
1172 5742 1396 5794 [luemus
1446 5742 1546 5809 logi
1577 5745 1716 5802 apud

161 5805 445 5881 Juretniutn
494 5805 638 5868 xXV,
674 5809 775 5881 5i,
845 5812 1085 5880 κρίνεται
1150 5812 1307 5872 αὐτὸς
1363 5805 1519 5881 πρὸξ
1542 5815 1720 5864 πᾶσαν

166 5879 354 5948 σάρκα.
385 5879 520 5933 Hinc
552 5880 819 5935 concludit
842 5879 925 5936 hic
967 5883 1193 5938 fortasse
1227 5879 1417 5937 melius
1468 5883 1565 5950 legi
1599 5883 1720 5950 κρί-

1263 4868 1302 4898 ⁶¹
1337 4866 1478 4922 Psul.
1518 4885 1699 4932 unt,
1730 4871 1779 4923 l.

1827 4653 2148 4724 aequalibus,
2182 4651 2272 4721 qui
2302 4664 2476 4704 rerum
2503 4650 2764 4703 bonarum
2796 4647 2973 4702 studio
3011 4647 3382 4711 excelluerint,

1828 4750 1924 4801 hos
1962 4745 2094 4800 dicit
2124 4745 2192 4798 ob
2237 4758 2297 4796 ea
2341 4756 2459 4809 quae
2485 4741 2783 4796 omiserunt
2821 4755 3030 4810 pmnam
3083 4739 3381 4809 graviorem

1887 4866 1930 4896 δ’
1954 4863 2092 4915 Psal.
2141 4876 2264 4920 xxv,
2299 4857 2349 4920 i,
2380 4856 2434 4908 2.
2542 4857 2585 4886 ⁶³
2617 4855 2632 4908 1
2663 4855 2784 4910 Cor.
2827 4873 2901 4918 XI,
2931 4856 3015 4909 5|.
3083 4863 3099 4882 ⁰
3124 4856 3165 4884 ⁸⁵
3197 4853 3380 4907 Matth.

1828 5043 2033 5098 νεσθαι.
2076 5043 2178 5095 Sed
2229 5043 2411 5110 religio
2458 5043 2609 5095 nobis
2651 5041 2749 5094 fuit
2794 5048 2992 5094 textum
3049 5048 3383 5110 commutare

1827 5125 2010 5166 contra
2039 5114 2191 5165 [idem
2211 5109 2450 5164 omnium
2467 5128 2595 5166 mss.
2616 5113 2704 5178 qui
2723 5119 3033 5164 constanter
3049 5109 3248 5163 habent
3265 5126 3382 5179 κρι-

1827 5183 2105 5254 θήσεσθαι.
2139 5182 2406 5237 Fortassis
2441 5197 2543 5234 non
2582 5183 2764 5254 inepte
2787 5181 3006 5234 verbum
3028 5180 3233 5248 κρίνειν
3257 5195 3381 5254 pose

1829 5250 1896 5307 sit
1927 5257 2025 5307 hoc
2059 5255 2175 5307 loco
2230 5254 2370 5306 sumi
2398 5268 2493 5320 pro
2524 5267 2587 5304 eo
2629 5253 2768 5318 quod
2797 5261 2896 5304 est.
2929 5265 3254 5317 comparare,
3281 5250 3379 5302 hac

1829 5325 2092 5376 sententia
2125 5343 2136 5377 :
2173 5324 2375 5375 Dictum
2402 5332 2473 5373 est
2493 5324 2676 5374 iterum
2715 5322 2826 5388 fore
2871 5330 2924 5372 ut
2962 5320 3208 5371 Dominus
3241 5336 3378 5371 cont-

1828 5408 2040 5462 paretur
2066 5395 2120 5446 in
2166 5393 2367 5462 judicio
2401 5408 2516 5442 cum
2548 5393 2689 5443 omni
2721 5407 2892 5462 carne.
2938 5389 3002 5442 Et
3037 5405 3159 5442 vero
3207 5389 3380 5441 Domi-

1831 5461 1930 5517 nus
1960 5466 2010 5515 in
2039 5461 2237 5529 iudieio
2263 5477 2319 5515 se
2344 5463 2457 5528 ipse
2486 5461 2882 5528 quodammodo
2903 5462 3230 5526 comparabit
3257 5476 3374 5511 cum

1831 5536 2114 5586 creaturis.
2140 5533 2249 5586 Hoc
2274 5543 2355 5584 est
2385 5547 2396 5580 :
2441 5543 2705 5599 prtecepta
2755 5547 2847 5583 sua
2877 5532 3207 5598 comparabit
3253 5546 3375 5581 eum

1831 5605 1894 5658 iis
1915 5621 2034 5672 qua:
2070 5607 2118 5654 in
2148 5619 2239 5654 sua
2265 5601 2494 5669 quisque
2513 5602 2900 5674 vitagesserit.

1900 5668 2011 5742 (65)
2059 5675 2145 5728 Sic
2182 5683 2288 5725 tres
2337 5668 2468 5726 mss.
2513 5668 2672 5725 Edili‘
2700 5687 2827 5722 vero
2876 5669 3173 5742 πρόσοιντρι
3223 5668 3372 5742 (lolii.

1829 5738 2050 5810 qufu'tus
2070 5742 2359 5812 προῶνται.
2387 5744 2516 5811 lieg.
2556 5754 2776 5808 quartus
2816 5738 3080 5810 πρόοιντο.
3108 5738 3240 5812 iV'ox
3279 5741 3376 5790 αὺ-

1828 5810 2182 5876 τοῖςιιεεειιιι
2218 5814 2395 5877 editis,
2436 5816 2528 5866 sed
2563 5815 2825 5880 reperitur
2856 5829 2904 5863 ιιι
2950 5828 3075 5861 mss.
3106 5810 3223 5862 Mox
3261 5827 3378 5863 vct-

1829 5886 1892 5937 ιω
1926 5884 2032 5949 illa,
2155 5886 2218 5953 τῇ
2259 5884 2766 5952 zpisst,adjccimtts
2794 5899 2855 5938 ex
2891 5881 3038 5935 Colb.
3065 5894 3275 5950 quarto.
