4100 6312
693 365 799 422 239

2006 363 2064 422 S.
2106 362 2350 420 BASILII
2383 365 2596 422 MAGNI

3827 366 3933 420 Θνίο

693 497 813 540 esse
844 481 1087 538 daturos.
1116 481 1367 537 Arbitror
1401 489 1582 537 autem
1605 495 1819 548 omnes,
1853 492 2118 554 quotquot
2147 485 2250 540 hoc

2359 484 2625 556 τάκρισιν.
2649 485 2813 554 Οἶμαι
2840 483 2918 549 δὲ,
2958 484 3040 537 ὅτι
3075 484 3171 554 οὐχ
3195 483 3391 554 ὁμοίως
3423 483 3772 554 κριθήσονται
3796 485 3939 538 πάν-

694 581 957 629 terrestre
1005 585 1199 641 corpus
1246 585 1523 641 recepere,
1567 573 1682 642 pari
1728 574 1884 629 modo
1919 590 1947 627 a
1983 575 2128 644 justo
2164 577 2254 630 illo

687 664 871 733 judice
913 677 1016 716 non
1061 678 1183 718 esse
1219 662 1565 731 judicandos,
1606 664 1748 733 quod
1785 679 1905 733 quae
1954 662 2252 720 forinsecus

694 753 984 820 unicuique
1029 762 1270 806 nostrum
1310 753 1583 818 accidunt,
1609 762 1790 822 utpote
1832 754 1990 819 longe
2016 753 2155 807 inter
2196 769 2255 808 se

691 845 938 907 diversa,
979 842 1400 913 uniuscujusque
1441 842 1704 914 judicium
1751 845 1961 898 varium
1997 843 2251 899 efficiant.

691 936 826 991 Nam
855 951 1042 991 earum
1086 950 1264 990 rerum
1309 949 1627 1002 concursus,
1669 951 1789 1005 quas
1832 937 1884 990 in
1930 947 2111 990 nostra
2151 951 2254 991 non

691 1037 816 1083 sunt
848 1035 1135 1095 potestate,
1183 1027 1273 1081 sed
1309 1042 1411 1083 nos
1441 1027 1778 1082 circumdant
1805 1027 1888 1082 vel
1924 1029 2138 1093 invitos,
2166 1039 2258 1083 aut

692 1129 947 1188 aggravat
991 1127 1208 1189 peccata
1247 1129 1454 1182 nostra,
1499 1129 1590 1174 aut
1620 1118 1782 1175 efﬁcit
1819 1119 2042 1174 leviora.
2083 1118 2259 1176 Ponas

691 1210 832 1264 enim
879 1209 946 1264 de
985 1218 1172 1280 stupro
1210 1209 1340 1266 ferri
1371 1209 1650 1278 judicium.
1676 1212 1782 1267 Sed
1813 1213 1904 1281 qui
1954 1212 2002 1267 id
2044 1211 2262 1267 admisit

697 1301 925 1372 peccati,
963 1301 1144 1372 pravis
1184 1311 1301 1357 erat
1352 1301 1420 1356 ab
1455 1303 1607 1358 initio
1645 1303 1927 1358 institutus
1971 1303 2255 1359 moribus:

693 1391 962 1462 siquidem
991 1407 1056 1447 ex
1083 1393 1373 1462 impudicis
1420 1393 1734 1461 parentibus
1785 1401 1946 1447 natus
1976 1389 2174 1457 fuerat,
2206 1405 2259 1446 et

691 1484 746 1537 in
761 1481 1082 1554 flagitiorum
1103 1485 1489 1539 consuetudine
1507 1485 1792 1550 educatus,
1812 1484 1864 1538 in
1888 1483 2258 1548 ebrietatibus,

694 1575 743 1628 in
761 1576 1265 1641 comessatioaibus,
1301 1577 1350 1630 in
1377 1577 1627 1632 obscenis
1653 1577 2012 1630 sermonibus.
2036 1575 2256 1638 Contra,

693 1666 892 1735 aliquis
931 1667 1069 1721 alius
1115 1683 1275 1736 quem
1314 1668 1542 1736 plurima
1596 1669 1660 1721 ad
1691 1668 1890 1736 optima
1922 1683 2146 1737 quaeque
2173 1683 2260 1722 se-

689 1759 885 1812 ctanda
932 1759 1267 1826 invitabant,
1319 1759 1598 1824 educatio,
1653 1759 1914 1828 magistri,
1961 1759 2258 1815 diviniores

2351 589 2444 636 τες
2471 574 2521 626 οί
2554 575 2614 628 τὸ
2641 575 2825 644 γήϊνον
2862 574 3019 628 τοῦτο
3047 574 3204 644 σῶμα
3251 575 3601 637 ἀναλαϐόντες
3634 574 3790 643 παρὰ
3839 575 3934 628 τοῦ

2351 665 2560 718 δικαίου
2589 665 2797 737 κριτοῦ,
2828 666 2957 719 διότι
2984 667 3052 720 τά
3086 665 3282 730 ἔξωθεν
3308 666 3678 734 συμπίπτοντα
3709 666 3938 737 ἑκάστῳ

2352 757 2507 828 ἡμῶν
2539 758 2690 829 παρά
2719 757 2850 810 πολὺ
2875 757 3198 828 διαφέροντα
3226 756 3629 828 παραλλαγῆναι
3660 759 3810 811 ποιεῖ
3834 759 3938 827 τὴν

2354 849 2582 903 ἑκάστου
2607 849 2785 920 κρίσιν
2807 848 2935 918 (66).
2981 850 3051 902 Ἢ
3085 849 3192 920 γὰρ
3234 848 3450 919 βαρύνει
3483 849 3609 918 ημῖν
3641 849 3708 900 τά
3739 849 3939 918 ἁμαρ-

2354 941 2648 1012 τήματα,ἧ
2687 941 2782 995 καὶ
2832 940 3076 1009 κουφίζει
3133 944 3165 1011 ή
3218 941 3326 993 τῶν
3373 940 3472 992 οὐκ
3507 939 3760 1008 ἐφ’ἡμίν,
3814 939 3937 992 ἀλλ’

2356 1033 2623 1095 ἀκουσίως
2647 1033 3082 1104 περιϊσταμένων
3108 1035 3251 1104 ἡμᾶς
3274 1031 3560 1102 συνδρομή.
3591 1030 3940 1083 Ὑποκείσθω

2357 1124 2463 1195 γὰρ
2492 1125 2744 1196 πορνείαν
2800 1119 2940 1178 εἶναι
2985 1123 3045 1176 τὸ
3099 1124 3434 1194 κρινόμενον.
3484 1122 3636 1174 Ἀλλά
3669 1121 3888 1190 ταύτην
3915 1125 3943 1173 ὁ

2363 1218 2461 1285 μέν
2502 1235 2584 1280 τις
2633 1219 2872 1288 ἥμαρτε,
2929 1217 3186 1287 πονηροῖς
3219 1214 3455 1286 ἤθεσιτδ
3482 1211 3540 1278 ἐξ
3582 1213 3751 1284 ἀρχῆς
3783 1214 3944 1264 ἐντε-

2360 1307 2686 1378 θραμμένοςο
2728 1310 2823 1363 καὶ
2849 1308 2959 1380 γὰρ
2978 1308 3072 1362 καὶ
3111 1307 3214 1361 ὑπὸ
3239 1306 3438 1376 γονέων
3463 1306 3700 1373 ἀσελγῶν
3726 1306 3812 1365 είς
3843 1305 3942 1356 τὸν

2361 1395 2474 1466 βίον
2507 1397 2782 1468 παρήχθη,
2819 1398 2913 1451 καὶ
2947 1397 3323 1467 συνανετράφη
3361 1399 3428 1466 τῇ
3468 1397 3593 1465 περὶ
3627 1393 3693 1445 τά
3744 1392 3944 1460 φαῦλα

2362 1488 2633 1560 συνηθείᾳ,
2671 1489 2858 1559 μέθαις
2900 1491 2993 1544 καὶ
3018 1487 3224 1557 κώμοις
3271 1488 3366 1541 καὶ
3401 1489 3635 1558 αἰσχροῖς
3661 1484 3943 1553 διηγήμα-

2361 1597 2464 1633 σιν.
2509 1580 2699 1643 Ἀλλος
2750 1579 2808 1633 δέ
2839 1597 2942 1642 τις,
2997 1579 3166 1632 πολλά
3218 1579 3356 1648 ἔχων
3407 1577 3473 1630 τά
3514 1576 3943 1648 προκαλούμενα

2359 1669 2522 1723 αὑτὸν
2582 1669 2674 1721 ἐπὶ
2734 1667 2803 1721 τά
2849 1667 3126 1729 κάλλιστα,
3179 1666 3505 1738 ἀνατροφὴν,
3557 1664 3937 1726 διδασκάλους,

2362 1761 2623 1833 ἀκρόασιν
2646 1758 2815 1828 λόγων
2841 1759 2951 1830 (67)
2991 1759 3292 1828 θειοτέρων,
3334 1756 3725 1827 ἀναγνώσματα
3757 1758 3940 1825 σωτή-

690 1861 968 1902 sertnones
1011 1849 1077 1901 ab
1116 1862 1181 1903 eo
1214 1849 1404 1912 auditi,
1445 1849 1701 1904 lectiones
1731 1847 2014 1915 salutares,
2057 1850 2256 1906 monita

2365 1873 2475 1926 ρια,
2505 1854 2822 1924 νουθέτησιν
2869 1852 3084 1921 γονέων,
3127 1851 3435 1921 διηγήματα
3463 1853 3593 1922 πρὸς
3628 1852 3940 1920 σεμνότητα

691 1950 992 2008 parentum,
1027 1939 1289 2010 colloquia
1330 1944 1396 1996 ad
1424 1945 1744 2013 gravitatem
1776 1953 1829 1997 et
1855 1944 1921 1998 ad
1947 1944 2257 2013 pudicitiam

693 2030 1061 2096 informantia,
1100 2037 1271 2090 victus
1317 2035 1627 2090 moderatus
1667 2055 1676 2087 :
1725 2037 1770 2089 is
1815 2035 1860 2089 si
1901 2035 2154 2101 deinceps
2197 2034 2250 2087 in

690 2125 867 2180 simile
909 2136 1188 2195 peccatum
1219 2136 1381 2196 atque
1432 2127 1571 2180 alius
1621 2126 1873 2196 delapsus
1923 2134 2027 2189 est,
2084 2139 2260 2179 nOnne

692 2217 814 2272 vita:
846 2231 1076 2288 peracta:
1111 2220 1373 2272 rationem
1409 2217 1734 2282 redditurus,
1767 2231 1955 2286 poenas
1984 2216 2262 2287 graviores

691 2325 853 2382 quam
881 2311 1016 2366 alter
1037 2311 1157 2380 jure
1189 2311 1394 2381 Optimo
1419 2309 1602 2366 dabit?
1635 2307 1726 2364 llle
1755 2310 1897 2364 enim
1929 2311 1996 2364 ob
2020 2310 2071 2363 id
2088 2308 2258 2363 solum

688 2404 1052 2468 accusabitur,
1080 2405 1219 2473 quod
1279 2402 1605 2458 salutaribus
1663 2401 1916 2457 subsidiis
1964 2402 2146 2455 animo
2177 2402 2260 2454 in-

691 2497 892 2564 spersis
927 2505 1070 2554 recte
1123 2511 1254 2551 usus
1291 2513 1394 2550 non
1431 2497 1502 2550 sit
1537 2514 1549 2548 :
1598 2496 1685 2550 bic
1717 2510 1842 2550 vero
1871 2506 2155 2562 praeterea,
2190 2493 2260 2547 ob

695 2587 746 2640 ld
771 2587 956 2652 etiam,
989 2589 1131 2656 quod
1162 2588 1328 2642 multa
1357 2586 1423 2640 ad
1453 2587 1680 2642 salutem
1709 2587 2016 2654 adjumenta
2045 2595 2256 2646 nactus,

691 2687 910 2750 propter
963 2679 1430 2746 intemperantiam
1497 2687 1552 2731 et
1616 2666 1872 2745 temporis
1951 2676 2259 2730 brevissimi

695 2771 959 2825 incuriam
986 2785 1045 2824 se
1073 2771 1185 2837 ipse
1224 2768 1540 2837 prodiderit.
1567 2767 1828 2823 Similiter
1859 2777 2039 2820 autem
2075 2779 2129 2821 et
2162 2766 2255 2836 qui

695 2864 762 2915 ab
822 2862 974 2918 initio
1047 2863 1099 2915 in
1155 2862 1353 2931 pietate
1419 2860 1520 2914 fuit
1585 2860 1882 2925 institutus,
1938 2874 2258 2931 omnemque

693 2955 746 3006 in
812 2953 905 3007 Dei
970 2954 1236 3020 dogmatis
1313 2953 1504 3005 vitavit
1547 2951 2000 3020 perversitatem,
2068 2963 2120 3006 et
2164 2954 2257 3021 qui

693 3043 962 3099 enutritus
991 3053 1072 3096 est
1105 3044 1155 3096 itt
1191 3040 1286 3096 Dei
1309 3041 1443 3110 lege,
1477 3057 1594 3110 qua:
1614 3055 1774 3096 omne
1818 3051 2038 3096 accusat
2065 3056 2256 3110 pecca-

697 3149 830 3203 tum,
875 3143 929 3189 et
987 3136 1052 3189 ad
1112 3135 1377 3189 contraria
1430 3143 1686 3204 provocat
1716 3171 1730 3198 ,
1779 3133 1825 3188 is
1877 3150 1982 3189 non
2027 3134 2254 3189 similem

697 3229 909 3284 habebit
949 3228 1264 3284 idololatria:
1302 3229 1726 3291 excusationem,
1755 3237 1918 3298 atque
1964 3227 2074 3294 ille,
2103 3231 2190 3297 qui
2223 3245 2252 3282 a

696 3321 1007 3386 parentibus
1058 3318 1339 3386 exlegibus
1371 3319 1630 3372 educatus
1683 3326 1788 3382 cst,
1823 3328 1879 3372 et
1926 3334 1955 3370 a
2008 3320 2256 3385 gentibus

696 3409 1053 3465 idololatriam
1119 3410 1187 3462 ab
1255 3408 1480 3462 exordio
1541 3407 1642 3461 fuit
1707 3408 1952 3463 edoctus.
2007 3409 2257 3462 Dominus

689 3503 951 3573 jndicabt’t
989 3504 1226 3572 populos.
1270 3501 1440 3556 Aliter
1480 3500 1744 3565 Judaeum,
1788 3502 1946 3558 aliter
1976 3501 2252 3574 Scytbattt.

696 3598 785 3650 ille
817 3598 959 3651 enim
985 3597 1037 3650 in
1075 3597 1188 3665 lege
1222 3597 1515 3666 acquiescit
1553 3604 1608 3651 et
1645 3598 1696 3650 in
1727 3596 1834 3652 Deo
1872 3597 2156 3668 gloriatur,
2195 3613 2258 3651 ae

696 3689 886 3759 probat
912 3687 1154 3741 meliora.
1175 3686 1308 3740 Cum
1335 3688 1475 3741 enim
1508 3702 1572 3740 cx
1600 3689 1718 3757 lege
1750 3689 1820 3742 sit
1849 3689 2168 3753 instructus,
2196 3706 2258 3744 ac

709 3793 907 3853 praeter
938 3799 1247 3838 communes
1301 3783 1544 3837 notiones
1592 3786 1906 3852 prophetica
1955 3795 2012 3839 et
2067 3787 2255 3856 legalia

702 3878 899 3946 scripta
959 3879 1006 3932 ei
1049 3892 1262 3948 semper
1305 3886 1628 3942 cantentur,
1689 3877 1986 3948 eademque
2038 3879 2106 3932 ab
2143 3879 2258 3948 ipso

704 3971 1038 4034 ediscantur,
1067 3973 1110 4023 si
1142 3971 1411 4040 quidpiam
1454 3971 1758 4040 praetorius
1803 3971 2085 4027 admisisse
2113 3972 2258 4026 inve-

699 4066 898 4126 niatur,
965 4066 1218 4130 imputata
1269 4064 1369 4116 sibi
1425 4075 1643 4132 peccata
1700 4065 2042 4121 habebuntur
2106 4065 2260 4135 longe

699 4152 965 4221 graviora.
1001 4151 1072 4203 At
1107 4148 1317 4220 Scytha:
1347 4149 1612 4206 Nomades
1654 4152 1954 4221 agrestibus
2001 4163 2058 4208 et
2111 4156 2259 4209 inlut-

702 4243 874 4296 ntanis
903 4243 1112 4296 educati
1141 4244 1398 4309 moribus,
1420 4245 1620 4313 rapinis
1634 4254 1688 4299 et
1709 4244 2051 4299 contumeliis
2065 4250 2260 4302 mutuis

699 4332 920 4396 assueti,
966 4332 1059 4387 ira;
1093 4333 1543 4402 impotentissimi,
1583 4345 1634 4389 et
1668 4336 1721 4390 in
1766 4352 1823 4391 se
1851 4335 2081 4390 invicem
2114 4336 2259 4390 facil-

701 4425 824 4477 lime
855 4425 1130 4479 iracundia
1160 4423 1589 4492 effervescentes,
1619 4428 1764 4484 soliti
1797 4443 2009 4484 omnem
2039 4437 2260 4482 conten-

2363 1949 2455 2000 καὶ
2492 1947 2841 2017 σωφροσύνην
2868 1945 3160 2006 τυποῦντα,
3217 1943 3422 1996 δίαιταν
3468 1943 3933 2012 κατεσταλμένην,

2361 2034 2476 2092 εἶτα
2511 2037 2826 2108 ὑπενεχθεὶς
2857 2039 2936 2100 είς
2965 2036 3063 2106 τὴν
3095 2035 3285 2106 ὁμοίαν
3317 2034 3586 2104 ἁμαρτίαν
3623 2032 3700 2101 τῷ
3736 2031 3934 2101 ἑτέρῳ,

2361 2131 2455 2182 καὶ
2481 2129 2653 2192 διδους
2685 2129 2841 2197 λόγον
2866 2127 2974 2180 τῶν
3011 2127 3373 2198 βεϐιωμένων,
3413 2126 3530 2189 πῶς
3557 2126 3678 2194 οὐχὶ
3702 2123 3937 2195 βαρυτέ-

2366 2237 2462 2290 ρας
2491 2218 2641 2292 παρὲι
2687 2221 2776 2274 τὸν
2827 2221 3016 2292 ἓτερον
3047 2220 3074 2272 ὁ
3123 2218 3362 2283 τοιοῦτος
3409 2219 3626 2281 δικαίως
3662 2218 3935 2288 τιμωρίας

2359 2313 2752 2385 ἁξιωθήσεται;
2801 2313 2858 2366 '0
2904 2313 2999 2384 μὲν
3049 2313 3157 2382 γὰρ
3185 2311 3577 2383 ὲγκληθήσεται
3611 2311 3702 2363 ἐπὶ
3743 2311 3933 2380 μόναις

2358 2412 2474 2472 ταῖς
2505 2407 3052 2479 ὲγκατεσπαρμέναις
3089 2406 3228 2462 κατά
3255 2407 3352 2470 τάς
3386 2406 3589 2468 ἑννοίας
3643 2402 3935 2475 σωτηρίας

2357 2500 2650 2569 ἀφορμαῖς,
2682 2498 2756 2561 ὡς
2774 2499 2835 2550 οὑ
2860 2497 3202 2570 χρησάμενος
3227 2499 3410 2560 αὑταῖς
3444 2497 3629 2564 ὑγιῶς·
3653 2496 3682 2546 δ
3706 2495 3763 2547 δὲ
3796 2494 3933 2564 πρὸς

2359 2589 2530 2657 τούτῳ
2565 2592 2658 2642 καὶ
2705 2591 2780 2654 ὡς
2813 2590 3010 2660 πολλῆς
3036 2589 3210 2660 τυχὼν
3245 2591 3325 2652 είς
3371 2589 3430 2641 τὸ
3475 2587 3708 2656 σωθῆναι
3748 2602 3933 2654 συνερ-

2360 2678 2534 2746 γείας,
2573 2681 2666 2732 καὶ
2694 2680 2758 2732 δι’
2787 2681 3052 2750 ἀκρασίαν
3085 2683 3178 2733 καὶ
3194 2680 3289 2750 τὴν
3321 2681 3376 2731 ὲν
3410 2677 3729 2749 βραχυτάτῳ
3756 2675 3934 2745 καιρῷ

2359 2770 2685 2843 ἀπροσεξίαν
2712 2769 3059 2841 προδεδωκὼς
3089 2771 3297 2823 ἑαυτόν.
3329 2770 3554 2839 Ὁμοίως
3579 2769 3638 2820 δὲ
3675 2769 3770 2820 καὶ
3798 2771 3826 2820 ό
3858 2771 3934 2819 ὲν-

2357 2864 2684 2937 τρεφόμενος
2701 2861 2935 2933 ἀρχῆθεν
2967 2864 3034 2931 τῇ
3057 2861 3324 2930 εὐσεϐείᾳ,
3356 2861 3449 2913 καὶ
3479 2861 3657 2911 πᾶσαν
3684 2859 3933 2927 διαστρο-

2357 2956 2462 3026 φὴν
2495 2951 2748 3022 ἐκφυγὼν
2775 2954 2832 3004 ὲν
2865 2952 2980 3013 τοῖς
3019 2949 3146 3020 περὶ
3192 2948 3327 3001 Θεοῦ
3362 2948 3640 3017 δόγμασιν,
3677 2947 3931 3017 ἐντρεφό-

2362 3063 2520 3116 μενος
2551 3045 2606 3099 δὲ
2632 3045 2726 3098 καί
2749 3044 2896 3115 νόμῳ
2923 3041 3055 3096 Θεοῦ
3089 3039 3421 3094 διαϐάλλοντι
3452 3041 3627 3091 πᾶσαν
3657 3039 3932 3108 ἁμαρτίαν

2359 3139 2454 3192 καὶ
2479 3137 2902 3209 προκαλουμένῳ
2930 3136 3021 3189 ἐπὶ
3068 3135 3135 3188 τὰ
3166 3133 3402 3195 ἐναντία,
3451 3133 3548 3202 οὐχ
3585 3131 3777 3201 ὁμοίαν
3819 3131 3929 3194 ἕξει

2358 3230 2794 3302 είδωλολατρείας
2828 3228 3120 3295 ἀπολογίαν
3161 3226 3238 3297 τῷ
3275 3225 3382 3280 ἀπὸ
3418 3224 3668 3294 πατέρων
3713 3223 3928 3293 ἀνόμων

2359 3320 2844 3390 ἀνατεθραμμένῳ,
2880 3318 2973 3371 καὶ
3008 3317 3175 3370 ἐθνῶν
3224 3315 3460 3388 ἀρχῆθεν
3499 3314 3608 3383 (68)
3645 3311 3928 3366 εἰδωλολα-

2359 3413 2504 3482 τρεῖν
2529 3412 2944 3481 δεδιδαγμένων.
2991 3411 3206 3477 Κύριος
3250 3406 3442 3476 κρινεῖ
3471 3409 3677 3472 λαούς.
3720 3405 3928 3468 ’Δλλως

2359 3503 2448 3554 τὸν
2512 3502 2777 3563 Ἰουδαῖον,
2813 3504 2905 3554 καὶ
2958 3500 3127 3562 ἄλλως
3163 3499 3252 3551 τὸν
3299 3497 3528 3568 Σκύθην.
3568 3498 3624 3549 ὐ
3663 3496 3760 3566 μὲν
3821 3497 3928 3565 γὰρ

2360 3591 2764 3646 ἐπαναπαύεται
2792 3592 2960 3660 νόμῳ,
2985 3591 3078 3642 καὶ
3111 3590 3375 3658 καυχᾶται
3409 3590 3464 3640 ὲν
3486 3587 3623 3656 Θεῷ,
3663 3587 3755 3639 καὶ
3785 3585 3926 3637 δοκι-

2364 3681 2522 3756 μάζει
2553 3683 2618 3735 τά
2651 3682 2990 3750 διαφέροντα.
3041 3682 3454 3750 Κατηχούμενος
3487 3681 3561 3733 ὢν
3597 3683 3660 3732 ἐκ
3696 3678 3791 3731 τοῦ
3835 3680 3922 3730 νό-

2363 3792 2485 3844 μου,
2519 3773 2612 3826 καὶ
2645 3771 2777 3843 πρὸς
2800 3773 2916 3833 ταῖς
2951 3772 3152 3830 κοιναῖς
3179 3770 3265 3820 ἀεὶ
3294 3768 3518 3829 ἐννοίαις
3554 3767 3923 3837 κατεπαῶμε-

2359 3885 2467 3931 νος,
2519 3869 2611 3921 καὶ
2656 3864 3040 3935 παιδευόμενος
3089 3862 3156 3915 τὰ
3221 3859 3528 3930 προξητικά
3583 3861 3676 3910 καὶ
3730 3860 3925 3927 νομικα

2358 3963 2678 4033 γράμματα,
2711 3961 2804 4014 ἐὰν
2853 3959 3047 4031 εὑρεθῇ
3077 3958 3308 4020 πταίσας
3362 3953 3714 4026 παρανόμως,
3747 3951 3924 4020 πο)λῴ

2363 4051 2634 4122 βαρύτερα
2663 4050 2771 4114 ἔξει
2799 4049 3151 4119 λελογισμένα
3195 4049 3263 4101 τὰ
3300 4048 3685 4117 ἁμαρτήματα.
3723 4041 3923 4096 Σκύθαι

2358 4144 2412 4196 δὲ
2447 4142 2713 4210 Νομάδες,
2746 4140 3040 4209 ἀνημέροις
3067 4140 3159 4191 καὶ
3187 4136 3567 4208 ἀπανθρώποις
3599 4134 3922 4203 συντραφένο

2358 4251 2447 4297 τες
2478 4232 2685 4302 ήθεσιν,
2733 4233 3011 4302 ἁρπαγαῖς
3059 4230 3149 4282 καὶ
3182 4230 3320 4298 βίαις
3373 4232 3490 4289 ταῖς
3536 4227 3654 4279 κατ’
3686 4226 3923 4294 ἀλλήλων

2360 4323 2715 4394 ἐνειθισμένοι
2749 4321 2882 4391 (69),
2930 4320 3184 4390 ἀκρατῶς
3230 4320 3325 4389 μὲν
3357 4318 3569 4388 ἔχοντες
3603 4314 3801 4385 θυμοῦ,
3835 4317 3922 4366 καὶ

2359 4414 2591 4476 εὐκόλως
2610 4414 2688 4474 εἰς
2714 4413 2838 4474 τοὺς
2865 4413 2981 4463 κατ’
3014 4409 3254 4480 ἀλλήλων
3279 4408 3653 4479 παροξυσμοὺς
3685 4403 3918 4476 ἐρεθιζό-

702 4517 902 4569 tionem
933 4516 1076 4572 ferro
1109 4519 1382 4584 dirimere,
1434 4521 1800 4591 sanguineque
1856 4521 2040 4590 praelia
2099 4519 2256 4574 finire

2363 4523 2541 4576 pavet,
2574 4505 2753 4558 πᾶσαν
2799 4503 2855 4556 δὲ
2883 4501 3212 4573 φιλονεικίαν
3263 4501 3466 4571 σιδήρῳ
3507 4499 3714 4570 κρίνειν
3757 4515 3918 4550 συνει-

698 4608 894 4671 edocti,
946 4611 989 4662 si
1045 4625 1206 4678 quam
1257 4602 1639 4666 humanitatem
1691 4623 1784 4667 aut
1827 4613 2119 4667 bonitatem
2155 4611 2255 4667 sibi

708 4701 938 4756 invicem
992 4701 1364 4769 ostenderint,
1419 4719 1512 4772 per
1556 4705 1812 4774 praeclara
1863 4721 1959 4759 sua
2013 4705 2255 4760 facinora

697 4795 986 4850 vindictam
1043 4796 1372 4852 acerbiorem
1428 4797 1579 4852 nobis
1631 4806 1846 4867 parant.
1895 4795 2089 4851 Indica
2143 4814 2253 4864 me,

701 4886 937 4952 Domine,
994 4887 1277 4942 secundum
1341 4887 1609 4958 justitiam
1656 4905 1844 4952 meam,
1899 4889 2253 4942 etsecundum

698 4980 1048 5032 innocentiam
1116 4996 1282 5035 meam
1347 4996 1500 5048 super
1551 4995 1651 5032 me.
1684 4977 1808 5033 Haec
1848 4983 2011 5033 verba
2042 4979 2254 5046 superbi

700 5068 920 5138 aliquid.
951 5073 1166 5138 etquod
1193 5073 1482 5140 precationi
1524 5069 1778 5126 Pharisaei
1802 5085 1918 5124 sese
1948 5070 2256 5125 extollentis

700 5160 934 5213 assimile
971 5160 1063 5224 sit,
1096 5160 1411 5216 videbttntur
1463 5165 1660 5217 habere
1697 5181 1708 5216 :
1744 5170 1974 5214 attamen
2031 5161 2258 5216 candide

702 5251 1228 5320 intuenti,Propbeta
1245 5256 1311 5308 ab
1342 5254 1441 5308 boc
1464 5257 1641 5308 animo
1670 5253 1851 5322 procul
1887 5253 2039 5324 103
2069 5254 2256 5306 abesse

698 5341 1042 5410 judicabitur.
1094 5346 1285 5398 Judica
1322 5362 1422 5412 me,
1462 5345 1697 5409 Domine,
1741 5347 1932 5412 inquit,
1972 5346 2253 5398 secundum

772 5504 883 5576 (66)
911 5504 1041 5572 Reg.
1072 5504 1260 5559 tertius
1289 5505 1446 5577 babet
1467 5505 1690 5577 γνώμην
1713 5522 1809 5573 pro
1825 5506 2023 5577 κρίσιν.
2055 5506 2253 5562 Ibidem

701 5577 754 5637 in
777 5575 963 5629 eodem
994 5578 1176 5629 codice
1208 5575 1397 5645 legitur
1423 5576 1579 5645 ἡμῶν
1605 5575 1691 5628 τά.

772 5646 883 5715 (67)
911 5645 1039 5714 Reg.
1063 5646 1263 5716 _tertius
1306 5644 1567 5716 ἀκρόασιν
1605 5645 1818 5714 λογίων.
1861 5645 2051 5701 Statim
2083 5646 2248 5702 codex

702 5713 839 5771 idem
868 5713 1163 5786 σωτηρίας.

774 5786 884 5856 (68)
913 5785 1060 5840 Colb.
1086 5793 1309 5854 quartus
1347 5785 1512 5840 ὲθνῷν
1548 5785 1605 5849 ἐξ
1636 5785 1828 5856 ἀρχῆς.
1863 5787 2059 5842 Ibidem
2089 5785 2248 5841 editio

2362 4595 2622 4667 θισμένοι,
2653 4595 2746 4648 καὶ
2787 4594 2978 4666 αἵματι
3024 4594 3124 4657 τάς
3159 4592 3332 4665 μάχας
3366 4592 3509 4646 λύειν
3539 4591 3918 4664 δεδιδαγμένοι,

2362 4690 2454 4742 ὲάν
2485 4708 2536 4742 τι
2566 4688 2701 4759 πρὸς
2729 4687 2990 4758 ἀλλήλους
3017 4685 3395 4756 φιλάνθρωπον
3433 4686 3525 4738 καὶ
3550 4684 3787 4755 χρηστὸν
3817 4686 3914 4735 ἐπι-

2359 4781 2809 4852 65i§wv1ar.,+,p.iv
2833 4779 3134 4849 βαρυτέραν
3165 4777 3252 4830 διὰ
3273 4777 3378 4829 τῶν
3404 4777 3544 4830 ίδίων
3569 4775 3914 4846 κατορθωμάο

2359 4891 2465 4926 των
2491 4874 2588 4944 τὴν
2617 4871 2883 4942 τιμωρίαν
2923 4867 3414 4939 παρασκευάζουσι.
3454 4866 3674 4936 Κρῒνόν
3695 4884 3790 4936 με,
3820 4867 3908 4920 Κύ

2349 4979 2463 5030 ριε,
2495 4963 2641 5016 κατὰ
2681 4959 2795 5028 τὴν
2834 4959 3228 5024 δικαιοσύνην
3278 4973 3418 5024 μου,
3464 4958 3560 5010 καί
3611 4958 3760 5010 κατὰ
3811 4956 3904 5022 τὴν

2358 5057 2612 5109 ἀκακίαν
2638 5071 2757 5124 μου
2789 5054 2879 5106 ἐπ’
2926 5053 3075 5122 ἐμοί.
3111 5050 3258 5116 Δόξει
3300 5054 3403 5105 τιό
3429 5051 3582 5120 λόγος
3609 5050 3885 5113 ἀλαζονικο

2361 5146 2502 5215 ἒχειν
2541 5146 2635 5198 καὶ
2661 5144 3036 5214 παραπλήσιον
3061 5143 3125 5210 τῇ
3157 5141 3287 5211 εὐχῇ
3321 5140 3414 5194 τοῦ
3445 5138 3704 5210 ὑψοῦντος
3738 5138 3878 5191 ἑαυτέ

2359 5237 2668 5307 Φαρισαίου·
2705 5235 3056 5305 εὐγνωμόνως
3095 5232 3150 5284 δὲ
3191 5232 3472 5286 σκοποῦντι
3515 5230 3730 5302 μακρὰν
3757 5229 3880 5297 γενή

2361 5345 2509 5381 σεται
2533 5331 2631 5398 τῆς
2658 5327 2910 5397 τοιαύτης
2958 5323 3247 5388 διαθέσεως
3297 5327 3325 5378 ὁ
3370 5327 3671 5396 προφήτης.
3708 5320 3896 5390 Κρῖνώ

2364 5505 2532 5560 I‘aris.
2559 5503 2974 5571 δεδιδαγμένων.
2999 5501 3174 5555 Ειίἰιὶθ
3196 5501 3359 5571 Basil.
3378 5515 3498 5571 cum
3521 5496 3704 5565 Regiis
3725 5498 3903 5568 primo,

2361 5578 2597 5628 secundo
2657 5583 2711 5624 et
2750 5567 2968 5637 'qnarto
3025 5570 3404 5640 δεδιδαγμένῳ.
3469 5567 3733 5640 Subinde
3785 5582 3904 5640 tnfs.

2358 5663 2544 5699 omnes
2581 5631 2983 5712 κατηχούμενος
3028 5641 3121 5697 ὢν.
3161 5631 3299 5712 Είιίιί
3346 5631 3744 5712 κατηχούμενος
3789 5631 3903 5712 οὖν.

2429 5713 2538 5784 (69)
2587 5708 2761 5768 Editin
2811 5708 2983 5766 Paris.
3011 5710 3311 5784 totcgévos.
3359 5710 3533 5765 Editio
3588 5708 3749 5764 Basil.
3785 5708 3902 5779 ἔνη-

2359 5781 2620 5856 οισμένοι.
2648 5784 2715 5838 At
2745 5798 2873 5838 mss.
2905 5793 3010 5837 tres
3036 5781 3410 5850 ἐνειθισμένοι.
