4092 6318
173 343 291 401 2M

1387 342 1672 398 HOMILIA
1716 345 1781 399 IN
1815 346 2143 402 PSALMUM
2171 347 2279 402 VII.

3311 351 3411 406 21?

163 470 281 526 με,
303 459 501 524 Κύριε,
537 455 686 527 φησὶ,
726 453 877 509 κατὰ
904 454 1017 523 τὴν
1063 456 1457 523 δικαιοσύνην
1486 476 1626 526 μου.
1652 459 1737 511 Ilo

1854 460 2123 529 justitiam
2157 477 2343 514 meam.
2381 459 2652 531 Multiplex
2704 471 2820 530 est,
2874 464 3067 533 inquit,
3105 465 3170 521 de
3203 463 3409 532 jnstitia

168 547 304 612 λὺς,
331 549 510 619 φησὶν,
536 548 680 600 ἐστὶν
716 548 745 599 ό
781 548 908 619 περὶ
928 547 1027 618 τῆς
1058 546 1401 617 δικαιοσύνης
1435 547 1610 615 λόγος,
1664 548 1757 600 καί⁷

166 638 482 708 δυσέφικτα
514 639 609 708 τῆς
638 637 846 701 τελείας
874 637 1212 707 δικαιοσύνης
1241 638 1308 689 τά
1339 638 1567 707 πέρατα.
1601 638 1755 690 Ἔστι

168 731 294 803 γάρ
314 742 358 784 τε
415 731 509 783 καὶ
532 731 774 798 ἀγγέλων
803 730 1110 800 δικαιοσύνη
1129 730 1638 801 ὐπεραναὸεὸηκυῑα
1655 731 1753 801 τὴν

168 823 296 877 τῶν
329 822 649 894 ἀνθρώπων,
705 824 798 876 καὶ
840 824 892 877 εῐ
917 839 996 885 τις
1026 821 1163 894 ὑπὲρ
1209 822 1475 891 ἀγγέλους
1504 822 1752 892 δύναμις,

168 914 553 982 ἀναλογοῦσαν
580 914 691 984 ἔχει
711 912 787 984 τῷ
811 912 1026 983 μεγέθει
1053 912 1148 965 καὶ
1172 912 1270 983 τὴν
1292 913 1387 982 τῆς
1409 912 1755 982 δικαιοσύνης

167 1005 475 1075 ὑπεροχήνο
507 1006 600 1057 καὶ
624 1004 783 1059 αὑτοῦ
810 1004 901 1057 τοῦ
938 1004 1071 1057 Θεοῦ
1095 1007 1129 1075 ἡ
1159 1004 1471 1075 δικαιοσύνη
1506 1008 1538 1075 ἡ
1569 1007 1737 1077 ὑπερ-

165 1094 378 1164 έχουσα
416 1097 590 1149 πάντα
628 1096 771 1159 νοῦν,
808 1097 1042 1167 deamo;
1072 1092 1204 1150 οὖσα
1238 1097 1331 1150 καὶ
1367 1096 1745 1167 ἀκατάληπτος

165 1188 328 1259 πάσῃ
352 1190 415 1259 τῇ
433 1191 629 1257 γενητῇ
660 1186 767 1257 (70)
801 1185 979 1256 φύσει.

243 1278 301 1332 6.
346 1279 473 1348 Ἐμὲ
510 1274 620 1333 οὖν
644 1278 867 1345 κρῖνον,
902 1279 1101 1347 Κύριε,
1139 1277 1288 1330 κατὰ
1326 1276 1440 1345 τὴν
1467 1277 1621 1347 ἐμὴν
1656 1276 1742 1330 δι-

162 1372 527 1436 καιοσύνην-ο
571 1369 832 1433 τουτέστι,
865 1368 962 1439 τὴν
1002 1368 1227 1437 ἐφικτὴν
1263 1369 1376 1430 τοῖς
1419 1366 1742 1439 ἀνθρώποις,

163 1464 268 1515 καὶ
296 1463 521 1531 δυνατὴν
549 1464 658 1524 τοῖς
689 1462 746 1513 ὲν
778 1461 939 1531 σαρκὶ
970 1460 1121 1525 ζῶσι.
1147 1458 1255 1513 Καὶ
1284 1458 1433 1512 κατὰ
1461 1459 1573 1527 τὴν
1602 1459 1745 1513 ἀκαι-

162 1555 309 1606 κίαγ
338 1571 454 1622 μου
481 1553 572 1604 ἐπ’
602 1553 749 1620 ἐμοί.
803 1550 957 1605 Οῦτω
996 1550 1104 1622 γὰρ
1157 1551 1389 1622 μάλιστα
1424 1552 1740 1605 συνίσταται

159 1647 196 1712 ή
232 1644 471 1705 διάθεσις
509 1643 600 1695 τοῦ
640 1643 886 1711 λέγοντος
930 1644 1063 1696 πολὺ
1116 1643 1330 1714 μακρὰν
1365 1640 1498 1698 οὖσα
1518 1645 1614 1714 τῆς
1643 1660 1744 1712 φα-

164 1735 431 1804 ρισαῖκῆς
460 1735 851 1806 ὑπερηφανίας.
894 1735 1150 1790 Ἀκακίαν
1189 1736 1296 1805 γὰρ
1327 1734 1517 1788 ἑαυτοῦ
1548 1734 1743 1805 ὀνομά-

162 1826 249 1888 ζει
281 1824 378 1897 τὴν
409 1827 567 1880 οἱονεὶ
597 1826 960 1899 ἁκεραιότητα
1013 1827 1105 1878 καὶ
1128 1826 1381 1896 ἀπειρίαν
1408 1825 1514 1881 τῶν
1553 1824 1743 1894 χρησί-

162 1936 290 1987 μων
329 1921 406 1981 είς
427 1918 648 1986 γνῶσιν,
702 1920 842 1972 κατὰ
889 1919 949 1971 τὸ
985 1920 1272 1989 εἰρημένον
1313 1919 1369 1971 ὲν
1406 1921 1522 1981 ταῖς
1545 1919 1744 1989 Παροι-

163 2010 342 2080 μίαις,
370 2012 449 2064 ὅτι
488 2012 743 2075 Ἀκακος
770 2012 1034 2063 πιστεύει
1060 2011 1236 2063 παντὶ
1262 2011 1438 2079 λόγῳ.
1478 2011 1628 2063 Ἐπεὶ
1649 2008 1740 2064 οὖν

160 2103 387 2166 πολλοῖς
414 2104 734 2172 ἀψυλάκτως
769 2102 1166 2171 περιπίπτομεν
1201 2103 1259 2168 ἐξ
1287 2103 1540 2177 ἀπειρίας
1564 2104 1612 2156 οἱ
1652 2104 1741 2158 ἀν-

160 2194 397 2265 θρωττοι,
433 2197 771 2263 παραιτεῖται
816 2194 906 2245 τὸν
955 2194 1086 2247 Θεὸν
1109 2196 1209 2247 ’καὶ
1243 2194 1385 2261 ἀξιοῖ
1415 2194 1740 2266 συγγνώμης

160 2286 349 2353 τυχεῖν
384 2283 477 2335 ἐπὶ
508 2286 570 2352 τῇ
596 2284 815 2355 ἀκακία.
859 2285 952 2337 Ἐκ
973 2284 1028 2337 δὲ
1054 2285 1245 2339 τούτου
1275 2286 1429 2356 δῆλόν
1464 2289 1609 2338 ἐστιν
1656 2287 1739 2338 ὅτι

162 2372 671 2443 ταπεινοφροσύνην
717 2373 811 2426 τοῦ
852 2374 1096 2443 λέγοντος
1130 2376 1419 2445 παρίστησι
1459 2374 1655 2444 μᾶλλον
1703 2374 1736 2444 ἢ

163 2464 545 2535 ὑπερηφανίαν
603 2466 671 2519 τὰ
718 2468 999 2539 εἰρημένα.
1059 2466 1277 2533 Κρῖνον
1320 2465 1427 2535 γάρ
1456 2482 1555 2533 με,
1583 2466 1734 2536 φησὶ,

166 2557 324 2609 κατὰ
360 2554 475 2623 τὴν
498 2556 651 2627 ἐμὴν
691 2558 1108 2626 δικαιοσύνην,
1137 2556 1229 2610 καὶ
1267 2556 1449 2628 κρίνὸν
1483 2574 1548 2627 με
1590 2557 1739 2611 κατά

162 2649 282 2715 τὴν
308 2651 571 2704 ἀκακίαν
597 2652 694 2721 τὴν
726 2647 888 2703 οὖσαν
937 2651 1021 2702 ἐπ’
1052 2650 1194 2721 ὲμοί.
1236 2649 1308 2703 Τὸ
1345 2651 1441 2721 μὲν
1464 2650 1738 2720 δικαίωμά

164 2759 269 2812 μου
302 2744 367 2814 τῇ
400 2742 647 2813 ἀσθενείᾳ
691 2740 1073 2811 παρεξετάζων
1114 2744 1182 2812 τῇ
1211 2740 1544 2812 ἀνθρωπίνῃ.
1597 2740 1737 2793 οῦτω

164 2834 348 2904 κρῖνόν
398 2849 483 2904 με·
538 2832 635 2903 τὴν
666 2832 722 2885 δὲ
752 2832 1028 2904 ἁπλότητα
1070 2832 1177 2886 τῶν
1202 2832 1414 2904 τρόπων
1449 2850 1547 2903 μου
1574 2849 1737 2885 κατα-

1860 566 2059 614 sermo,
2089 567 2151 606 ac
2166 552 2386 620 iustitiae
2409 553 2657 622 perfecta:
2682 554 2813 610 lines
2833 565 2988 624 captu
3005 566 3129 610 sunt
3150 555 3408 614 diciles.

1855 642 1951 696 Est
1983 646 2124 697 enim
2158 654 2212 697 et
2246 643 2559 713 angelorum
2581 646 2791 714 justitia
2844 649 3107 716 quoidam,
3153 662 3271 717 quae
3312 652 3411 705 huc

1855 749 2067 787 manam
2102 734 2256 803 longe
2288 745 2510 804 superat
2535 753 2559 792 τ
2591 746 2645 790 et
2672 738 2715 792 si
2750 754 2854 807 qua
2890 748 2972 794 est
2999 740 3166 794 virtus
3209 742 3413 811 angelis

1861 826 2143 895 superior,
2189 827 2417 895 justitite
2470 830 2835 898 praestantiam
2891 833 3241 901 magnitudini
3299 848 3411 887 suae

1855 928 2241 987 congruentem
2294 917 2477 975 habet.
2513 918 2651 986 Quin
2698 924 2854 975 etiam
2890 932 2971 976 est
3003 923 3282 990 ipsiusmet
3316 923 3407 978 Dei

1859 1008 2092 1078 justitia,
2120 1023 2238 1077 qua
2285 1024 2499 1064 omnem
2540 1012 2869 1065 transcendit
2894 1010 3242 1080 intellectum,
3266 1028 3406 1081 qua-

1850 1111 1955 1165 que
1989 1094 2274 1149 inelIabilis
2309 1108 2415 1161 est,
2447 1096 2699 1165 omnique
2744 1107 2939 1151 creatae
2975 1106 3177 1151 natura:
3207 1097 3405 1152 incom-

1850 1184 2240 1251 prebensibilis.

1923 1278 1976 1330 6.
2020 1274 2106 1329 Me
2140 1277 2302 1344 igitur
2330 1275 2537 1345 judico,
2573 1274 2815 1342 Domine,
2841 1280 3120 1333 secundum
3142 1279 3404 1348 justitiam

1854 1381 2023 1419 meum
2042 1383 2061 1431 ;
2091 1366 2142 1420 id
2174 1377 2278 1431 est,
2308 1383 2449 1431 eam,
2482 1383 2600 1436 qua:
2626 1368 2693 1422 ab
2744 1369 3047 1425 hominibus
3078 1374 3281 1442 acquiri
3311 1391 3404 1444 po-

1854 1462 1977 1517 test,
2013 1469 2242 1523 quaeque
2266 1469 2455 1510 eorum
2484 1456 2575 1525 qui
2613 1456 2665 1509 in
2697 1469 2859 1510 carne
2890 1458 3098 1523 vivunt,
3130 1462 3270 1517 vires
3299 1479 3401 1518 non

1850 1554 2082 1613 superat.
2116 1541 2181 1598 Et
2210 1547 2492 1599 secundum
2527 1547 2878 1601 innocentiam
2923 1566 3089 1604 meam
3128 1569 3282 1621 super
3304 1573 3400 1610 me.

1848 1631 1938 1688 Sic
1961 1635 2102 1687 enim
2135 1635 2369 1688 maxime
2400 1634 2669 1703 loquentis
2702 1636 2925 1694 aﬂ'ectns
2972 1642 3151 1708 procul
3195 1658 3224 1695 a
3263 1643 3402 1697 Pha-

1846 1724 1986 1779 risaei
2023 1724 2329 1793 arrogantia
2376 1724 2633 1795 probatur
2663 1725 2881 1781 distare.
2916 1727 3124 1784 Etenim
3150 1732 3404 1787 innocen.

1846 1821 1973 1872 tiam
2010 1833 2162 1872 suam
2185 1818 2451 1883 nominat,
2490 1820 2643 1887 quasi
2676 1820 3095 1889 simplicitatem,
3126 1838 3190 1877 ac
3238 1824 3399 1879 insci-

1845 1911 1971 1963 tiam
2031 1924 2217 1963 eorum
2269 1924 2388 1977 quae
2438 1911 2655 1979 cognitu
2721 1911 2868 1964 utilia
2921 1924 3094 1965 sunt:
3161 1914 3300 1967 sicut
3347 1914 3401 1968 in

1841 2003 2145 2058 Proverbiis
2190 2002 2388 2057 dicitur
2421 2020 2433 2056 ι
2465 2001 2722 2056 Innocens
2771 2003 2934 2058 credit
2982 2006 3120 2058 ontui
3169 2008 3316 2059 verbo
3333 2004 3399 2060 ⁸⁸.

1842 2097 2105 2164 Quoniam
2141 2097 2321 2165 itaque
2371 2111 2467 2151 nos
2499 2096 2747 2150 homines
2785 2097 2839 2151 in
2877 2098 3065 2152 multis
3094 2097 3307 2151 incaute
3334 2112 3399 2151 ex

1843 2189 2106 2257 imperitia
2171 2185 2531 2253 oil‘endimns,
2595 2186 2761 2241 Deum
2814 2198 2989 2255 rogat,
3050 2188 3289 2257 petitque
3344 2196 3403 2241 ut

1840 2283 2048 2334 veniam
2085 2291 2303 2348 propter
2358 2279 2721 2333 innocentiam
2758 2290 3097 2348 assequatur.
3135 2280 3260 2334 lude
3303 2296 3404 2335 au-

1842 2380 1945 2423 tem
1975 2368 2317 2423 manifestum
2355 2378 2438 2422 est
2466 2368 2735 2434 loquentis
2758 2369 3110 2421 humilitatem
3133 2369 3214 2423 his
3245 2371 3403 2423 dictis

1839 2464 2008 2533 magis
2045 2463 2294 2529 indicari,
2335 2478 2494 2531 quam
2552 2462 2878 2530 superbiam.
2910 2460 3102 2515 Judica
3134 2478 3212 2514 me
3234 2462 3402 2531 enim,

1844 2556 2038 2624 inquit,
2109 2557 2393 2608 secundant
2451 2552 2716 2623 justitiam
2773 2569 2958 2618 meum,
2998 2564 3044 2607 et
3094 2553 3268 2622 jndica
3318 2570 3403 2608 me

1838 2649 2120 2703 secundum
2173 2648 2524 2702 innocentiam
2586 2648 2637 2699 in
2694 2661 2778 2700 nte
2825 2648 3192 2701 exsistentcm.
3222 2645 3403 2715 Itaque

1833 2742 2098 2809 justitiam
2131 2740 2347 2808 quidem
2387 2755 2558 2792 meam
2610 2740 2900 2809 fragilitate
2949 2741 3181 2793 humana
3214 2740 3399 2792 adme-

1841 2837 1994 2897 tiens,
2031 2836 2109 2889 sic
2134 2834 2315 2902 judica
2350 2850 2433 2887 tne
2462 2853 2475 2887 :
2511 2850 2717 2887 morum
2755 2848 2878 2888 vero
2922 2849 3160 2887 meorum
3194 2834 3399 2902 simpli-

170 2925 381 2995 μαθὼν,
412 2926 484 2996 μὴ
518 2926 591 2987 ὡς
617 2924 725 2995 (Ἠ)
757 2924 981 2997 ὲντρεχῆ
1016 2942 1104 2995 με,
1143 2924 1274 2994 μηδὲ
1318 2925 1393 2987 ὡς
1423 2924 1737 2995 εὐπερίδλε-

1842 2926 2059 2977 eitatem
2097 2924 2302 2985 doctus,
2353 2936 2437 2976 me
2474 2938 2578 2976 non
2611 2934 2669 2976 ut
2708 2939 2979 2993 sagacem,
3020 2939 3192 2994 neque
3237 2936 3294 2979 ut
3349 2928 3399 2979 in

166 3035 297 3069 πτον
322 3021 403 3081 εἰς
422 3012 489 3070 τὰ
516 3018 606 3070 τοῦ
633 3018 834 3088 κόσμου
859 3017 1175 3087 πράγματα,
1211 3015 1382 3079 οὕτως
1407 3017 1739 3087 ἁμαρτάνον-

163 3108 231 3162 τά
264 3127 328 3179 με
349 3109 737 3180 καταδικάσῃς.
771 3106 1182 3176 Συντελεσθητω
1205 3106 1267 3177 δὴ
1300 3110 1530 3178 πονηρία
1564 3111 1739 3179 ἀμαρ-

164 3200 372 3253 τωλῶν.
423 3202 708 3269 Ἀντικρυς
759 3199 1003 3270 μαθητής
1057 3200 1173 3251 ἐστι
1213 3199 1322 3252 τῶν
1370 3200 1737 3268 εὐαγγελικῶν

167 3288 830 3361 προσταγμάτωνόταῦτα
872 3288 1183 3361 εὐχόμενος.
1215 3290 1577 3363 Προσεύχεται
1631 3292 1736 3365 γὰρ

168 3380 307 3451 ὑπὲρ
336 3382 444 3433 τῶν
475 3380 886 3452 ἐπηρεαζόντων
908 3382 1087 3446 αὐτὸν,
1110 3382 1273 3446 ἀξιῶν
1298 3381 1488 3453 πέρατι
1514 3384 1605 3434 καὶ
1627 3383 1737 3454 ὅρῳ

166 3472 268 3522 τινὶ
307 3472 410 3543 τὴν
450 3473 711 3544 πονηρίαν
734 3471 839 3525 τῶν
865 3473 1281 3544 ἁμαρτανόντων
1311 3471 1734 3544 περιγραφῆναι.

170 3564 375 3637 Ὥσπερ
398 3565 463 3619 ἂν
484 3567 634 3630 εἴτις
649 3567 787 3638 ὑπὲρ
804 3566 908 3619 τῶν
927 3566 1238 3636 καμνόντων
1265 3568 1325 3619 τὸ
1344 3566 1498 3636 σῶμα
1518 3583 1739 3635 προσευ-

169 3656 227 3725 χό
234 3675 390 3727 μενος
402 3658 568 3725 λέγοι·
584 3659 985 3728 Συντελεσθήτω
1000 3657 1062 3727 δὴ
1079 3660 1110 3728 ἡ
1125 3659 1274 3721 νόσος
1286 3659 1392 3712 τῶν
1405 3675 1474 3711 κα
1481 3657 1735 3728 μνόντων.

171 3749 282 3802 Ἵνα
296 3752 405 3821 γὰρ
425 3750 497 3820 μὴ
512 3750 602 3801 ἐπὶ
615 3749 771 3802 πλέον
789 3751 1030 3820 ἕρπουσα
1045 3750 1117 3813 ὼς
1131 3751 1238 3819 (7'2)
1253 3752 1557 3822 γάγγραινα
1570 3749 1737 3820 νομὴν

169 3838 460 3912 λαμϐάνῃή
482 3839 742 3910 ἁμαρτία,
757 3838 973 3910 εὔχεται
990 3840 1140 3912 παρὰ
1153 3840 1306 3903 Θεοῦ,
1328 3842 1518 3910 στῆναι
1530 3841 1622 3895 καὶ
1636 3844 1738 3910 ὁρι-

172 3931 358 4000 σθῆναι
375 3930 469 4001 την
484 3931 573 3982 ἐπὶ
587 3930 744 3983 πλέον
760 3931 914 4001 χύσιν
927 3933 1023 4002 τῆς
1039 3933 1329 4004 ἁμαρτίας,
1344 3935 1371 3985 ὁ
1382 3933 1605 3999 ἀγαπῶν
1616 3935 1739 3996 τοὺς

170 4023 389 4093 ἐχθροὺς
410 4020 592 4085 αὐτοῦ,
609 4022 700 4075 καὶ
718 4022 893 4085 καλῶς
907 4026 1077 4076 ποιεῖν
1100 4025 1222 4086 τοὺς
1246 4022 1531 4092 μισοῦντας
1550 4022 1732 4092 βουλό-

173 4129 344 4177 μενος,
370 4112 463 4164 καὶ
484 4111 569 4164 διὰ
582 4110 737 4164 τοῦτο
754 4114 1182 4183 προσευχόμενος
1200 4115 1339 4184 ὑπὲρ
1366 4111 1473 4164 τῶν
1498 4114 1732 4183 ἐπηρεα-

172 4202 360 4266 ζόντων
400 4204 701 4259 αὑτόν.Καὶ
740 4205 1385 4270 κατευθυνεῖςδίκαιον,
1415 4202 1588 4275 Εὺθὴς
1617 4204 1735 4257 ὁδί-

1842 3016 2025 3070 tnundi
2113 3015 2342 3084 negotiis
2395 3013 2887 3083 circumspectum,
2955 3016 3027 3069 ita
3094 3025 3399 3084 peccantem

1836 3107 2180 3159 condenmes.
2214 3106 2374 3158 Vens.
2433 3104 2518 3158 10.
2554 3104 2952 3158 Cousummemr
2993 3123 3129 3159 nunc
3170 3110 3400 3176 nequitia

1834 3208 2182 3266 peccatorum.
2222 3197 2345 3253 llaec
2375 3199 2464 3269 qui
2521 3208 2792 3266 precatur,
2826 3196 3011 3264 procul
3046 3198 3205 3252 dubio
3231 3213 3400 3254 evan-

1836 3292 2125 3361 gelicorum
2183 3300 2570 3360 prazeeptorum
2622 3288 2915 3358 discipulus
2966 3299 3067 3342 est.
3098 3288 3228 3345 Orat
3255 3291 3396 3345 enim

1836 3397 1932 3451 pro
1960 3382 2398 3452 persequentibus
2416 3382 2607 3451 ipsum,
2637 3381 2870 3449 petitque
2889 3390 2943 3435 ut
2976 3381 3077 3435 line
3099 3392 3153 3436 et
3174 3383 3400 3437 termino

1839 3475 2075 3543 quodam
2156 3482 2498 3540 peccatorum
2571 3472 2825 3539 iniquitas
2902 3471 3394 3527 circumscribatur.

1839 3567 2319 3633 Quemadmodum,
2353 3566 2398 3619 si
2466 3565 2588 3632 quis
2645 3579 2742 3632 pro
2796 3565 2861 3618 iis
2919 3566 3007 3634 qui
3064 3581 3211 3634 :egro
3274 3576 3398 3620 sunt

1838 3672 2081 3726 corpore,
2134 3657 2451 3725 deprecans,
2497 3654 2740 3709 diceret:
2790 3656 3204 3711 Consummetur
3258 3674 3397 3711 ltllltC

1838 3748 2208 3818 :rgrotantium
2270 3750 2509 3802 morbus.
2571 3747 2779 3802 Etenim
2840 3764 2904 3802 ne
2969 3762 3190 3816 setpeus
3238 3748 3397 3805 latius

1840 3852 2137 3912 peceatum,
2166 3840 2307 3894 velut
2331 3856 2612 3910 gangraena
2647 3840 2870 3893 ulterius
2896 3842 3240 3909 depascatur,
3267 3842 3397 3909 petit

1839 3951 1867 3987 ιι
1917 3935 2062 3998 Deo,
2123 3943 2182 3987 ut
2232 3932 2474 3996 sistatur,
2527 3932 3106 3999 circumscribaturun
3169 3932 3395 3999 amplior

1839 4028 2046 4096 peccati
2097 4025 2331 4080 eﬂusio:
2392 4024 2589 4092 quippe
2643 4024 2886 4076 inimicos
2932 4037 3059 4076 suos
3117 4024 3392 4090 diligebat,

1842 4120 2013 4188 iisque
2043 4116 2237 4185 quibus
2276 4115 2482 4167 invisus
2532 4121 2671 4173 erat,
2704 4112 2916 4166 volebat
2967 4112 3306 4178 benefacere,
3340 4129 3395 4170 et

1840 4210 1961 4264 ideo
1987 4205 2308 4277 precabatur
2354 4218 2451 4272 pro
2477 4206 2924 4274 persequentibus
2958 4206 3152 4273 ipsum.
3206 4204 3274 4257 Et
3308 4208 3391 4259 di-

170 4308 309 4358 καιος
324 4298 662 4367 ὀνομάζεται·
697 4296 965 4366 καὶεύθὴς
987 4298 1142 4368 η(75)
1165 4297 1359 4367 καρδία
1388 4299 1421 4367 ἡ
1442 4296 1731 4366 κατωρθωο

1842 4302 1978 4369 riges
2007 4297 2231 4369 justum.
2272 4293 2456 4350 Justus
2500 4295 2808 4349 nominatur
2858 4305 3034 4348 rectus
3068 4313 3082 4349 :
3120 4298 3247 4349 item
3276 4312 3391 4359 cor,

175 4382 318 4453 μένη.
334 4386 402 4437 Τί
416 4382 505 4439 οῦν
533 4386 772 4456 βούλεται
786 4386 1060 4455 ἐνταῦθαὴ
1079 4386 1347 4455 προσευχὴ
1361 4386 1730 4456 τῴΠροφήτῃ;

172 4472 395 4543 Εῦχεται
416 4477 522 4547 γὰρ
547 4478 637 4532 τὸν
655 4478 751 4550 ἥδη
780 4478 968 4548 ἔχοντα
986 4477 1082 4546 τὴν
1111 4476 1375 4547 εὐθύτητα
1406 4477 1729 4529 κατευθύνε-

174 4564 302 4619 σθαι.
321 4568 397 4620 Οὐ
414 4567 520 4637 γὰρ
542 4571 605 4622 ἀν
628 4588 707 4634 τις
725 4572 863 4624 εἴποι
892 4565 1029 4622 εἷναί
1061 4571 1182 4621 τιὲν
1216 4567 1291 4637 τῷ
1309 4567 1500 4637 δικαίῳ
1522 4566 1729 4618 σκολιὸν

172 4658 278 4710 οὐδὲ
293 4658 509 4729 διεστρα
516 4678 552 4728 μ
559 4662 713 4730 μένον
730 4662 849 4715 οὐδὲ
871 4660 1318 4732 στραγγαλιῶδες.
1336 4659 1485 4727 Τάχα
1499 4658 1552 4710 δὲ
1565 4659 1729 4727 ἀναγ-

176 4750 291 4804 καία
307 4750 450 4820 ὑπὲρ
476 4750 567 4804 τοῦ
594 4752 801 4805 δικαίου
824 4751 1103 4823 ήαῖτησις,
1127 4754 1213 4806 ἵνα
1230 4752 1287 4805 τὸ
1308 4750 1448 4804 κατὰ
1474 4750 1728 4821 πρόθεσιν

176 4844 322 4898 αὐτοῦ
358 4843 513 4907 stos;
542 4843 634 4896 καὶ
648 4844 706 4895 τὸ
730 4846 1080 4916 ἀδιάστροφον
1103 4845 1199 4913 τῆς
1216 4843 1456 4912 γνώμης,
1486 4842 1641 4896 τοῦτο
1660 4847 1722 4914 τῇ

178 4940 312 5009 παρὰ
332 4938 431 4993 τοῦ
457 4937 589 4991 Θεοῦ
616 4940 949 5009 χειραγωγία
978 4937 1333 5007 κατευθυνθῇ,
1357 4936 1432 4998 ὡς
1468 4938 1602 5009 μήτε
1626 4936 1727 4989 ὑπὸ

178 5028 445 5092 ἀσθενείας
478 5030 637 5085 αὑτὸν
675 5030 968 5083 ἀπονευσαί
1010 5046 1137 5082 ποτε
1182 5030 1273 5081 τοῦ
1307 5028 1466 5081 οἱονεὶ
1506 5028 1728 5090 κανόνος

179 5122 263 5189 τῆς
294 5121 551 5192 ἀληθείας
605 5121 734 5191 (74),
764 5123 897 5191 μήτε
941 5121 1043 5173 ὑπὸ
1088 5118 1180 5172 τοῦ
1208 5118 1402 5192 ἐχθροῦ
1445 5120 1541 5188 τῆς
1599 5119 1728 5189 ἀλη-

249 5214 290 5248 ⁶⁸
325 5212 487 5266 Prov.
516 5228 626 5278 xn',
663 5214 747 5268 15.

240 5301 343 5370 (70)
382 5303 600 5357 Variant
653 5304 766 5359 fere
814 5307 957 5359 inter
1003 5319 1061 5359 se
1120 5318 1251 5358 mss.
1284 5313 1415 5365 tum,
1470 5321 1589 5357 cum
1627 5319 1723 5353 vox

179 5372 419 5443 γεννητός
444 5376 702 5428 occurrit.
735 5376 1003 5429 Srribitnr
1022 5377 1165 5428 enim
1210 5376 1260 5426 in
1282 5442 1285 5443 ν
1308 5376 1426 5429 aliis
1452 5374 1729 5430 codicibus

181 5453 287 5507 cum
314 5442 536 5507 duplici
562 5462 590 5495 ν
624 5462 637 5495 :
666 5444 718 5498 in
755 5446 873 5497 aliis
906 5461 1025 5496 cum
1061 5446 1237 5498 unico.
1278 5442 1387 5495 Hoc.
1420 5446 1534 5501 loco
1564 5444 1728 5496 editio

185 5505 329 5589 Basil.
363 5505 426 5564 et
460 5511 605 5589 liegii
632 5516 833 5582 primus
867 5522 920 5567 et
942 5525 1131 5568 sextus
1168 5516 1390 5584 γενητῇ.
1430 5516 1605 5571 Editio
1624 5511 1725 5565 Pa-

186 5583 274 5650 ris.
288 5583 516 5650 γεννητῇ
526 5621 540 5634 .

244 5648 345 5721 (71)
384 5648 685 5724 verborum
734 5651 975 5724 illorum,
1015 5654 1087 5724 μὴ
1120 5655 1213 5717 ὼς,
1250 5654 1722 5724 ete.,ginterpreta-

188 5722 363 5774 llonem
402 5721 595 5774 melius
619 5721 903 5792 intelliges,
939 5724 980 5776 si
1008 5721 1332 5777 ea'invertas
1354 5764 1367 5780 .
1393 5722 1492 5777 hoc
1521 5721 1674 5775 modo
1701 5740 1713 5776 :

187 5800 362 5845 morum
405 5808 519 5848 rero
554 5805 782 5844 meorum
822 5794 1198 5863 simplicitatem
1246 5797 1455 5856 doctus,
1486 5796 1557 5847 ita
1602 5810 1729 5859 ιιεεο.

1836 4391 2034 4442 virtute
2062 4397 2333 4448 ornatum,
2357 4394 2574 4437 vocatur
2604 4391 2824 4435 rectum.
2846 4383 2981 4449 Quid
3003 4383 3164 4454 igitur
3190 4384 3277 4440 hic
3292 4388 3392 4442 sibi

1836 4481 1946 4535 vnit
1965 4479 2241 4549 PrOpbetae
2265 4475 2498 4543 precatio
2518 4473 2613 4529 ?Ol
2629 4484 2682 4527 at
2698 4476 2839 4529 enim
2859 4487 2914 4529 ut
2934 4476 2977 4531 is
2998 4477 3203 4546 quijam
3218 4490 3393 4533 reetus

1836 4582 1940 4639 est,
1960 4574 2236 4640 dirigatur.
2257 4566 2423 4623 Nemo
2452 4568 2594 4622 enim
2621 4568 2819 4624 dixerit
2848 4585 2967 4623 esse
2997 4571 3048 4623 in
3071 4571 3218 4639 justo
3240 4571 3393 4639 quid-

1834 4680 1992 4733 quam
2010 4662 2299 4730 obliqunm,
2315 4669 2407 4713 aut
2425 4672 2810 4727 transversum,
2824 4672 2913 4714 aut
2928 4671 3246 4716 tortuosum.
3264 4662 3395 4719 For-

1836 4757 1995 4811 tassis
2021 4763 2200 4809 autem
2260 4754 2562 4808 necessaria
2613 4762 2693 4807 cst
2728 4768 2826 4823 pro
2850 4752 2995 4820 justo
3041 4755 3303 4823 precatio,
3335 4767 3393 4811 ut

1835 4856 2043 4901 rectum
2072 4844 2235 4897 animi
2262 4844 2376 4912 ejus
2411 4842 2766 4911 propositum,
2785 4844 3394 4901 mentisitmnutabilitas

1835 4937 1928 4996 Dei
1964 4940 2126 4993 ductu
2158 4939 2450 5006 dirigatur,
2474 4953 2541 4992 ne
2562 4938 2775 5007 quando
2797 4953 2903 5007 prze
2922 4939 3234 4995 inﬁrmitate
3251 4957 3279 4993 a
3302 4956 3394 4996 ve-

1835 5032 2009 5085 ritatis
2042 5031 2194 5100 quasi
2218 5046 2423 5083 canone
2446 5030 2713 5096 deﬂectat,
2738 5046 2867 5084 neve
2882 5047 3001 5082 eum
3030 5033 3271 5087 veritatis
3293 5034 3391 5087 iui-

1848 5128 2016 5201 tnicus
2046 5125 2316 5194 perversis
2360 5124 2622 5194 dogmatis
2661 5125 2836 5178 laedat.
2873 5122 3125 5179 Scrutaris
3156 5131 3314 5180 corda
3343 5140 3391 5182 ct

1836 5312 2034 5375 rutilant
2060 5318 2143 5375 {ne
2186 5312 2496 5375 contemnet,
2526 5318 2626 5355 non
2664 5314 2728 5375 ut
2781 5318 3039 5375 sagacem,
3077 5321 3255 5375 neque,
3281 5316 3387 5362 etc.

1837 5373 1951 5443 Mox
1979 5372 2129 5428 Coll).
2158 5374 2414 5441 septimus
2442 5373 2852 5443 ἐπηρεαζόντων
2879 5371 3043 5443 αὐτῷ.

1904 5442 2013 5508 (72)
2054 5443 2198 5511 Regii
2250 5444 2452 5509 primus
2478 5441 2562 5498 et"
2587 5444 2774 5497 tertius
2815 5441 2907 5493 ἐπὶ

1832 5528 2041 5565 πτουσα
2073 5512 2167 5576 ὡς.
2209 5514 2309 5566 Alii
2348 5530 2476 5565 tnss.
2511 5524 2567 5566 ut
2593 5516 2739 5568 editi.

1903 5582 2014 5650 (75)
2051 5582 2139 5635 Sic
2191 5598 2320 5635 mss.
2360 5598 2477 5635 cum
2523 5586 2754 5638 editione
2806 5582 2970 5640 Basil.
3002 5586 3178 5643 Editie
3210 5587 3379 5644 Paris.

1830 5654 1995 5725 εὐθὺς
2014 5656 2153 5708 ὁ.....
2187 5653 2346 5725 εὐθὺς
2366 5656 2420 5723 ἡ.

1896 5722 2004 5793 (τί)
2028 5726 2175 5778 (λιιι).
2210 5722 2431 5791 quartus
2454 5724 2671 5788 κανόνος
2691 5726 2785 5795 τῆς
2819 5724 3048 5791 εὐθείας.

2950 5425 3130 5498 πλεῖον
3192 5448 3389 5519 προκό-
