4100 6312
693 371 802 426 2i;

2001 371 2057 427 S.
2100 371 2349 426 BASILII
2384 370 2595 427 MAGNI

3827 374 3933 427 ΞΗ

694 502 841 540 renes
873 483 1009 537 Deus
1038 483 1205 551 juste.
1260 483 1701 555 Quandoquidem
1747 485 2022 559 Scriptura
2071 491 2233 544 multi;

2360 489 2510 551 θείας
2569 492 2679 554 τοῖς
2737 490 3135 562 ἐνδιαστρόφοις
3194 491 3422 562 δόγμασι
3485 490 3929 561 παραδλαϐῆναι.

687 576 748 628 in
785 573 918 628 locis
941 588 1037 627 cor
1065 589 1162 643 pro
1190 569 1473 644 principali
1511 574 1705 630 animae
1741 588 1892 648 parte
1923 581 2143 649 accipit,
2169 596 2252 635 re-

693 679 791 719 nes
821 679 951 718 vero
998 680 1092 734 pro
1129 669 1544 737 concupiscente
1568 707 1584 732 ,
1632 667 1719 724 hic
1747 685 1961 740 quoque
2015 671 2250 739 idipsum

691 752 957 820 significat
993 770 1009 807 :
1050 753 1535 822 nitniranudica
1558 773 1654 821 me,
1691 757 1853 824 Deus,
1889 772 1995 815 tum
2020 775 2082 813 ex
2118 760 2251 814 meis

690 842 836 896 circa
860 843 1106 911 pietatem
1145 846 1430 915 dogmatis,
1470 852 1581 898 tum
1614 860 1679 900 ex
1698 850 1931 904 motibus
1960 847 2248 904 affectuum

690 947 932 986 meorum
972 952 985 988 :
1024 946 1078 990 tu
1107 951 1340 1004 namque
1367 937 1528 991 corda
1561 948 1616 993 et
1667 954 1821 996 renes
1869 941 2246 1010 perscrutaris.

685 1022 959 1078 Scrutatio
994 1027 1210 1095 pr0prie
1237 1036 1316 1080 est
1353 1027 1650 1095 inquisitio,
1689 1031 1974 1085 tormentis
1998 1031 2249 1085 omnibus

686 1112 958 1183 adjuncta,
989 1134 1148 1188 quam
1182 1120 1442 1175 adversus
1467 1125 1856 1178 examinandos
1882 1124 2142 1179 adhibent
2161 1124 2250 1192 ju-

684 1202 852 1270 diccs,
888 1219 945 1261 ut
968 1209 1000 1261 ii
1031 1209 1116 1276 qui
1153 1207 1203 1261 in
1233 1223 1292 1262 se
1327 1219 1509 1275 tegunt
1541 1214 1828 1280 postulata,
1857 1213 1906 1265 id
1934 1214 2074 1281 quod
2110 1213 2245 1267 late-

686 1294 797 1360 bat,
837 1297 889 1352 in
940 1297 1174 1350 medium
1216 1299 1264 1350 vi
1297 1299 1540 1354 dolorum
1575 1301 1872 1371 proferant.
1906 1299 2154 1356 Profecto
2191 1303 2244 1356 in

679 1385 875 1455 judicis
918 1386 1075 1457 104
1111 1390 1354 1444 ριςιιηὶηε
1388 1393 1562 1446 omnis
1626 1393 1829 1445 erroris
1880 1392 2087 1459 experti
2135 1402 2243 1446 tam

681 1475 1055 1545 cogitationes,
1108 1492 1267 1545 quam
1323 1479 1560 1534 actiones
1592 1492 1790 1534 nostra:
1837 1481 2240 1550 expenduntur.

680 1567 848 1620 Nemo
873 1566 1036 1636 igitur
1066 1583 1250 1622 verum
1270 1568 1505 1637 judicem
1528 1574 1843 1642 prazveniat,
1879 1582 2005 1626 ante
2036 1581 2244 1642 tempus

673 1658 876 1724 jmlicct
924 1677 1103 1726 nemo,
1161 1661 1510 1734 Quoadusque
1560 1668 1730 1718 veniat
1764 1666 2039 1732 Dominus,
2067 1668 2157 1735 qui
2192 1675 2242 1720 et

678 1750 997 1803 illuminubit
1050 1753 1356 1808 abscondita
1402 1755 1756 1818 tenebrarum,
1804 1768 1850 1810 et
1880 1759 2238 1844 manifestpbit

2374 576 2610 638 Ἐτιίζων
2660 580 2908 648 καρδίας
2954 579 3051 632 καὶ
3103 581 3354 648 νεφροὺς
3395 586 3427 636 ὁ
3478 581 3617 647 Θεὸς
3655 582 3930 645 δικαίως.

2372 670 2584 742 Ἐπειδὴ
2608 672 2834 742 καρδίαν
2859 675 2890 742 ή
2925 671 3112 742 Γραφὴ
3144 672 3400 743 πολλαχοῦ
3432 677 3521 727 ἐπὶ
3545 673 3637 727 τοῦ
3663 677 3934 744 ἡγεμονι-

2359 762 2453 814 κοῦ
2502 765 2943 835 παραλαμσάνει,
2989 765 3220 834 νεφροὺς
3271 767 3326 818 δὲ
3376 767 3638 837 πολλαχοῦ
3689 768 3788 820 ἐπὶ
3839 767 3932 818 τοῦ

2358 854 2746 926 ἐπιθυμητικοῦ
2780 857 2880 925 τῆς
2917 859 3114 929 ψυχῆς,
3149 857 3240 909 καὶ
3268 858 3493 912 ἐνταῦθα
3539 861 3599 912 τὸ
3647 859 3788 912 αὐτὸ
3827 877 3929 926 ση-

2359 945 2565 1013 μαίνει·
2602 947 2704 1011 ὅτι,
2751 946 2813 998 '0
2849 947 3007 1012 Θεὸς,
3043 948 3251 1016 κρῖνόν
3273 965 3348 1014 με
3371 948 3458 1000 ἐπί
3489 967 3545 1001 τε
3572 952 3682 1011 τοῖς
3708 948 3932 1016 δόγμαο

2357 1053 2438 1087 σιν
2467 1031 2545 1099 οἷς
2572 1036 2679 1107 ἔχω
2711 1038 2840 1108 περὶ
2887 1039 2983 1108 τῆς
3023 1037 3326 1100 εὐσεϐείας.
3356 1040 3445 1090 καὶ
3472 1040 3560 1092 ἐπὶ
3599 1041 3710 1101 τοῖς
3754 1041 3928 1108 κινήο

2357 1143 2487 1195 μασι
2525 1130 2636 1191 τοῖς
2667 1126 3014 1196 παθητικοῖς·
3054 1131 3118 1182 σὺ
3152 1128 3258 1198 γὰρ
3301 1122 3351 1180 εἷ
3377 1131 3406 1180 ὸ
3434 1128 3632 1192 ἐτὰζων
3683 1126 3928 1197 καρδίας

2354 1215 2447 1267 καὶ
2487 1215 2732 1286 νεφρούς.
2785 1217 3047 1286 Ἑτασμὸς
3077 1216 3280 1288 κυρίως
3307 1215 3448 1268 ἐστὶν
3493 1219 3522 1286 ἡ
3553 1215 3687 1285 μετά
3720 1215 3928 1266 πασῶν

2354 1303 2597 1371 βασάνων
2626 1303 3006 1375 προσαγομένη
3038 1306 3229 1377 ἔρευνα
3253 1305 3402 1374 παρά
3430 1306 3533 1357 τῶν
3564 1305 3764 1374 κριτῶν
3805 1307 3927 1364 τοῖς

2349 1393 2770 1465 ἐξεταζομένοις,
2821 1396 2908 1449 ἵνα
2957 1397 3006 1448 οἱ
3055 1398 3385 1468 κρύπτοντες
3432 1397 3554 1464 παρ’
3587 1399 3803 1458 ἑαυτοῖς
3853 1395 3927 1447 τὰ

2349 1486 2749 1556 ἐπιζητούμενα
2781 1490 2846 1558 τῇ
2879 1488 3088 1561 ἀνάγκῃ
3116 1489 3223 1541 τῶν
3264 1489 3436 1540 πόνων
3467 1491 3542 1550 εἰς
3578 1487 3635 1538 τὸ
3664 1487 3919 1556 ἐμφανὲς

2348 1579 2727 1649 καταστήσωσι
2774 1578 2832 1630 τὸ
2878 1577 3152 1632 λανθάνον.
3199 1581 3286 1633 Ἐν
3333 1578 3439 1649 γὰρ
3483 1580 3592 1639 τοῖς
3626 1577 3916 1648 ἀπαραλο-

2347 1670 2550 1738 γίστοις
2584 1669 2899 1740 ἐξετασμοῖς
2937 1670 3028 1722 τοῦ
3063 1672 3243 1742 κριτοῦ
3279 1671 3558 1734 ἐτάζονται
3606 1671 3702 1739 μὲν
3747 1670 3919 1738 ἡμῶν

2345 1763 2392 1812 οἱ
2433 1762 2708 1831 λογισμοὶ,
2758 1761 3034 1820 ἐτάζονται
3080 1764 3261 1816 δὲκαὶ
3301 1765 3355 1816 αἱ
3410 1761 3653 1833 πράξεις.
3701 1759 3919 1829 Μηδεὶς

676 1841 893 1894 consilia
926 1844 1158 1896 cordium
1185 1845 1250 1898 “.
1295 1843 1484 1911 Itaque
1518 1846 1645 1898 dum
1685 1857 1959 1901 scrutatur
1984 1841 2144 1902 corda
2183 1861 2233 1904 et

2341 1849 2432 1905 οῦν
2479 1852 2906 1923 προλαμϐανέτω
2955 1852 3065 1923 (75)
3110 1854 3196 1906 τὸν
3229 1853 3477 1926 ἀληθινὸν
3515 1851 3727 1923 κριτὴν,
3767 1849 3914 1920 μηδέ

678 1947 833 1986 renes
859 1933 1015 1997 Deus,
1045 1951 1195 1989 suam
1222 1937 1754 2006 ostenditjustit’ram.
1786 1939 1848 1992 Et
1871 1941 2085 2008 quidem
2112 1956 2236 1996 exa-

675 2025 932 2079 minatum
967 2035 1051 2081 est
1079 2041 1171 2080 cor
1201 2028 1452 2091 Abrahm,
1472 2044 1538 2082 an
1571 2030 1734 2085 Deum
1761 2046 1826 2084 ex
1859 2041 1964 2087 tota
1993 2048 2088 2087 sua
2127 2037 2240 2090 ani-

674 2133 759 2172 ma
809 2128 860 2172 et
896 2134 961 2172 ex
1014 2127 1127 2173 toto
1169 2121 1332 2173 corde
1378 2121 1644 2190 diligeret,
1700 2127 1917 2192 quando
1945 2123 2124 2193 jussus
2156 2134 2240 2180 est

672 2211 822 2266 Isaac
859 2226 957 2281 pro
998 2211 1313 2266 holocausto
1351 2212 1547 2267 offerre
1580 2232 1592 2269 :
1635 2227 1692 2268 ut
1727 2220 2061 2286 compertum
2096 2228 2241 2274 esset

672 2303 840 2357 filium
878 2318 1034 2362 suum
1069 2303 1135 2357 ab
1180 2304 1294 2373 ipso
1340 2319 1499 2374 supra
1535 2307 1698 2359 Deum
1729 2323 1834 2360 non
1869 2309 2059 2361 amari.
2097 2308 2241 2362 Exa-

672 2403 908 2448 mmatus
939 2405 1021 2449 est
1049 2405 1228 2450 autem
1267 2406 1320 2450 et
1342 2396 1531 2460 Jacob,
1561 2397 1744 2452 fratris
1779 2401 1987 2454 insidiis
2015 2402 2236 2470 petitus,

671 2497 730 2540 ut
755 2485 994 2541 fraterna
1031 2487 1200 2557 ipsius
1241 2489 1476 2543 Charitas
1510 2490 1650 2544 inter
1676 2499 1818 2544 tanta
1845 2491 1986 2545 Esau
2018 2503 2239 2560 peccata

669 2579 838 2632 nihilo
861 2579 1136 2633 remissior
1167 2591 1471 2649 appareret.
1496 2581 1886 2651 ltaquehorum
1910 2586 2071 2636 corda
2103 2600 2238 2638 exa-

670 2672 802 2725 mini
834 2672 983 2726 fuere
1013 2673 1274 2742 subjecta.
1302 2674 1439 2739 Quin
1469 2684 1522 2728 et
1556 2691 1714 2729 renes
1743 2673 1963 2744 Josephi
2011 2677 2235 2745 expensi

669 2763 907 2826 fuerunt,
954 2763 1194 2831 quando,
1247 2764 1449 2817 lasciva
1492 2763 1708 2818 domina
1741 2780 1924 2820 amore
1947 2764 2063 2833 ejus
2092 2767 2237 2820 insa-

667 2856 871 2920 niente,
903 2855 1163 2924 voluptati
1188 2855 1515 2926 turpiSsima:
1566 2858 1902 2912 honestatem
1959 2860 2234 2928 pudicltia:

663 2947 1070 3018 przetulit.‘ldeo
1093 2958 1268 3002 autem
1294 2951 1547 3018 probatus
1575 2959 1674 3014 est,
1717 2961 1773 3005 ut
1805 2951 2077 3005 communi
2099 2967 2235 3005 con-

667 3056 830 3096 sensu
858 3050 1189 3110 spectatores
1211 3040 1398 3108 jmlicii
1440 3043 1530 3094 Dei
1577 3042 1870 3097 faterentur
1898 3044 2020 3110 jure
2052 3044 2099 3098 ei
2134 3046 2230 3097 de-

669 3134 796 3185 l't-rri
831 3135 1108 3197 honorem,
1137 3134 1275 3201 quod
1307 3133 1444 3186 illius
1471 3134 1692 3187 castitas
1737 3137 1788 3186 in
1835 3136 2044 3204 magnis
2079 3137 2224 3188 neri-

664 3225 801 3278 culis
836 3225 1026 3278 mirum
1060 3226 1112 3277 in
1140 3225 1354 3277 modum
1385 3226 1660 3278 eluxisset.

2339 1945 2444 2014 πρὸ
2469 1943 2658 2014 καιροῦ
2685 1961 2767 2006 τις
2795 1944 3044 2015 κρινέτω,
3073 1946 3213 2011 Ἕως
3235 1947 3310 2000 ἂν
3339 1948 3484 2012 ἔλθῃ
3511 1948 3542 1998 ὁ
3569 1945 3804 2009 Κύριος,
3842 1940 3914 2006 ὃς

2338 2037 2434 2089 καὶ
2467 2037 2710 2104 φωτίσει
2756 2038 2826 2090 τὰ
2874 2037 3104 2105 κρυπτὰ
3139 2040 3240 2091 τοῦ
3272 2040 3549 2101 σκότους,
3589 2036 3684 2088 καὶ
3719 2050 3912 2102 φανε-

2329 2127 2511 2195 ρώσει
2539 2126 2644 2193 τὰς
2661 2127 2895 2193 βουλὰς
2921 2127 3036 2180 τῶν
3063 2129 3332 2196 καρδιῶν.
3371 2129 3456 2180 Ἐν
3484 2124 3574 2179 οὖν
3593 2127 3670 2195 τῷ
3693 2126 3913 2187 ὲτάζειν

2339 2220 2562 2290 καρδίας
2596 2222 2689 2289 καὶ
2723 2222 2951 2291 νεφροὺς
2991 2222 3018 2273 ὁ
3051 2222 3178 2283 Θεὸς
3210 2222 3268 2274 τὸ
3302 2219 3493 2274 ἐαυτοῦ
3525 2220 3739 2270 δίκαιον,
3767 2220 3910 2269 ἀνα-

2338 2313 2534 2381 φαίνει.
2590 2312 2823 2382 Ἠτάσθη
2871 2312 2968 2382 μὲν
2996 2307 3085 2364 οῦν
3115 2315 3146 2383 ἡ
3187 2313 3382 2383 καρδία
3413 2310 3506 2363 τοῦ
3551 2309 3827 2380 Ἀϐραὰμ,
3861 2311 3912 2361 εί

2339 2404 2528 2474 ἀγαπᾷ
2564 2403 2654 2455 τὸν
2696 2403 2830 2456 Θεὸν
2861 2403 2919 2466 ἐξ
2968 2403 3094 2472 ὅλης
3121 2405 3215 2474 τῆς
3247 2404 3422 2474 ψυχῆς
3466 2401 3627 2454 αὐτοῦ
3649 2443 3662 2463 ,
3716 2402 3813 2453 καὶ
3849 2402 3910 2466 ἐξ

2338 2496 2460 2563 ὅλης
2483 2495 2578 2564 τῆς
2605 2496 2850 2562 καρδίας,
2877 2496 2962 2547 ὅτε
2987 2495 3276 2564 ἐκελεύσθη
3303 2494 3654 2562 ὁλοκαύτωμα
3680 2495 3908 2558 ἀνενεγ-

2339 2591 2450 2639 κεῖν
2495 2589 2582 2640 τὸν
2637 2589 2840 2653 Ἰσαὰκ,
2878 2589 2962 2640 ἵνα
3001 2591 3160 2658 φανῇ,
3192 2589 3268 2640 ὅτι
3307 2590 3405 2640 οὐκ
3433 2588 3623 2656 ἀγαπᾷ
3651 2586 3739 2638 τὸν
3784 2587 3907 2636 υἱὸν

2338 2679 2475 2749 ὑπὲρ
2503 2680 2592 2731 τὸν
2618 2679 2777 2732 Θεόν·
2805 2680 3011 2750 ὴτάσθη
3045 2679 3101 2732 δὲ
3130 2680 3223 2732 καὶ
3261 2679 3451 2732 Ἰακὼὸ
3482 2678 3905 2746 ἐπιϐουλευόμε-

2337 2789 2421 2834 νος
2449 2771 2550 2822 ὑπὸ
2577 2771 2668 2822 τοῦ
2699 2770 2923 2837 ἀδελφοῦ
2947 2812 2959 2834 ,
2996 2772 3078 2822 ἵνα
3109 2771 3300 2842 λάμψῃ
3329 2773 3385 2822 ἐν
3424 2769 3692 2832 τοσούτοις
3722 2771 3908 2838 ἀμαρ-

2333 2861 2532 2928 τήμασι
2557 2859 2647 2912 τοῦ
2688 2859 2858 2912 Ἡσαῦ
2897 2862 2969 2929 μὴ
2995 2859 3375 2930 ἀμϐλυνομένη
3407 2858 3622 2926 αὐτοῦὴ
3656 2855 3905 2925 φιλαδελ-

2335 2951 2445 3018 φία.
2483 2952 2698 3003 Τούτων
2747 2952 2844 3020 μὲν
2874 2948 2964 3004 οὖν
2994 2954 3048 3003 αἱ
3085 2952 3302 3021 καρδίαι
3340 2950 3676 3018 ἡτάσθησαν·
3711 2947 3906 3016 νεφροὶ

2332 3042 2386 3093 δὲ
2414 3042 2727 3111 ἡτάσθησαν
2752 3041 2844 3092 τοῦ
2881 3039 3094 3110 Ἰωσὴφ,
3119 3041 3225 3101 ὅτε,
3250 3039 3598 3108 ἐπιμανείσης
3627 3036 3776 3105 αύτῴ
3799 3036 3906 3097 ἐἰς

2334 3133 2628 3186 ἀκολάστου
2657 3131 2956 3201 δεσποίνης,
2987 3133 3046 3182 τὸ
3079 3133 3270 3200 σεμνὸν
3299 3131 3394 3198 τῆς
3421 3128 3771 3196 σωφροσύνης
3797 3125 3904 3194 τῆς

2255 3205 2295 3262 C
2331 3225 2635 3294 ἀσχήμονος
2673 3224 2864 3293 ἡδονῆς
2912 3223 3290 3294 προετίμησεν.
3332 3223 3425 3283 Εἰς
3471 3220 3629 3273 τοῦτο
3671 3219 3728 3271 δὲ
3784 3218 3903 3285 (76)

658 3315 890 3387 ήτάσθη,
923 3317 1008 3368 ἵνα
1031 3319 1078 3369 οἱ
1130 3316 1317 3370 θεαταὶ
1347 3316 1446 3386 τῆς
1479 3318 1710 3388 κρίσεως
1773 3317 1867 3370 τοῦ
1931 3318 2064 3372 Θεοῦ
2121 3316 2421 3371 συνθῶνται
2456 3318 2676 3380 δικαίως
2710 3317 3116 3386 ἀπονεμομένην
3162 3315 3308 3385 αὐτῷ
3346 3316 3444 3383 τὴν
3483 3313 3677 3383 τιμὴν,
3709 3312 3796 3364 διά
3841 3309 3903 3362 τὸ

660 3411 719 3463 ἐν
760 3409 1012 3480 μεγάλοις
1053 3410 1493 3481 δοκιμαστηρίοις
1534 3411 1884 3481 ὑπερλάμψαι
1928 3412 2088 3465 αὐτοῦ
2124 3411 2222 3483 τὴν
2261 3411 2582 3481 σεμνότητα.

731 3507 782 3559 7.
814 3505 977 3559 Vens.
1029 3505 1112 3558 Η.
1150 3507 1423 3558 Auxilium
1461 3523 1628 3559 meum
1667 3524 1696 3557 a
1733 3506 1971 3561 Domino.
2007 3508 2230 3577 Proprie

660 3597 750 3666 qui
785 3607 1188 3666 oppugnantur,
1221 3597 1478 3652 adversus
1507 3598 1735 3666 impetus
1782 3601 2004 3654 hostiles
2032 3601 2229 3655 iii-bel-

659 3687 728 3740 lis
763 3686 1021 3739 auxilium
1053 3695 1320 3755 quaerunt.
1354 3689 1418 3742 Et
1453 3689 1539 3743 hic
1567 3689 1749 3757 itaque
1785 3690 2083 3746 invisibiles
2102 3706 2228 3745 suos

663 3775 913 3833 inimiCos
942 3779 1182 3833 sentiens
1214 3779 1499 3849 quispiam,
1529 3781 1940 3851 periculumque
1962 3782 2103 3850 quod
2126 3782 2227 3836 sibi

661 3871 730 3925 ab
769 3869 1001 3924 inimicis
1025 3869 1198 3940 ipsum
1251 3872 1773 3929 circumsedentibus
1815 3873 2106 3943 impendet,
2146 3874 2227 3927 in-

665 3976 843 4029 tuens,
872 3963 1014 4017 dicet
1045 3963 1374 4017 :.Auxilium
1426 3980 1604 4017 meum
1634 3982 1737 4018 non
1771 3981 1836 4019 ex
1871 3967 2094 4031 divitiis,
2133 3981 2227 4020 ne-

658 4069 764 4123 que
795 4069 860 4106 ex
897 4054 1004 4107 ullo
1042 4054 1308 4123 corporali
1341 4055 1600 4123 subsidio,
1633 4071 1808 4125 neque
1854 4072 1920 4111 ex
1966 4058 2223 4126 potentia,

658 4157 750 4199 aut
776 4146 910 4201 meis
936 4146 1160 4208 viribus,
1193 4161 1364 4212 neque
1394 4162 1460 4202 ex
1490 4147 1593 4201 ulla
1617 4151 1938 4218 cognatione
1969 4151 2223 4218 humana,

659 4237 752 4291 scd
790 4237 1064 4290 Auxilium
1098 4254 1264 4290 meum
1297 4255 1326 4290 a
1357 4237 1600 4291 Domino.
1634 4239 1804 4305 Quale
1828 4251 2006 4292 autem
2051 4243 2226 4295 mittat

657 4329 912 4382 auxilium
943 4328 1254 4383 timentibus
1281 4346 1341 4383 se
1380 4332 1656 4394 Dominus,
1691 4333 1815 4387 alibi
1848 4350 1874 4385 a
1909 4333 2116 4401 psalmo
2142 4335 2227 4388 di-

657 4418 886 4472 dicimus
937 4419 1187 4474 dicente:
1248 4419 1500 4474 Immitlet
1524 4429 1736 4492 angelus
1784 4424 1994 4477 Domini
2027 4426 2079 4478 in
2115 4427 2224 4478 cir-

655 4512 800 4563 cuitu
830 4511 1121 4564 timentium
1151 4529 1291 4577 eum,
1319 4525 1365 4566 et
1398 4516 1583 4581 eripiet
1611 4532 1694 4568 eos
1727 4517 1791 4572 ⁸⁷.
1825 4517 1886 4568 Ει
1916 4517 2038 4572 alibi
2069 4537 2079 4571 :
2119 4517 2226 4569 An-

656 4604 800 4672 gelus
823 4605 911 4672 qui
941 4603 1076 4656 eruit
1109 4621 1188 4658 me
1216 4607 1282 4659 ⁸⁸.
1314 4606 1418 4670 Qui
1446 4607 1619 4661 salvos
1668 4609 1797 4677 facit
1843 4620 2010 4663 rectos
2045 4610 2220 4665 corde.

665 4693 864 4747 ﬂectus
900 4694 1065 4749 corde
1103 4695 1146 4748 is
1183 4705 1285 4758 est,
1315 4698 1466 4766 cujus
1490 4700 1704 4754 animus
1732 4716 1902 4770 neque
1938 4703 2002 4753 ad
2038 4717 2224 4756 exces-

2403 3506 2453 3560 7.
2511 3505 2579 3559 Ἠ
2603 3504 2853 3571 ,ϐοήθειά
2879 3521 2998 3573 μου
3032 3502 3188 3570 παρὰ
3229 3500 3333 3554 τοῦ
3369 3499 3534 3553 Θεοῦ.
3582 3497 3801 3567 Κυρίως
3837 3499 3901 3548 ἐν

2328 3597 2583 3667 πολέμοις
2621 3597 2761 3650 κατά
2804 3596 2902 3656 τὰς
2949 3595 3166 3664 ἐφόδους
3199 3592 3303 3645 τῶν
3342 3592 3593 3645 ἐναντίων
3637 3591 3734 3650 τὰς
3768 3588 3897 3657 βοη-

2327 3692 2474 3755 θείας
2504 3692 2857 3764 ἐπιζητοῦσιν
2875 3692 2922 3742 οί
2949 3687 3356 3758 πολεμούμενοι.
3391 3688 3499 3739 Καὶ
3528 3683 3760 3737 ἐνταῦθα
3782 3683 3896 3733 τοί-

2325 3802 2418 3837 νυν
2455 3785 2482 3835 ὁ
2513 3783 2619 3836 τῶν
2657 3784 2904 3854 ἀοράτων
2937 3780 3142 3851 ἐχθρῶν
3174 3779 3366 3831 ἐαυτοῦ
3412 3775 3895 3843 ἐπαισθανόμενος,

2326 3878 2419 3929 καὶ
2444 3876 2534 3928 τὸν
2563 3875 2842 3944 ἐφεστῶτα
2873 3872 3016 3942 αῦτῴ
3041 3871 3279 3924 κίνδυνον
3303 3868 3452 3940 παρὰ
3473 3867 3578 3919 τῶν
3603 3883 3668 3917 πε
3676 3881 3794 3935 ριστ
3805 3881 3895 3933 ρα-

2325 3967 2760 4038 τοπεδευομένων
2796 3967 2953 4019 αὑτὸν
2980 3964 3252 4034 πολεμίων
3283 3961 3444 4032 ὁρῶν,
3478 3960 3592 4028 ἐρεῖ
3615 3975 3628 3987 ο
3682 3957 3746 4008 'H
3779 3955 3898 4023 βοή-

2326 4058 2447 4111 θειά
2484 4076 2582 4128 μου
2611 4058 2710 4110 οὐκ
2742 4061 2804 4110 ἐκ
2835 4055 3080 4117 πλούτου,
3111 4053 3231 4106 οὐδὲ
3263 4054 3324 4104 ἐκ
3361 4047 3682 4120 σωματικῶν
3722 4047 3891 4115 ἀφορ-

2329 4152 2464 4221 μῶν,
2509 4150 2627 4201 οὐδὲ
2682 4152 2746 4202 ἐκ
2785 4147 3060 4217 δυνάμεως
3104 4146 3200 4198 καὶ
3229 4143 3412 4213 ἰσχύος
3459 4141 3618 4211 ἐμῆς,
3668 4139 3786 4190 οὐδὲ
3831 4139 3894 4188 ἐκ

2329 4243 2644 4311 συγγενείας
2677 4240 3041 4311 ἀνθρωπίνης,
3070 4238 3180 4291 ἀλλ’
3225 4237 3294 4290 'H
3319 4231 3566 4298 ,ϐοήθειά
3586 4249 3704 4299 μου
3737 4228 3893 4295 παρὰ

2325 4337 2428 4388 τοῦ
2465 4335 2632 4388 Θεοῦ.
2673 4335 2924 4403 Ποταπὴν
2969 4332 3024 4384 δὲ
3069 4329 3382 4400 συμμαχίαν
3423 4323 3741 4378 ἀποστέλλει
3781 4323 3891 4381 τοῖς

2328 4429 2488 4498 φοϐον
2500 4429 2679 4498 μένοις
2709 4427 2864 4479 αὐτὸν
2894 4429 2921 4478 ὁ
2964 4425 3196 4495 Κύριος,
3229 4420 3458 4490 ἀλλαχοῦ
3493 4418 3895 4489 μεμαθήκαμεν

2325 4521 2418 4572 τοῦ
2449 4518 2663 4590 ψαλμοῦ
2697 4518 2970 4585 λέγοντος·
3006 4512 3648 4584 Παρεμϐαλεῐᾶῖηηελος
3678 4511 3891 4575 Kvplcv

2326 4612 2526 4674 κύκλῳ
2561 4610 2677 4663 τῶν
2713 4608 3096 4677 φοϐουμένων
3127 4606 3339 4666 αὑτὸν,
3372 4605 3466 4654 καὶ
3497 4604 3752 4669 ῥύσεται
3787 4603 3890 4652 αὺ-

2324 4704 2498 4768 τούςο
2538 4703 2630 4755 καὶ
2671 4700 2937 4771 ἀλλαχοῦ⁶
2990 4701 3052 4752 '0
3085 4698 3333 4768 ἅγγελος
3379 4699 3410 4748 ὀ
3454 4693 3752 4761 ρυόιιενίῗς
3795 4708 3886 4758 με.

656 4801 796 4850 sunt,
831 4801 1001 4855 neque
1028 4786 1092 4840 ad
1122 4787 1387 4842 defectum
1425 4791 1616 4858 vergit,
1650 4795 1742 4847 sed
1771 4794 1835 4847 ad
1865 4795 2096 4848 medium
2115 4796 2223 4848 vir-

2336 4795 2444 4848 Τοῦ
2498 4793 2786 4858 σώζοντος
2841 4793 2983 4858 τοὺς
3045 4791 3236 4855 εὐθεῖς
3297 4786 3367 4855 τῇ
3429 4786 3664 4854 καρδίᾳ.
3723 4784 3891 4844 Εὐθὺς

656 4877 787 4931 tutis
819 4877 1089 4949 dirigitur.
1141 4878 1239 4945 Qui
1297 4882 1440 4935 enim
1485 4899 1513 4934 a
1548 4883 1858 4940 fortitudine
1897 4888 1963 4940 ad
2014 4888 2220 4942 minora

656 4967 906 5030 ιΙι-Πιεεῑίι,
965 4969 1251 5024 timiditate
1299 4973 1662 5040 pervertitur;
1715 4978 1804 5043 qui
1836 4993 1964 5033 vero
1994 4982 2060 5032 ad
2107 4995 2220 5033 ma-

651 5059 768 5123 jora
807 5059 1178 5128 progreditur,
1234 5061 1502 5116 delabitur
1556 5063 1608 5117 in
1661 5067 1965 5121 audaciam.
2015 5069 2218 5135 Quam-

656 5150 842 5203 obrcm
873 5149 1243 5219 hujuscemodi
1275 5154 1522 5210 homines
1563 5157 1653 5224 qui
1685 5172 1712 5209 a
1749 5157 1924 5210 medio
1964 5160 2222 5216 aberrant

655 5242 736 5295 vel
773 5256 1019 5304 excessu,
1056 5242 1141 5296 vel
1173 5245 1408 5310 defectu,
1442 5247 1766 5317 obliquos'et
1790 5249 2036 5303 obtortos
2074 5253 2221 5306 Scri-

655 5342 808 5402 ptura
838 5336 1077 5388 nominat
1107 5336 1172 5387 ".
1220 5336 1680 5402 Quemadmodum
1733 5341 1873 5394 cnim
1917 5342 2053 5395 linea
2086 5345 2221 5398 obli-

726 5491 770 5522 ⁸⁶
797 5493 814 5546 l
841 5493 964 5548 Cor.
991 5513 1064 5556 Iv.
1089 5497 1141 5552 5.
1223 5499 1262 5528 ⁸⁷
1295 5497 1431 5551 Psal.
1466 5515 1654 5556 sunt.
1676 5502 1725 5553 S.

867 5628 1016 5703 (loli).
1048 5645 1274 5699 quartus
1300 5631 1630 5703 προλαϐέτω.

730 5695 839 5773 (ῖϐ)
881 5696 1010 5767 Reg.
1053 5695 1244 5773 tertius
1381 5707 1628 5755 τοσοῦτον
1665 5704 1739 5755 δέ.
1789 5708 2070 5773 ΛΙιιιιιιιιιιιι
2108 5719 2224 5773 ιιυ--ι

661 5765 812 5822 Colh.
848 5765 1074 5836 quaitus
1130 5771 1379 5842 βοηθείας
1437 5775 1703 5844 ζητοῦσιν.
1751 5765 2061 5829 Mox-idem
2108 5765 2221 5829 ἰιιδ,

1806 5503 1847 5531 ⁸⁸
1871 5499 2003 5554 Ceu.
2037 5520 2220 5566 sum,
2265 5506 2350 5560 iG.

2328 4887 2443 4939 ἐστι
2481 4887 2591 4955 (ΣΠ)
2618 4888 2683 4955 τῇ
2720 4886 2915 4956 καρδίᾳ
2941 4888 2969 4937 ὁ
2993 4886 3081 4937 τὸν
3111 4882 3364 4952 λογισμὸν
3397 4881 3470 4950 μὴ
3496 4879 3636 4950 ἔχων
3665 4879 3890 4948 ῥέποντα

2329 4979 2464 5050 πρὸς
2496 4977 2796 5049 ὑπερϐολὴν
2843 4978 2973 5048 μηδὲ
3010 4976 3272 5044 ἔλλειψιν,
3303 4974 3417 5028 ἀλλ’
3462 4972 3889 5040 ἀπευθυνόμενος

2328 5072 2462 5142 πρὸς
2494 5071 2554 5123 τὸ
2586 5071 2748 5140 μέσον
2790 5072 2886 5141 τῆς
2915 5070 3130 5140 ἀρετῆς.
3180 5069 3237 5122 Ὀ
3265 5067 3372 5138 γὰρ
3404 5067 3510 5120 ἀπὸ
3547 5066 3645 5133 τῆς
3677 5063 3888 5132 ἀνδρίας

2327 5164 2419 5216 ἐπὶ
2445 5163 2505 5214 τὸ
2532 5162 2751 5216 ἔλαττον
2792 5160 3157 5233 παρεκκλίνας
3183 5159 3322 5213 κατά
3350 5157 3547 5209 δειλίαν
3573 5154 3884 5224 διαστρέφε-

2326 5272 2414 5307 ται
2436 5271 2448 5283 ’
2483 5257 2510 5307 ὀ
2537 5254 2593 5307 δὲ
2628 5256 2721 5307 ἐπὶ
2766 5256 2920 5308 πλέον
2963 5252 3287 5324 ὑπερταθεὶς
3327 5252 3416 5302 ἐπὶ
3447 5249 3544 5318 τὴν
3580 5248 3888 5319 θρασύτητα

2328 5345 2626 5399 ἀποκλίνει.
2661 5347 2857 5416 Διόπερ
2888 5345 3108 5408 τούτους
3139 5345 3379 5404 σκολιοὺς
3406 5343 3438 5411 ἡ
3471 5340 3664 5410 Γραφὴ
3701 5337 3885 5406 ὀνομά-

2427 5508 2469 5537 ⁶⁹
2501 5506 2675 5562 Levit.
2712 5524 2856 5569 xxvt,
2885 5506 2972 5558 ⁵21.

2333 5639 2743 5710 ἐπαισθόμενος.
2777 5639 2915 5692 Infra
2946 5637 3078 5706 Reg.
3109 5638 3297 5692 tertius
3330 5636 3437 5688 τῶν
3472 5633 3884 5706 στρατοπεδευο-

2337 5713 2400 5777 μέ,
2414 5727 2527 5761 λων.

2409 5780 2518 5847 (Τῖ)
2546 5778 2676 5850 Reg.
2721 5780 2912 5834 tertius
2936 5790 2986 5834 ct
3018 5779 3166 5835 Colb.
3198 5787 3424 5848 quartus
3457 5775 3616 5848 εύθὴς
3637 5777 3768 5827 ἐστι.
