4092 6318
151 364 286 421 245
1382 359 1664 420 IIOMILIA
1704 365 1771 420 IN
1813 367 2138 424 PSALMUM
2173 370 2283 426 VII.
3319 375 3419 430 '2l6

155 481 286 549 ζει,
324 483 454 546 τοὺς
483 483 601 546 ταῖς
635 483 961 557 ὑπερϐολαῖς
992 485 1085 540 καὶ
1134 485 1402 557 ἐλλείψεσι
1447 486 1542 540 τοῦ
1591 489 1742 559 μέσοι

1860 505 1962 560 qua
1991 491 2067 557 lit,
2098 507 2218 546 cum
2236 491 2350 560 ejus
2377 493 2644 548 rectitude
2662 491 2887 547 modoin
2911 505 3232 556 convexum,
3264 497 3420 550 modo

153 576 669 647 διαμαρτάνοντας.
710 580 920 649 Ὥσπερ
963 579 1071 652 γὰρ
1117 581 1306 635 σκολιὰ
1342 579 1575 654 γραμμὴ
1613 583 1742 651 γίνε·

1857 582 1909 636 in
1933 596 2227 638 concavum
2270 581 2596 652 diﬂ'ringitur
2629 601 2644 638 :
2701 581 2780 639 sic
2827 582 2989 637 etiam
3028 582 3304 653 obliquum
3328 599 3422 638 cor

155 687 290 730 ται,
331 669 462 722 ποτὲ
494 671 590 742 μὲν
624 671 717 725 ἐπὶ
755 671 816 724 τὸ
857 674 1075 747 κυρτὸν,
1108 675 1238 728 ποτὲ
1270 673 1326 728 δὲ
1359 675 1452 728 ἐπὶ
1479 677 1541 728 τὸ
1579 678 1742 732 κοῖλοι

1855 684 1956 741 est,
1989 675 2132 744 quod
2183 690 2324 732 nunc
2371 689 2466 746 per
2487 674 2803 745 iactantiam
2836 675 3308 745 arrogantiamque
3337 675 3420 731 ef-

152 763 277 833 τῆς
307 762 525 830 εὐθείας
551 763 992 841 διακλασθεεσης·
1026 768 1166 822 οὕτω
1197 767 1287 821 καὶ
1323 767 1511 821 σκολιὰ
1539 771 1742 843 καρδία,

1855 767 2048 832 fertur,
2084 783 2226 822 nunc
2277 779 2454 823 autem
2493 781 2589 836 per
2639 769 2918 825 molestias
2940 776 2994 821 et
3032 767 3195 821 animi
3221 767 3422 822 demis-

155 851 274 906 νῦν
319 853 421 926 μὲν
453 856 729 930 ὑψουμένη
765 857 832 913 δι’
863 861 1198 926 ἀλαζονείαν,
1236 861 1330 915 νῦν
1373 862 1429 913 δὲ
1473 879 1753 918 ταπεινου-

158 946 319 1022 μένη
352 949 438 1005 διὰ
470 949 644 1015 λύπας
671 953 764 1007 καὶ
797 953 1074 1016 συστολάς.
1117 955 1315 1025 Διόπερ
1356 956 1519 1025 φησὶν
1558 960 1585 1011 ὁ
1628 960 1750 1012 Ἐκ-

156 1041 533 1113 κλησιαστὴς.
565 1045 645 1099 ὅτι
675 1045 1150 1116 Διεστραμμένον
1179 1047 1290 1118 (78)
1323 1050 1394 1102 οὐ
1427 1055 1750 1105 κατευθυν-

154 1135 449 1204 θήσεται.
488 1135 540 1189 '0
576 1140 719 1205 Θεὸς
743 1139 949 1207 κριτὴς
977 1138 1205 1205 δίκαιος
1241 1140 1338 1194 καὶ
1366 1143 1612 1212 ὶσχιφὸς
1650 1142 1748 1195 καὶ

145 1229 576 1298 μακρόθυμος,
603 1231 700 1283 καὶ
727 1229 813 1299 μὴ
845 1230 1030 1300 ὀργὴν
1061 1231 1296 1303 ἐπάγων
1323 1235 1450 1290 καθ’
1479 1235 1750 1301 ἑκάστην

153 1318 409 1388 ἡμέραν
440 1321 571 1392 (79).
602 1321 769 1375 Τοῦτο
798 1321 972 1377 ἔοικεν
1001 1325 1411 1396 ἀποτεινόμενος
1452 1327 1587 1399 πρὸς
1624 1325 1750 1388 τούς

156 1427 309 1463 ποτε
345 1412 457 1483 (80)
488 1414 1001 1487 ταραχθησομένους
1031 1419 1122 1470 ἐπὶ
1153 1421 1265 1480 τοῖς
1297 1420 1693 1490 συμΰεὸηκόσιν
1720 1419 1748 1471 ὁ

156 1498 474 1572 Προφήτης
506 1503 866 1575 διαλέγεσθαι,
895 1509 1060 1560 οἱονεὶ
1106 1506 1480 1560 καταστέλλων
1514 1508 1623 1562 τῶν
1654 1509 1749 1562 ἀν-

156 1589 415 1659 Θρὼπων
448 1593 544 1666 τὴν
575 1597 838 1668 ταραχὴν,
894 1598 1102 1668 μήποτε
1168 1597 1506 1668 ἀπιστήσωσι
1536 1600 1646 1670 (81)
1678 1601 1745 1670 τῇ

155 1682 302 1752 περὶ
331 1683 441 1738 τῶν
471 1685 606 1740 ὅλων
635 1689 879 1759 προνοίᾳ.
904 1687 1135 1758 ὁρῶντες
1161 1689 1508 1761 ἀνεκδίκητον
1534 1691 1746 1762 πατέρα

155 1775 260 1826 ἐπὶ
297 1776 418 1828 υἱοῦ
447 1776 830 1842 ἐπαναστάσει,
863 1779 958 1831 καὶ
990 1780 1088 1849 τὴν
1123 1781 1386 1853 πονηρίαν
1419 1781 1513 1835 τοῦ
1560 1781 1745 1834 Ἀϐεσ-

1854 857 2059 912 sionem
2090 855 2360 924 dejicitur.
2391 857 2514 912 Ideo
2564 854 2924 914 Ecclesiastes
2952 856 3030 911 ait
3057 875 3071 911 :
3115 855 3418 911 Perversum

1856 963 1957 1002 non
1986 948 2243 1018 dirigetur
2267 947 2334 1004 ⁷ο.
2364 949 2522 1003 Vsus.
2557 946 2644 1001 li.
2667 947 2804 1002 Deus
2825 951 2995 1019 judea:
3008 948 3208 1022 justus,
3238 960 3282 1002 et
3310 949 3415 1018 {or-

1852 1047 1941 1110 tis,
1976 1054 2023 1099 et
2051 1042 2388 1112 longanimis,
2415 1055 2462 1099 et
2499 1061 2602 1098 non
2625 1042 2760 1096 iram
2787 1045 3051 1098 adducens
3070 1060 3162 1114 per
3180 1040 3430 1118 singulos

1854 1136 1985 1190 dies.
2013 1137 2122 1191 ﬂos
2152 1136 2244 1206 qui
2278 1135 2566 1205 aliquando
2595 1137 2664 1192 ob
2698 1150 2876 1190 rerum
2903 1147 3126 1192 eventus
3168 1134 3416 1192 turbandi

1853 1237 2008 1282 erant
2032 1226 2402 1284 vehementius
2445 1229 2696 1283 adoriens
2735 1226 3039 1296 Propheta,
3086 1228 3186 1282 hoc
3237 1230 3419 1283 dicere

1855 1317 2085 1382 videtur,
2116 1318 2276 1373 veluti
2307 1319 2502 1374 sedans
2533 1319 2810 1375 hominum
2845 1318 3324 1390 perturbationem,
3350 1334 3418 1373 nc

1852 1410 2068 1478 quando
2095 1410 2450 1479 providentia:
2477 1412 2726 1465 universa
2779 1409 3083 1466 moderanti
3131 1407 3372 1464 dillidant
3400 1451 3415 1475 ,

1851 1514 1975 1554 cum
2006 1499 2237 1554 viderint
2259 1511 2489 1569 patrem,
2523 1499 2634 1555 lilio
2667 1501 2718 1554 in
2744 1515 2865 1554 eum
2913 1503 3245 1570 insurgentc,
3279 1498 3418 1553 inul-

1854 1601 1963 1645 tum
1993 1591 2243 1660 relinqui,
2282 1601 2338 1646 et
2378 1594 2673 1662 nequitiam
2710 1591 2866 1663 105
2910 1592 3196 1648 Absanuis
3248 1593 3298 1646 in
3353 1593 3418 1647 iis

1851 1697 1972 1749 qua:
2011 1694 2368 1754 proposuerat
2393 1682 2627 1738 feliciter
2669 1687 2982 1755 procedere.
3039 1685 3223 1754 Itaque
3257 1684 3415 1738 stoli-

1853 1773 1949 1829 das
1978 1789 2164 1829 eorum
2195 1774 2554 1843 cogitationes
2584 1776 2884 1844 corrigens,
2922 1776 2973 1830 id
3009 1777 3088 1830 eis
3123 1776 3413 1831 testimonii

155 1867 370 1937 σαλὼμ
395 1869 752 1940 εὐοδουμένην
776 1871 832 1923 ἐν
859 1867 938 1934 οἷς
960 1871 1235 1944 προέθετο.
1257 1873 1474 1946 Διορθού
1483 1890 1641 1945 μενος
1660 1869 1742 1928 οὖν

1857 1866 2004 1919 dedit
2039 1887 2051 1920 :
2080 1866 2223 1921 Deus
2243 1867 2416 1936 judea:
2444 1865 2624 1937 justus
2646 1876 2694 1920 et
2727 1866 2901 1936 fortis,
2933 1877 2981 1921 et
3013 1866 3414 1936 longanimis,ct

155 1957 359 2011 αὐτῶν
396 1959 457 2012 τὸ
494 1961 552 2013 ὲν
593 1964 704 2026 τοῖς
745 1962 1022 2034 λογισμοῖς
1065 1965 1309 2037 ἀνόητον,
1355 1966 1753 2040 διεμαρτύρατο

152 2047 360 2114 αὐτοῖς
383 2067 396 2080 ·
449 2051 510 2104 '0
544 2053 687 2118 Θεὸς
716 2054 922 2123 κριτὴς
965 2056 1194 2121 δίκαιος
1235 2058 1333 2110 καὶ
1377 2060 1623 2134 ἰσχυρὸς
1654 2059 1751 2113 καὶ

147 2145 573 2215 μακρόθυμος,
608 2145 708 2199 καὶ
731 2146 817 2216 μὴ
853 2148 1039 2218 ὀργνὴν
1064 2149 1301 2216 ἐπάγων
1325 2154 1452 2205 καθ’
1483 2153 1752 2223 ἑκάστην

155 2235 423 2304 ἡμέραν.
473 2239 586 2291 Οὐκ
631 2239 870 2311 ἀκρίτως
909 2259 961 2294 τι
1012 2240 1221 2308 γίνεται
1274 2239 1382 2294 τῶν
1428 2246 1747 2315 γινομένων,

153 2326 307 2380 ἀλλὰ
354 2331 468 2390 τοῖς
501 2329 734 2383 ἑκάστου
780 2332 998 2403 μέτροις
1045 2333 1361 2403 ἁντιμετρεῖ
1403 2335 1432 2386 ὁ
1467 2334 1618 2401 Θεὸς,
1668 2333 1748 2402 οἷς

156 2414 461 2486 προλαϐὼν
502 2419 855 2490 ἁπεμέτρησε
901 2421 999 2483 τὰς
1036 2422 1174 2474 κατὰ
1216 2423 1305 2475 τὸν
1346 2423 1458 2494 βίον
1503 2427 1746 2496 πράξεις.

171 2505 343 2561 Ἐπεὶ
390 2503 483 2564 οὖν
534 2510 847 2582 πέπρακταί
898 2512 986 2582 μοι
1019 2530 1101 2576 τις
1149 2515 1413 2585 ἁμαρτία,
1463 2518 1601 2570 κατὰ
1653 2517 1749 2588 τὴν

155 2601 327 2668 ἀξίαν
351 2602 448 2676 τὴν
474 2605 708 2676 ἐμαυτοῦ
734 2606 1132 2679 ἁντιλαμϐάνω.
1161 2608 1256 2678 Μὴ
1279 2611 1486 2665 τοίνυν
1511 2613 1751 2666 λαλεῖτε

145 2697 321 2748 ’κατὰ
371 2697 476 2750 τοῦ
516 2699 662 2752 Θεοῦ
710 2699 979 2753 ἀδικίαν·
1028 2704 1055 2755 ὁ
1111 2701 1219 2774 γὰρ
1257 2703 1388 2768 Θεὸς
1437 2705 1630 2776 κριτὴς
1673 2705 1749 2759 δί-

158 2803 325 2848 καιος
378 2788 509 2858 (82).
563 2792 714 2859 Μηδὲ
765 2791 906 2844 οὕτω
954 2796 1226 2858 ταπεινῶς
1272 2797 1565 2851 διανοεῖσθε
1620 2800 1748 2871 περὶ

156 2874 328 2938 Θεοῦ,
372 2875 511 2930 ὥστε
548 2880 754 2932 οἴεσθαι
799 2881 960 2933 αὐτὸν
997 2883 1204 2936 ἁτονεῖν
1236 2887 1370 2955 πρὸς
1408 2889 1505 2959 τὴν
1532 2890 1748 2961 ἐκδίκη-

160 2984 287 3019 σιν·
319 2969 413 3021 καὶ
446 2971 554 3040 γὰρ
595 2971 687 3023 καὶ
720 2973 938 3044 ἰσχυρός
972 2975 1106 3028 ἐστι.
1144 2975 1240 3039 Τίς
1274 2973 1364 3030 οῦν
1402 2981 1434 3049 ἡ
1475 2981 1621 3034 αἰτία
1654 2982 1745 3035 τοῦ

161 3058 243 3130 μὴ
288 3061 514 3129 ταχεῖαν
545 3060 847 3129 ἐπάγεσθαι
876 3067 990 3127 τοῖς
1033 3066 1403 3136 ἁμαρτάνουσι
1436 3069 1535 3140 τὴν
1572 3087 1745 3140 τιμω-

162 3151 326 3219 ρίανς
369 3153 515 3206 Διότι
552 3155 902 3227 μακρόθυμὸς
951 3157 1087 3222 ἐστι,
1134 3159 1231 3227 Μὴ
1286 3161 1472 3230 ὀργὴν
1510 3162 1747 3233 ἐπάγων
1771 3207 1816 3266 C

158 3245 294 3296 καθ’
321 3244 593 3315 ἑκάστην
622 3247 864 3316 ἡμέραν.
912 3250 1052 3304 Ἐὰν
1067 3250 1153 3319 μὴ
1177 3251 1597 3321 ἑπιστραερῆτε,
1631 3255 1744 3321 τὴν

156 3337 467 3405 ῥομφαίαν
496 3341 683 3394 αὑτοῦ
713 3342 1051 3398 στιλϐώσει.
1095 3344 1469 3415 Ἀπειλητικὺς
1504 3348 1532 3399 ὁ
1567 3345 1739 3416 λόγος,

159 3431 242 3490 εἰς
287 3431 628 3502 ἐπιστροφὴν
663 3434 871 3501 ὲνὰγων
907 3438 1032 3499 τοὺς
1071 3437 1282 3509 βραδεῖς
1319 3442 1396 3503 εἰς
1434 3441 1737 3511 μετάνοιαν.

159 3523 274 3575 Οὐκ
305 3523 472 3587 εὐθὺς
503 3525 717 3578 ἀπειλεί
747 3526 815 3579 τὰ
848 3527 1136 3599 τραύματα
1164 3532 1254 3583 καὶ
1286 3534 1379 3595 τὰς
1411 3534 1622 3604 πληγὰς
1648 3535 1742 3589 καὶ

158 3616 284 3679 τοὺς
317 3615 606 3682 θανάτους,
635 3619 771 3672 ἀλλὰ
795 3621 1081 3675 στίλόωσιν
1106 3623 1302 3683 ὃπλων,
1330 3626 1422 3676 καὶ
1451 3627 1608 3678 οἱονεὶ
1637 3645 1733 3680 πα·

161 3708 436 3779 ρασκευήν
483 3726 602 3763 τινα
657 3710 788 3778 πρὸς
841 3712 938 3784 τὴν
994 3713 1224 3784 ἄμυναν.
1283 3715 1490 3786 Ὥσπερ
1536 3717 1644 3786 γὰρ
1694 3717 1741 3768 οἱ

155 3794 556 3866 διασμήχοντες
596 3799 666 3853 τὰ
701 3801 839 3856 ὅπλα
872 3803 970 3874 τὴν
1011 3805 1104 3857 ἐπὶ
1153 3803 1244 3857 τὸν
1292 3803 1525 3873 πόλεμον
1568 3804 1741 3875 ὁρμὴν

157 3884 243 3937 διὰ
294 3887 487 3942 τούτου
539 3891 966 3963 παραδηλοῦσιν,
1009 3893 1151 3949 οὕτω
1202 3893 1421 3946 καὶτοῦ
1467 3893 1599 3946 Θεοῦ
1642 3893 1739 3964 τὴν

158 3977 249 4028 ἐπὶ
278 3979 341 4030 τὸ
376 3979 487 4049 (85)
521 3983 881 4053 τιμωρεῖσθαι
907 3986 1120 4054 κίνησιν
1151 3984 1388 4053 ἐμφῆναι
1422 3983 1741 4054 βουλόμενος

158 4070 186 4119 ὁ
216 4070 396 4138 λόγος,
443 4073 696 4127 στιλόοῦν
743 4075 945 4146 ἔφησεν
980 4076 1144 4129 αὑτοῦ
1189 4075 1285 4146 τὴν
1337 4077 1627 4146 ῥομφαίαν.
1665 4078 1733 4130 Τὸ

158 4161 337 4228 τόξον
357 4165 545 4221 αὑτοῦ
562 4166 835 4233 ἐνέτεινε,
869 4167 966 4222 καὶ
985 4168 1314 4236 ἡτοίμασεν
1337 4169 1504 4230 αὐτὸ,
1546 4170 1641 4221 καὶ
1671 4170 1740 4222 ἐν

226 4302 475 4358 "Fcele.
514 4319 566 4368 ι,
619 4305 706 4360 15.
781 4306 823 4337 τί
864 4305 1009 4363 Psal.
1039 4320 1219 4371 Lxxtv,
1269 4305 1324 4359 6.

230 4417 341 4490 (78)
372 4417 872 4490 Διεστραμμένον,
900 4429 1005 4474 etc.
1066 4419 1322 4486 Respexit
1379 4416 1729 4490 Basilins__ad

162 4487 378 4584 sensum
439 4487 806 4584 Ficole‘s'iuastirz,
843 4507 946 4544 non
988 4493 1104 4571 ejus
1137 4492 1320 4584 verbar
1353 4489 1556 4576 retulit.
1607 4487 1732 4584 llaec
1761 4528 1806 4584 Β

164 4569 494 4631 autemsunt
525 4561 656 4631 t,_l5
687 4576 700 4610 :
731 4561 1170 4631 Διεστραμμένον
1199 4561 1260 4613 οὐ
1293 4559 1578 4629 δυνήσεται
1607 4561 1728 4612 ὲπι-

164 4628 530 4698 κοσμηθῆναι,
559 4628 859 4684 Perventum
891 4628 992 4683 non
1015 4628 1199 4694 poterit
1223 4628 1493 4683 adornari.

233 4700 344 4767 (79)
384 4699 834 4771 phrysosmnms.
879 4702 907 4752 ὁ
957 4701 1331 4771 δὲβΕὸραῖος,
1367 4699 1738 4771 κατὰηπᾶσαν

167 4769 327 4840 ζωήν.
377 4769 484 4823 Sed
509 4769 686 4823 'aliter
743 4769 972 4838 legimus
1019 4770 1071 4824 in
1127 4769 1380 4838 llexaplis
1424 4787 1442 4824 :
1488 4770 1737 4840 Ἐϐραῖος

168 4839 398 4911 ζωωνήι
431 4840 644 4902 melius,
676 4840 865 4911 ζωώμ.
893 4840 1052 4893 Addit
1081 4841 1496 4910 Chrysostomus
1527 4839 1732 4904 ιᾰλλος,

167 4907 574 4978 ἀπειλούμενος.
610 4913 787 4964 Alium
808 4907 996 4963 autem
1029 4911 1170 4963 Illltm
1194 4907 1736 4979 interpretemAqui-

169 4980 263 5030 lam
283 4993 428 5042 esse,
465 4994 530 5032 ex
565 4981 754 5033 iisdem
792 4979 1046 5045 chaplis
1080 4978 1360 5034 discimus.
1402 4978 1735 5033 Montfauco-

168 5050 280 5102 nius
321 5060 510 5102 noster
543 5049 724 5119 laudat
748 5052 1037 5118 Agellium,
1070 5051 1161 5119 qui
1196 5051 1266 5102 ita
1304 5050 1356 5103 in
1382 5049 1523 5102 hunc
1559 5049 1730 5102 locum

167 5121 430 5172 edisserit.
478 5136 496 5168 ι
534 5117 670 5171 Deus
712 5117 883 5188 judex
931 5117 1132 5188 justus.
1180 5119 1330 5188 fortis
1373 5129 1422 5171 et
1477 5120 1730 5182 patiens:

168 5191 396 5258 nunquid
434 5189 685 5242 irascttur
715 5205 807 5253 per
845 5192 1076 5258 singulos
1115 5192 1265 5242 dies?
1308 5190 1605 5242 Ohscurior
1652 5201 1733 5243 εει

169 5257 249 5311 hic
285 5276 505 5323 versus,
540 5269 593 5311 et
617 5257 1002 5314 obscuritatem
1028 5260 1177 5321 fecit,
1217 5262 1316 5312 nisi
1350 5259 1526 5319 fallor,
1554 5259 1731 5309 diver-

169 5343 342 5383 sarum
379 5331 918 5397 interpretationum,
949 5331 1086 5398 quod
1119 5331 1169 5382 in
1201 5332 1438 5383 editione
1472 5327 1608 5381 LXX
1636 5344 1726 5380 so-

171 5399 233 5450 let
263 5399 540 5460 accidere,
583 5401 883 5466 congestio.
933 5401 1061 5452 Nam
1111 5403 1353 5460 verbum,
1400 5399 1575 5464 fortis,
1622 5414 1726 5449 non

170 5478 243 5520 est
263 5467 428 5528 LXX,
463 5485 728 5535 nusquam
768 5470 910 5522 enim
938 5471 988 5521 in
1025 5470 1250 5533 l‘sahnis
1291 5472 1366 5521 sic
1397 5470 1574 5520 solent
1607 5471 1727 5521 red-

170 5537 286 5591 dere
314 5538 602 5592 lIebrteum
645 5554 840 5592 nomen
864 5540 944 5603 el;
1002 5542 1093 5593 sed
1128 5555 1192 5592 ex
1232 5539 1438 5607 Aquila:
1464 5541 1726 5605 interpre-

173 5607 358 5662 tatione
405 5618 707 5679 sumptum,
746 5610 837 5675 qui
885 5609 1018 5663 solet
1063 5609 1274 5679 [opif/5v
1328 5609 1723 5679 lorteminter-

173 5680 378 5742 pretari.
405 5676 675 5732 Przeterea
718 5681 946 5732 alterum
978 5676 1167 5732 nomen
1187 5676 1333 5748 quod
1384 5678 1645 5744 sequitur,
1674 5686 1722 5730 et

173 5749 383 5809 patiens,
415 5763 479 5802 ex
524 5748 696 5802 altera
727 5748 1170 5816 interpretatione
1200 5748 1453 5809 manavit,
1480 5761 1722 5813 compre-

175 5817 394 5875 lteudeus
419 5820 526 5876 duo
562 5817 787 5875 Hebraea
822 5821 979 5875 verba
1027 5820 1072 5873 et
1115 5835 1277 5884 zorm,
1324 5834 1423 5872 non
1469 5817 1719 5884 irascens,

1851 1975 1956 2012 non
1989 1958 2121 2011 iram
2155 1959 2418 2012 adducens
2466 1975 2558 2027 per
2591 1959 2823 2029 singulos
2872 1959 3004 2012 dies.
3036 1957 3179 2012 Nihil
3214 1968 3416 2011 temere

1851 2051 1910 2104 lit
1931 2065 2116 2104 eorum
2142 2065 2261 2119 quae
2291 2059 2553 2120 geruntur
2584 2069 2596 2104 :
2633 2052 2722 2104 sed
2752 2053 2969 2106 cuilibet
3004 2051 3141 2106 Deus
3175 2069 3233 2104 ea
3266 2065 3416 2104 men-

1850 2155 1972 2196 sura
2002 2142 2279 2210 rependet,
2314 2156 2417 2210 qua
2445 2141 2591 2211 prior
2624 2141 2676 2195 in
2713 2142 2810 2196 hac
2859 2143 2966 2195 vita
3017 2144 3256 2197 actiones
3289 2157 3414 2198 suas

1850 2232 2013 2290 fuerit
2039 2235 2338 2290 dimensus.
2375 2234 2641 2302 Quoniam
2674 2235 2840 2306 igitur
2877 2243 3157 2306 peccatum
3189 2250 3287 2305 ego
3317 2235 3412 2287 ad-

1851 2329 1993 2392 misi,
2041 2344 2138 2398 pro
2192 2344 2314 2382 meo
2371 2328 2563 2382 merito
2604 2329 2777 2383 vicem
2812 2328 3028 2398 recipio.
3079 2327 3259 2382 Nolite
3290 2344 3412 2398 ergo

1849 2417 1989 2486 loqui
2023 2420 2272 2472 adversus
2303 2417 2470 2472 Deum
2493 2419 2822 2488 iniquitatem
2849 2420 2892 2450 ⁷¹
2931 2439 2945 2474 ι
2981 2423 3118 2475 Deus
3157 2421 3300 2474 enim
3331 2431 3416 2475 est

1843 2507 2224 2578 judexjustus.
2245 2508 2427 2580 Neque
2455 2511 2528 2565 ita
2557 2511 2764 2582 ahjecte
2796 2513 2859 2565 de
2892 2511 3001 2565 Deo
3024 2513 3410 2582 cogitaveritis,

1849 2601 2021 2670 ipsum
2075 2604 2138 2657 ad
2180 2604 2437 2658 ultionem
2487 2604 2804 2658 sumendam
2854 2603 3147 2657 invalidum
3197 2619 3317 2658 esse
3359 2611 3416 2659 ut

1849 2695 2186 2748 arbitremini
2218 2715 2230 2748 :
2283 2712 2406 2750 nam
2438 2708 2520 2752 est
2551 2707 2608 2751 et
2659 2694 2834 2752 fortis.
2867 2693 3005 2761 Quid
3038 2693 3200 2766 igitur
3236 2711 3411 2750 causa.°

1848 2794 1950 2848 est,
1986 2782 2129 2853 quod
2163 2798 2266 2837 non
2301 2787 2484 2838 statim
2517 2801 2730 2856 pinnam
2781 2787 2978 2857 inﬂigat
3017 2786 3415 2854 peccantibus?

1847 2875 2111 2942 Quoniam
2167 2874 2494 2944 longanimis
2549 2890 2651 2942 εει,
2684 2874 2807 2930 Non
2853 2879 2985 2930 iram
3031 2876 3296 2930 adducens
3324 2894 3415 2945 per

1846 2969 2080 3038 singulos
2118 2969 2251 3023 dies.
2288 2970 2452 3026 Vens.
2490 2970 2576 3024 l5.
2611 2971 2727 3025 Nisi
2760 2973 2989 3026 conversi
3028 2971 3257 3040 fueritis,
3300 2971 3415 3041 gla-

1847 3060 1990 3112 dium
2020 3078 2175 3114 suum
2217 3063 2461 3116 vibrabit.
2514 3063 2690 3118 Minax
2724 3074 2805 3118 est
2835 3064 2921 3118 ille
2950 3079 3153 3125 sermo,
3184 3064 3248 3117 ad
3280 3080 3412 3118 con-

1847 3149 2144 3205 versionem
2200 3153 2459 3208 inducens
2512 3157 2691 3209 tardos
2737 3158 2803 3208 ad
2867 3156 3261 3224 paenitentiam.
3295 3153 3412 3209 Non

1849 3240 2032 3295 statim
2066 3244 2304 3298 minatur
2333 3247 2587 3310 vulnera,
2641 3246 2846 3316 plagas,
2899 3256 3135 3300 mortes:
3197 3246 3291 3300 sed
3325 3261 3414 3298 ar-

1850 3348 2058 3388 morum
2090 3336 2447 3392 vibratiouem
2477 3337 2622 3392 velut
2671 3349 2982 3409 apparatum
3020 3340 3304 3408 quemdam
3346 3339 3413 3392 ad

1852 3427 2132 3482 ultionem.
2189 3429 2652 3495 Quemadmodum
2687 3433 2827 3485 enim
2874 3433 2963 3501 qui
2998 3440 3211 3498 tergunt
3243 3447 3410 3493 arma,

1848 3536 2001 3575 Sttttlll
2037 3521 2109 3575 ad
2150 3522 2346 3576 bellum
2388 3523 2642 3593 impetum
2686 3540 2780 3592 per
2817 3524 2918 3577 hoc
2950 3523 3298 3593 signiﬁcant:
3335 3525 3413 3576 sic

1848 3626 1901 3667 et
1931 3613 2208 3683 Scriptura
2240 3616 2327 3670 ubi
2358 3617 2447 3670 Dei
2473 3617 2537 3670 ad
2565 3616 2818 3669 ultionem
2851 3625 3050 3669 motum
3094 3614 3204 3667 vult
3231 3623 3412 3669 osten-

1847 3707 1997 3770 dere,
2050 3707 2118 3762 ab
2165 3709 2280 3778 ipso
2337 3710 2532 3763 vibrari
2564 3710 2794 3779 gladium
2823 3709 2957 3762 dixit
2989 3727 3002 3763 :
3032 3708 3226 3761 Arcum
3259 3725 3411 3761 suum

1849 3801 2085 3862 tetendit,
2112 3812 2158 3852 et
2194 3803 2396 3867 paravit
2423 3802 2594 3865 illum,
2627 3800 2811 3870 (\‘Ens.
2861 3800 2944 3872 M)
2963 3811 3008 3854 et
3038 3800 3089 3852 in
3123 3816 3181 3853 eo
3208 3802 3411 3868 paravit

1847 3904 1969 3942 vasa
2003 3893 2204 3943 mortis.
2257 3892 2370 3945 Non
2432 3909 2628 3947 nervus
2683 3892 2946 3962 quispiam
2992 3903 3074 3946 est
3102 3893 3191 3961 qui
3227 3909 3408 3946 arcum

1847 3983 2030 4034 tendat
2054 3981 2168 4048 Dei,
2201 3985 2292 4037 sed
2317 3985 2570 4052 puniendi
2603 3985 2862 4054 potentia,
2889 4000 3006 4053 qua:
3024 3985 3310 4055 aliquando
3337 3985 3411 4036 in-

1845 4085 1992 4128 tensa
2024 4087 2126 4137 est,
2159 4077 2447 4146 aliquando
2495 4093 2624 4131 vero
2663 4078 2906 4131 remissa.
2949 4077 3196 4131 Peccanti
3249 4078 3411 4143 igitur

1846 4166 2129 4236 Scriptura
2182 4172 2420 4225 minatur
2459 4169 2640 4226 futura
2683 4172 2946 4242 supplicia
2977 4172 3078 4226 sibi
3109 4181 3408 4240 prteparata

1838 4419 1978 4497 quod
2010 4432 2151 4497 .oet_n
2182 4429 2264 4497 est
2291 4435 2353 4476 ac
2376 4429 2612 4497 patiens,
2644 4422 2735 4491 qui
2769 4421 2953 4497 Graece
2990 4424 3408 4497 diciturpaxpé-

1841 4488 2052 4563 θρριος.Δ
2081 4489 2274 4563 Tertia
2321 4488 2536 4561 quoque
2589 4488 2965 4563 interpretatio
3012 4488 3220 4561 adjecta
3275 4488 3403 4551 est:

1835 4557 2088 4632 Nunquid
2121 4557 2368 4615 irascitur
2391 4557 2478 4630 per
2508 4557 2908 4628 singulos'dics?
2930 4557 3092 4632 quod,
3112 4565 3222 4618 sive
3245 4564 3403 4628 LXX,

1842 4630 1958 4705 sive
1991 4632 2420 4705 aliusquispiam
2454 4633 2836 4705 interpretatus
2862 4630 2960 4696 sit,
2992 4648 3091 4688 nan
3131 4640 3280 4702 quasi
3311 4655 3407 4705 per

1842 4700 2318 4771 interrogationem
2355 4702 2638 4766 intellexit,
2679 4706 2769 4756 sed
2794 4719 2887 4771 per
2906 4700 3271 4771 negationem,
3289 4700 3400 4762 sic:

1838 4778 1885 4843 et
1915 4770 2292 4843 non‘irascitur
2324 4787 2415 4837 per
2440 4772 2674 4839 singulos
2701 4770 2833 4834 dies,
2867 4783 2920 4826 et
2947 4770 3063 4828 sine
3107 4770 3405 4843 interroga-

1841 4841 1986 4891 tione
2023 4840 2322 4907 intelligere
2358 4843 2608 4895 videnlur
2652 4843 2899 4904 Basilius.
2938 4843 3254 4899 Theodorus
3293 4840 3400 4900 Aln-

1841 4909 2144 4973 tiocbenus,
2206 4910 2600 4976 Theodoretus,
2659 4925 2713 4967 et
2764 4917 2829 4967 de
2889 4917 3088 4970 nostris
3147 4918 3404 4988 Augusti-

1837 4993 1962 5035 nus.
2001 4997 2019 5028 ι
2062 4989 2167 5033 etc.

1908 5049 2020 5120 (80)
2055 5049 2202 5103 Colb.
2234 5061 2460 5116 quartus
2493 5051 2627 5120 πρὸς
2657 5052 2782 5116 τούς
2820 5070 2968 5106 ποτε.
3011 5055 3151 5109 Editi
3189 5066 3244 5111 et
3277 5056 3402 5112 reli-

1835 5119 2144 5191 quiomnes
2168 5135 2295 5173 mss.
2344 5121 2481 5191 πρὸς
2508 5119 2632 5183 τοὺς
2671 5124 2808 5175 τότε.

1908 5189 2018 5263 (8i)
2054 5189 2205 5263 Colb.
2238 5189 2462 5263 quartus
2489 5193 2898 5263 ἁπιστήσωμεν.
2946 5193 3063 5248 Mox
3103 5195 3230 5248 editi
3279 5213 3398 5249 rum

1833 5259 1982 5337 (golb.
2041 5261 2268 5327 septimo
2299 5262 2617 5337 προσέθετο.
2662 5259 2895 5337 ᾹΙιιξευξί
2944 5282 3071 5319 mss.
3116 5267 3395 5337 προέθετο.

1833 5330 2131 5394 Aliquanto
2159 5341 2302 5400 post
2348 5330 2477 5383 editi
2523 5348 2646 5384 cum
2696 5334 2878 5394 majori
2923 5348 3071 5399 parte
3113 5330 3239 5388 "iss.
3288 5340 3399 5400 τοῖς

1831 5399 2336 5475 ἑκάστου-μέτροις.
2365 5402 2477 5454 Duo
2510 5418 2640 5475 mss.
2670 5406 2780 5466 τοῖς
2811 5404 3021 5474 ἑκάστῳ
3055 5406 3292 5475 μέτροις.

1903 5469 2015 5545 (82)
2063 5471 2173 5545 Illa,
2220 5471 2311 5545 xui
2347 5472 2585 5545 ,ἰσχυρὸς
2643 5475 2736 5525 καὶ
2797 5469 3176 5545 μακρόθυμος,
3220 5478 3397 5529 addita

1829 5551 1954 5589 sunt
1987 5542 2037 5591 iu
2066 5540 2389 5594 Colbertinis
2421 5540 2614 5610 quarto
2638 5555 2690 5596 et
2719 5540 2946 5612 septimo
2978 5540 3095 5615 poSt
3115 5561 3295 5600 vocem
3323 5547 3398 5599 δί-

1828 5626 1996 5671 χιιος.

1899 5679 2012 5753 (δῦ)
2061 5679 2184 5733 Mss.
2252 5698 2356 5753 non
2413 5685 2566 5747 pauci
2625 5685 2718 5735 ἐπὶ
2763 5683 2858 5753 τῷ.
2917 5686 3087 5739 Verba
3149 5686 3258 5748 illa,
3299 5689 3393 5740 καὶ

1829 5750 2328 5826 ἡτοίμασεν-ἀύτὸ,
2363 5754 2562 5826 καὶλὲν
2600 5755 2747 5824 αὐτῷ
2793 5750 3054 5826 ἦτοίμασε
3097 5758 3264 5826 σκεύη
3300 5758 3394 5812 θα-

1825 5821 2005 5886 νάτου,
2040 5823 2338 5879 addidimus
2373 5840 2438 5879 ex
2466 5821 2791 5882 Colbertinis
2815 5821 3025 5897 quarto
3063 5838 3114 5882 et
3140 5821 3392 5901 septimo.
