4100 6312
652 311 753 365 ΞΠ

1957 313 2014 367 S.
2056 310 2300 365 BASHJI
2336 310 2549 366 MAGNI

3785 308 3898 362 263

649 444 792 495 esse,
819 429 864 483 si
891 427 944 481 in
980 436 1199 497 peccato
1226 428 1604 499 permanserit.
1622 428 1813 484 Parata
1838 435 1961 483 sunt
1987 426 2128 480 enim
2157 425 2208 477 in

2321 424 2467 488 αὐτῷ
2486 427 2770 493 ἡτοίμασε
2787 421 2981 487 σκεύη
2997 424 3272 475 θανάτου.
3290 422 3363 473 Ου
3381 436 3543 491 νευρα
3566 423 3648 485 τίς
3669 422 3773 473 εστ
3786 437 3834 471 ιν
3862 422 3898 490 ἡ

650 536 777 576 arcu
808 535 931 574 vasa
964 519 1174 574 mortis.
1205 520 1347 577 Vasa
1368 533 1547 577 autem
1572 521 1779 584 mortis,
1801 512 2206 583 virtutes'sunt,

652 626 772 681 qua
804 612 893 666 Dei
928 613 1173 668 inimicos
1227 615 1612 670 exterminant.
1660 612 1900 682 Sagittae
1947 626 2071 665 suae
2115 625 2205 660 ar-

651 704 886 756 dentibus
920 703 1114 771 elfecit.
1154 704 1221 761 Ut
1244 707 1386 760 enim
1414 704 1557 774 ignis
1586 706 1655 759 ob
1695 704 1977 758 materiam
2010 698 2209 751 ustioni

651 798 897 851 idoneam
933 812 961 848 a
988 796 1240 852 Creatore
1272 797 1521 853 conditus
1544 806 1623 851 est
1645 811 1659 859 ;
1684 812 1788 849 non
1820 796 1960 850 enim
1992 800 2210 861 propter

651 889 990 943 adamantem
1025 890 1113 958 qui
1140 889 1205 942 ab
1234 890 1355 958 igne
1386 906 1490 944 non
1522 888 1841 951 absumitur,
1864 886 1957 941 sed
1994 893 2211 954 propter

652 978 793 1047 ligna
828 979 1051 1033 ﬂamina:
1109 980 1463 1049 suscipienda:
1511 988 1655 1048 apta,
1707 990 1923 1033 creatus
1949 987 2077 1031 est:
2133 974 2207 1027 ita

651 1080 705 1123 et
735 1072 941 1139 sagitta:
971 1070 1062 1125 Dei
1090 1070 1157 1126 ob
1184 1087 1277 1128 eas
1310 1075 1533 1137 animas,
1553 1086 1669 1139 quae
1697 1072 1848 1125 facile
1880 1070 2051 1138 ignem
2079 1082 2210 1121 con-

653 1161 879 1228 cipiunt,
920 1161 1251 1233 multumque
1298 1164 1630 1231 collegerunt
1673 1162 1791 1231 ejus
1844 1158 2162 1215 substantia:
2190 1198 2207 1224 ,

654 1269 772 1321 qua:
829 1262 1042 1311 terrena
1099 1268 1199 1321 est,
1236 1267 1287 1310 et
1313 1257 1377 1309 ad
1410 1258 1685 1311 interitum
1738 1259 1947 1317 idonea,
1996 1255 2064 1309 ab
2095 1255 2210 1321 ipso

652 1346 861 1403 effecta
894 1359 1038 1403 sunt.
1066 1346 1165 1412 Qui
1192 1349 1353 1416 igitur
1377 1349 1571 1418 ignitas
1600 1349 1797 1402 diaboli
1817 1349 2041 1418 sagittas
2060 1348 2209 1417 prius

654 1438 941 1504 recipiunt,
970 1452 1033 1492 ac
1063 1439 1200 1491 intra
1231 1455 1287 1493 se
1324 1441 1573 1504 retinent,
1614 1442 1646 1494 ii
1687 1440 1778 1494 Dei
1812 1442 2091 1508 excipiunt
2122 1454 2211 1494 sa-

654 1529 833 1597 gittas.
870 1528 1073 1585 Idcirco
1126 1532 1244 1585 ait:
1300 1533 1535 1604 Sagittae
1569 1551 1691 1587 suae
1736 1535 1849 1603 jam
1905 1533 2209 1589 ardentibus

652 1621 844 1686 eﬂecit.
881 1620 1130 1676 Adurunt
1155 1635 1331 1678 autem
1365 1626 1596 1678 animam
1630 1640 1842 1679 amores
1886 1625 1950 1677 ad
1990 1639 2208 1679 carnem

654 1720 974 1776 Spectantes,
1010 1727 1172 1783 Opum
1216 1717 1483 1785 cupiditas
1509 1756 1521 1779 ,
1575 1718 1667 1770 irae
1720 1726 2029 1780 aestuantes,
2067 1728 2121 1771 et
2146 1733 2207 1772 ea

2310 517 2644 571 διατείνουσα
2675 517 2732 569 τὸ
2756 515 2910 579 τόξον
2938 511 3025 562 τοῦ
3057 512 3212 577 Θεοῦ,
3245 511 3376 566 ἀλλὰ
3405 512 3692 586 κολαστικὴ
3716 511 3897 567 δύναο

2315 626 2422 679 μις,
2450 610 2579 662 ποτὲ
2611 610 2705 678 μὲν
2732 604 3094 677 ἐντεινομένη,
3124 607 3251 659 ποτὲ
3277 606 3333 660 δὲ
3359 604 3633 675 ἀνιεμένη.
3663 607 3764 676 Τῷ
3799 601 3898 658 οὖν

2311 703 2674 770 ἁμαρτάνοντι
2718 704 2932 756 ἀπειλεί
2960 705 2987 755 6
3024 699 3199 766 λόγος,
3236 701 3317 753 ὅτι
3358 702 3544 770 ἕτοιμα
3582 700 3734 770 αὺτῷ
3773 704 3896 753 ἐστι

2313 792 2375 845 τά
2405 792 2660 861 μέλλοντα
2686 797 2764 858 είς
2794 793 3012 846 κόλασιν
3042 789 3485 858 ἀποπέμπεσθαι,
3518 790 3608 844 ἐὰν
3640 793 3897 863 ἐπιμένῃ

2311 889 2375 956 τῇ
2414 886 2675 960 ἁμαρτία.
2714 888 3067 957 Ἦτοίμασται
3097 887 3207 957 γάρ
3236 886 3291 937 ὲν
3316 888 3390 955 τῷ
3422 886 3555 958 τόξῳ
3585 886 3758 952 σκεύη
3795 884 3899 935 θα-

2312 980 2491 1032 νάτου.
2527 979 2698 1051 Σκεύη
2729 982 2783 1034 δὲ
2817 980 3042 1033 θανάτου
3075 982 3334 1050 δυνάμεις
3366 979 3500 1032 εἰσὶν
3528 980 3894 1048 ἀφανιστικαὶ

2312 1072 2418 1125 τῶν
2444 1070 2651 1140 ἐχθρῶν
2676 1074 2765 1125 τοῦ
2790 1073 2943 1126 θεοῦ.
2970 1072 3050 1125 Τὰ
3080 1072 3205 1142 βέλη
3233 1068 3399 1125 αὐτοῦ
3433 1074 3543 1133 τοῖς
3570 1068 3896 1138 καιομένοις

2311 1163 2682 1233 ἐξειργάσατο.
2718 1168 2924 1237 Ὥσπερ
2951 1165 3012 1218 τὸ
3045 1164 3153 1235 πῦρ
3181 1167 3245 1235 τῇ
3290 1161 3554 1233 καιομένῃ
3595 1163 3692 1234 ὖλῃ
3725 1158 3895 1227 παρὰ

2310 1254 2401 1309 τοῦ
2436 1254 2719 1318 κτίσαντος
2750 1257 3092 1329 ἐξειργάσοη’
3125 1257 3185 1309 οὐ
3214 1257 3320 1326 γὰρ
3353 1257 3443 1309 διά
3474 1253 3562 1307 τὸν
3594 1255 3893 1323 ἀδάμαντα

2311 1348 2531 1419 ἐκτίσθη
2570 1348 2661 1403 τὸν
2707 1350 2782 1419 μὴ
2811 1352 3107 1421 τηκόμενον
3138 1349 3242 1402 ὑπὸ
3270 1348 3363 1401 τοῦ
3393 1348 3579 1418 πυρδςι
3618 1347 3756 1397 ἀλλὰ
3800 1344 3895 1397 διὰ

2309 1445 2376 1497 τὰ
2426 1442 2555 1509 ξύλα
2596 1442 2665 1495 τὰ
2700 1445 3132 1513 κατακαιόμενα⁶
3176 1442 3317 1495 οὕτω
3363 1448 3455 1494 και
3496 1441 3563 1492 τὰ
3602 1439 3697 1493 τοῦ
3740 1436 3893 1491 Θεοῦ

2313 1537 2439 1608 βέλη
2471 1539 2590 1600 ταῖς
2629 1537 3095 1606 εὑκαταπρήστοις
3122 1534 3339 1603 ψυχαῖς,
3374 1527 3448 1586 ὧν
3485 1532 3614 1585 πολὺ
3658 1533 3716 1583 τὸ
3769 1531 3895 1583 ὑλι-

2311 1627 2404 1679 κὸν
2445 1627 2537 1677 καὶ
2576 1626 2634 1678 τὸ
2665 1624 2799 1695 πρὸς
2838 1624 3139 1695 ἀφανισμὸν
3172 1621 3472 1692 ἐπιτήδειον
3514 1621 3891 1679 συνείλεκται,

2312 1721 2443 1788 παρ’
2490 1716 2654 1770 αὑτοῦ
2708 1717 3098 1786 κατειργάσθη.
3138 1716 3199 1767 Ol
3237 1710 3327 1766 οὖν
3380 1712 3733 1786 προλαϐόντες
3790 1713 3893 1764 καὶ

657 1817 775 1862 quae
811 1803 1047 1858 animum
1089 1807 1195 1860 urit
1226 1807 1564 1875 absumitque
1594 1809 1834 1872 tristitia,
1872 1819 1925 1862 ct
1970 1809 2130 1863 alieni
2181 1826 2207 1862 a

2321 1810 2524 1878 ἑλόντες
2558 1809 2614 1861 ἐν
2646 1810 2856 1869 ἑαυτοῖς
2889 1807 2957 1860 τὰ
2997 1806 3364 1876 πεπυρωμένα
3409 1806 3531 1878 βέλη
3572 1806 3665 1859 τοῦ
3698 1806 3891 1858 διαδό-

656 1890 764 1947 Deo
796 1896 1033 1949 timores.
1066 1894 1166 1961 Qui
1204 1906 1380 1952 autem
1416 1908 1497 1953 est
1524 1903 1587 1952 ab
1617 1899 1818 1956 inimici
1849 1902 2056 1971 sagittis
2087 1902 2212 1955 illae-

654 1997 765 2045 sus,
800 1982 999 2052 Deique
1042 1985 1259 2042 indutus
1304 1999 1386 2044 est
1432 2002 1785 2057 armaturam,
1813 2008 1841 2046 a
1876 1992 2097 2047 letiferis
2124 2008 2212 2046 sa-

652 2075 800 2143 gittis
832 2075 1062 2131 intactus
1082 2093 1376 2147 permanet.

2311 1900 2400 1951 λου
2436 1898 2564 1969 (84),
2597 1892 2743 1951 οὗτοι
2772 1897 3015 1966 δέχονται
3043 1896 3111 1949 τὰ
3144 1896 3269 1965 βέλη
3293 1896 3385 1949 τοῦ
3406 1897 3567 1950 Θεοῦ.
3594 1898 3690 1950 Διὰ
3720 1896 3892 1949 τοῦτό

2314 2009 2447 2063 φησι
2468 2012 2479 2023 ’
2520 1993 2597 2045 Τὰ
2628 1992 2784 2057 βέλη
2813 1987 2998 2042 αὐτοῦ
3032 1988 3154 2053 τοῖς
3190 1988 3305 2056 ἤδη
3330 1990 3657 2060 καιομένοις
3692 1989 3891 2056 ἐξειρ-

2318 2083 2567 2154 γάσατο.
2614 2085 2842 2138 Καίουσι
2892 2083 2947 2134 δὲ
2987 2080 3162 2151 ψυχὴν
3210 2080 3407 2151 ἔρωτες
3462 2082 3739 2153 σαρκικοί,
3790 2078 3891 2130 καὶ

655 2168 937 2239 ἐπιθυμίαι
967 2171 1280 2241 χρημάτων,
1318 2176 1408 2226 καὶ
1440 2174 1686 2242 διάπυροι
1749 2175 1928 2244 ὀργαὶ,
1992 2176 2084 2228 καὶ
2116 2174 2280 2228 λύπαι
2323 2176 2614 2245 φλέγουσαι
2657 2178 2750 2228 καὶ
2788 2176 3111 2243 ὲκτήκουσαι
3144 2171 3240 2241 τὴν
3268 2170 3464 2243 ψυχὴν,
3497 2174 3587 2225 καὶ
3629 2169 3786 2236 (ρόὸοι
3837 2172 3891 2221 el

652 2261 917 2331 ἀλλότριοι
950 2260 1041 2313 τοῦ
1074 2262 1228 2316 Θεοῦ.
1273 2266 1327 2318 '0
1363 2266 1539 2335 μέντοι
1572 2266 1809 2337 ἄτρωτος
1875 2266 1978 2319 ὑπὸ
2042 2265 2148 2320 τῶν
2191 2266 2281 2320 τοῦ
2322 2267 2515 2337 ἐχθροῦ
2550 2268 2735 2337 βελῶν,
2786 2267 2877 2319 καὶ
2924 2263 3266 2334 ἐνδεδυμένος
3304 2266 3401 2336 τὴν
3450 2260 3745 2317 πανοπλίαν
3786 2262 3889 2315 τοῦ

652 2355 806 2423 Θεοῦ,
831 2359 937 2412 τῶν
965 2360 1347 2431 θανατηφόρων
1381 2359 1549 2429 βελῶν
1585 2362 1877 2434 ἀπείρατος
1912 2362 2174 2434 διαμένει.

725 2454 777 2508 8.
814 2454 975 2510 ὶέιιε.
1007 2456 1093 2511 15.
1132 2454 1266 2511 Ecce
1303 2459 1551 2524 parturiit
1587 2458 1933 2528 injustitiam,
1981 2462 2213 2525 concepit

655 2544 913 2610 dolorem,
942 2558 989 2601 et
1044 2551 1237 2616 peperit
1270 2549 1621 2615 iniquitatem.
1654 2550 1718 2601 Et
1758 2551 1974 2616 quidem
2001 2589 2015 2613 ,
2069 2551 2209 2617 quod

659 2635 724 2687 ad
773 2637 1014 2690 ordinem
1073 2639 1324 2706 pertinet,
1376 2638 1593 2691 confusa
1656 2638 1901 2691 videntur
1944 2652 2063 2692 esse
2098 2640 2211 2692 haec

660 2726 843 2781 verba.
880 2727 1011 2781 Nam
1042 2731 1271 2797 primmn
1295 2730 1605 2800 concipiunt
1644 2739 1997 2801 praegnantes,
2024 2733 2215 2787 deinde

660 2818 1005 2886 parturiunt,
1053 2831 1326 2890 postremo
1384 2823 1619 2892 pariunt.
1672 2822 1769 2877 Hic
1824 2839 1950 2878 vero
1980 2824 2211 2892 primum

660 2912 924 2978 puerperii
958 2912 1169 2968 dolores
1210 2913 1360 2977 liuut,
1412 2916 1603 2969 deinde
1658 2920 1960 2983 conceptio,
2010 2926 2215 2985 postre-

661 3014 804 3052 mum
839 3009 1042 3068 partus.
1078 3006 1144 3056 At
1195 3004 1308 3057 lucc
1354 3005 1536 3059 cordis
1585 3007 1989 3074 conceptionem
2023 3006 2219 3075 signiﬁ-

659 3093 967 3147 cantissime
1006 3094 1297 3165 explicant.
1324 3096 1665 3151 lrrationales
1702 3099 1846 3151 enim
1878 3097 2218 3152 incontinen-

662 3184 793 3238 tium
828 3186 1078 3256 impetus,
1130 3188 1433 3256 insantnqtte
1483 3204 1545 3245 ac
1592 3188 1831 3246 furentes
1858 3190 2016 3263 106
2044 3190 2218 3246 libidi-

662 3291 782 3342 nes,
816 3277 1068 3333 dicuntur
1098 3282 1364 3349 puerperii
1406 3282 1638 3347 dolores,
1666 3298 1729 3338 eo
1762 3284 1901 3352 quod
1930 3299 2050 3337 eum
2079 3282 2221 3338 velo-

660 3368 823 3421 citate
856 3376 910 3421 et
957 3369 1142 3423 dolore
1176 3370 1226 3423 in
1253 3373 1433 3423 anima
1469 3373 1838 3426 innascantur.
1883 3372 1985 3439 Qui
2041 3385 2218 3428 autem

658 3453 730 3505 ob
759 3452 915 3505 talem
943 3453 1199 3523 impetum
1231 3458 1410 3524 pravis
1437 3460 1718 3512 succubuit
1762 3463 2179 3529 cogitationibus
2204 3502 2218 3525 ,

659 3542 708 3599 is
731 3543 965 3599 dolorem
992 3547 1237 3616 concepit
1266 3566 1279 3602 :
1319 3558 1370 3601 et
1392 3549 1483 3618 qui
1512 3551 1690 3604 cordis
1716 3551 1971 3606 malitiam
2002 3568 2096 3620 per
2118 3555 2222 3607 ini-

660 3650 795 3704 quas
826 3637 1067 3691 actiones
1095 3638 1351 3705 incendit,
1384 3640 1428 3694 is
1454 3641 1657 3708 peperit
1688 3642 2038 3712 iniquitatem.
2066 3644 2221 3699 Vide-

664 3736 749 3780 tur
768 3735 946 3781 autem
974 3726 1088 3782 hac
1120 3729 1316 3794 dicere,
1346 3732 1485 3801 quod
1512 3746 1633 3785 eum
1669 3736 1867 3801 pudeat
1898 3749 2017 3789 esse
2052 3736 2219 3806 iniqui

664 3818 758 3871 lilii
804 3826 1033 3887 patrem.
1066 3818 1179 3874 Non
1212 3836 1380 3886 mens,
1414 3822 1605 3890 inquit,
1645 3822 1784 3878 ﬁlius
1811 3835 1925 3887 est,
1971 3828 2063 3881 sed
2106 3827 2222 3896 ejus

664 3912 834 3975 patris
882 3911 1054 3967 factus
1088 3923 1171 3968 est
1222 3915 1361 3970 (ilius
1389 3955 1404 3979 ,
1460 3915 1547 3970 cui
1581 3932 1639 3970 se
1669 3918 1720 3970 in
1764 3917 2097 3987 adoptionem
2130 3936 2224 3991 per

665 4014 945 4072 peccatum
1004 4008 1347 4075 mancipavit.
1403 4007 1535 4062 Nam
1590 4012 1878 4065 secundum
1918 4011 2218 4070 Joannem:

667 4094 770 4160 Qui
797 4095 921 4165 facit
951 4108 1244 4166 peccatum,
1269 4116 1333 4152 ea:
1355 4100 1564 4155 diabolo
1597 4113 1750 4156 natus
1766 4113 1839 4157 est
1866 4103 1935 4159 ".
1968 4103 2106 4160 Ecce
2132 4106 2225 4172 igi-

2390 2458 2440 2509 8.
2508 2454 2649 2509 Ἰδοὺ
2681 2451 2975 2518 ὠδίνησεν
3019 2452 3288 2513 ἀδικίαν,
3324 2450 3618 2505 συνέλαϐε
3666 2453 3887 2513 πόνον,

2318 2550 2409 2599 καί
2446 2549 2646 2601 ἔτεκεν
2672 2546 2944 2613 ἀνομίαν.
2998 2545 3083 2608 Ὠς
3120 2548 3216 2614 μὲν
3244 2543 3379 2614 πρὸς
3422 2544 3517 2613 τὴν
3544 2542 3697 2608 τάξιν
3735 2544 3892 2597 δοκεί

2322 2639 2742 2707 συγκεχυμένως
2798 2639 2830 2706 ἡ
2889 2637 3031 2701 λέξις
3089 2638 3265 2707 ἔχειν·
3327 2637 3508 2708 ἐπειδὴ
3559 2639 3773 2709 πρῶτον
3832 2642 3889 2691 αἱ

2320 2730 2543 2783 κύουσαι
2584 2729 3064 2801 συλλαμϐάνουσιν,
3098 2725 3217 2783 εἶτα
3259 2730 3534 2795 ὠδίνουσι,
3576 2732 3889 2783 τελευταῖον

2319 2824 2374 2876 δὲ
2404 2823 2672 2876 τίκτουσιν
2714 2822 2825 2890 (85)
2844 2838 2857 2852 '
2890 2822 3119 2877 ἐνταῦθα
3147 2823 3201 2876 δὲ
3228 2823 3494 2893 πρῶτονὴ
3525 2821 3671 2883 ὠδὶν,
3706 2816 3825 2873 εἶτα
3854 2820 3889 2891 ἠ

2321 2915 2599 2987 σύλληψις,
2636 2911 2753 2967 εἶτα
2778 2916 2804 2967 6
2826 2914 3043 2977 τοκετός
3064 2932 3077 2944 ο
3120 2914 3256 2984 πρὸς
3291 2913 3347 2965 δὲ
3382 2913 3480 2981 τὴν
3521 2913 3620 2980 τῆς
3657 2909 3890 2979 καρδίας

2319 3007 2576 3077 σύλληψιν
2622 3005 3073 3076 ὲμφαντικὼτατα
3117 3004 3248 3072 ἔχει.
3299 3005 3362 3053 Αἰ
3406 3002 3511 3071 γὰρ
3554 3002 3734 3067 ἄλογοι
3775 2999 3891 3051 τῶν

2316 3098 2631 3151 ἀκολάστων
2659 3097 2825 3166 ὁρμαὶ
2866 3096 2959 3147 καὶ
2995 3096 3049 3145 al
3095 3093 3320 3163 μανικαὶ
3358 3094 3448 3144 καὶ
3477 3090 3890 3161 παροιστρῶσαι

2316 3191 2601 3260 ἐπιθυμίαι
2645 3189 2830 3251 ὠδῖνες
2867 3186 3183 3258 ἐλέχθησαν,
3226 3186 3312 3239 διὰ
3364 3185 3425 3238 τὸ
3464 3186 3600 3255 μετὰ
3630 3184 3891 3251 ὁξύητος

2319 3284 2411 3337 καὶ
2441 3283 2601 3336 πόνου
2643 3279 2950 3349 ἐγγίνεσθαι
2982 3282 3048 3349 τῇ
3092 3278 3259 3349 ψυχῇ.
3300 3278 3455 3331 Κατὰ
3497 3278 3552 3331 δὲ
3584 3276 3682 3347 τὴν
3712 3275 3892 3329 τοιαύο

2318 3393 2415 3445 την
2444 3375 2638 3447 ὁρμὴν,
2667 3376 2694 3426 6
2720 3371 3056 3443 περικρατὴς
3082 3370 3189 3422 τῶν
3221 3369 3466 3441 πονηρῶν
3498 3369 3570 3440 μὴ
3598 3369 3893 3438 γενόμενος

2324 3467 2701 3537 βουλευμάτων
2743 3463 3000 3517 συνέλαϐε
3030 3462 3189 3515 πόνον
3210 3478 3223 3493 ·
3265 3462 3358 3515 καὶ
3391 3463 3417 3515 6
3446 3461 3545 3531 τὴν
3572 3463 3629 3513 ὲν
3652 3462 3719 3530 τῇ
3752 3476 3892 3529 καρ-

2320 3559 2408 3629 δίᾳ
2440 3558 2632 3610 κακίαν
2658 3555 2746 3608 διὰ
2775 3554 2883 3606 τῶν
2912 3571 3044 3623 πονη
3053 3552 3160 3624 ρῶν
3186 3552 3435 3622 πράξεων
3461 3552 3735 3611 ἐκκαύσας
3775 3548 3889 3616 (86)

2322 3651 2474 3701 ἔτεκε
2519 3648 2617 3716 τὴν
2648 3646 2895 3714 ἀνομίαν.
2936 3646 3117 3696 Ἔοικε
3140 3644 3197 3694 δὲ
3238 3642 3405 3694 ταῦτα
3431 3642 3604 3707 λέγειν
3642 3639 3894 3708 αἰσχυνό-

2324 3757 2480 3812 μενος
2520 3739 2611 3789 ἐπὶ
2650 3736 2726 3806 τῷ
2764 3736 2944 3803 πατὴρ
2992 3730 3129 3786 εἶναι
3169 3733 3351 3795 παιδὸς
3396 3731 3732 3801 παρανόμου.
3776 3731 3892 3785 Οὐκ

2321 3831 2473 3901 ἐμὸς,
2516 3828 2697 3897 φησὶν,
2729 3829 2756 3879 6
2789 3827 2936 3888 παῖς,
2965 3822 3099 3876 ἀλλὰ
3143 3822 3236 3875 τοῦ
3272 3822 3474 3893 πατρὸς
3502 3821 3723 3889 γέγονεν
3753 3823 3889 3885 υἱὸς,

2321 3917 2364 3993 ᾧ
2403 3923 2489 3976 διὰ
2525 3920 2623 3991 τῆς
2666 3918 2936 3990 ἁμαρτίας
2977 3915 3162 3970 ἑαυτὸν
3200 3914 3528 3984 εἰσεποίησε.
3570 3914 3715 3966 Διότι
3750 3915 3893 3967 κατὰ

2323 4017 2411 4068 τὸν
2447 4013 2717 4082 Ἰωάννην,
2761 4012 2822 4064 '0
2854 4008 3037 4064 ποιῶν
3074 4007 3189 4075 τὴν
3220 4007 3508 4076 ἁμαρτίαν
3534 4007 3600 4059 ἐκ
3628 4007 3736 4061 τοῦ
3775 4006 3894 4058 δια-

2326 4107 2506 4158 ϐόλου
2537 4104 2898 4173 γεγέννηται.
2938 4100 3065 4153 Ἰδοὺ
3092 4095 3183 4153 οὖν
3212 4098 3470 4169 ὼδξνησεν
3495 4098 3652 4151 αὐτὸν
3674 4098 3763 4151 διὰ
3792 4098 3890 4165 τῆς

667 4200 755 4244 tur
784 4205 907 4244 eum
932 4190 1187 4259 parturiit
1211 4190 1457 4245 diabolus
1488 4206 1583 4260 per
1614 4193 1969 4263 iniquitatem,
2014 4207 2068 4249 et
2100 4211 2218 4252 con«

2332 4196 2565 4257 ἀδικίας,
2600 4196 2692 4246 καὶ
2717 4191 3003 4244 συνέλαϐεν
3029 4192 3208 4253 αὑτὸν,
3242 4191 3400 4243 οἱονεὶ
3422 4193 3477 4241 ὲν
3500 4193 3609 4251 τοῖς
3636 4190 3893 4243 οἰκειοτὰ-

666 4284 807 4352 cepit
835 4284 1006 4353 ipsum
1044 4300 1059 4337 :
1094 4284 1195 4337 llOC
1218 4294 1319 4349 est,
1353 4283 1403 4337 in
1440 4284 1787 4352 penitissimis
1825 4288 1907 4341 sui
1950 4289 2117 4357 ipsius
2142 4303 2226 4342 re-

672 4376 913 4431 cessibus
946 4376 1216 4431 detentum
1255 4379 1353 4429 sub
1383 4377 1585 4431 viscera
1616 4379 1815 4447 pr0prii
1847 4377 2070 4434 alfectus
2103 4395 2226 4449 per-

670 4467 854 4530 traxit,
880 4482 944 4522 ac
977 4482 1042 4522 eo
1062 4468 1331 4539 gravidus,
1374 4479 1482 4522 tum
1504 4471 1718 4523 demum
1756 4471 1979 4540 peperit,
2006 4486 2130 4525 cum
2169 4472 2222 4525 in

671 4567 913 4625 apertum
942 4558 1083 4613 illius
1112 4560 1332 4626 protulit
1381 4560 1720 4625 iniquitatem
1755 4578 1768 4613 :
1806 4561 2070 4630 siquidem
2106 4562 2223 4630 ejus

668 4652 723 4704 in
753 4660 955 4719 patrem
984 4651 1203 4706 rebellio
1243 4653 1555 4706 denuntiata
1587 4653 1834 4706 omnibus
1860 4661 1941 4707 est
1971 4667 2064 4721 per
2094 4668 2228 4721 pne-

668 4754 880 4794 eonem.
907 4737 1069 4794 Vens.
1101 4742 1185 4795 16.
1205 4741 1404 4795 Lacum
1429 4743 1654 4809 aperuit,
1685 4753 1729 4795 et
1756 4742 1934 4811 e/j’odt’t
1959 4759 2094 4795 eum.
2119 4741 2227 4798 No-

679 4849 800 4887 tnen
842 4832 990 4889 lacus
1041 4834 1093 4887 in
1131 4835 1324 4889 divinis
1375 4835 1668 4903 Scripturis
1705 4852 1805 4888 non
1859 4836 2139 4890 admodum
2171 4836 2223 4890 in

670 4923 866 4979 bonam
916 4936 1119 4994 partem
1154 4927 1453 4980 invenimus
1486 4937 1802 4997 acceptum;
1861 4928 1999 4982 sicut
2053 4943 2224 5000 neque

748 5041 793 5073 τ’
823 5039 845 5095 l
878 5038 1033 5097 Joan.
1068 5056 1149 5101 ιιι.
1182 5041 1235 5097 8.

769 5134 857 5199 84)
880 5133 1032 5187 Coll).
1052 5134 1310 5201 septimus
1326 5134 1483 5189 habet
1498 5134 1735 5205 πονηροῦ
1768 5151 1861 5202 pro
1879 5134 2145 5189 διαϐόλου.
2169 5133 2237 5185 11-

673 5205 787 5261 '3tid.
809 5205 1186 5273 ἐξειργάσατο,
1214 5207 1431 5257 deestin
1454 5208 1640 5259 editis:
1673 5208 1764 5259 sed
1800 5208 2037 5258 additum
2062 5216 2140 5258 est
2169 5220 2234 5257 ex

680 5276 852 5327 tribus
890 5290 1021 5327 mss.
1067 5273 1268 5329 Ibidem
1313 5276 1501 5343 legitur
1539 5278 1588 5328 in
1626 5276 1785 5329 editis
1806 5286 1857 5329 et
1887 5276 1937 5327 in
1968 5275 2238 5328 nonnullis

681 5359 809 5396 mss.
839 5342 1101 5413 ἐπιθυμία
1131 5363 1145 5398 :
1176 5346 1268 5399 sed
1293 5342 1485 5414 legitur
1516 5347 1565 5399 in
1591 5346 1775 5413 majori
1802 5356 1951 5412 parte
1975 5360 2102 5397 mss.
2123 5346 2239 5395 ὲπι-

679 5414 891 5482 θυμίαι.
945 5414 1109 5467 Paulo
1161 5424 1282 5484 post
1315 5432 1444 5468 mss.
1480 5419 1719 5484 plerique
1753 5431 1937 5469 euantes
1980 5415 2029 5467 οἱ
2085 5414 2239 5467 ἀλλό-

679 5501 841 5555 ’τριοιἶ
866 5484 1023 5555 D_eest
1051 5485 1307 5555 articulus
1342 5486 1393 5537 in
1419 5487 1651 5555 excusis.

886 5553 1055 5607 Editio
1082 5553 1245 5608 Basil.
1274 5566 1327 5607 el
1355 5571 1447 5608 sex
1497 5552 1625 5608 inss.
1670 5555 1745 5609 sic
1778 5554 1973 5606 habent
2006 5570 2018 5607 ζ
2048 5552 2238 5624 ἐπειδὴ

684 5617 899 5693 πρῶτον
916 5624 971 5696 αἱ
986 5625 1208 5677 κύουσαι
1238 5625 1686 5696 συλλαμϐάνουσι,
1716 5624 2020 5696 τελευταῖον
2041 5622 2095 5696 δε
2119 5617 2238 5675 ὼδίλ

683 5690 883 5756 νουσιν,
904 5690 1329 5750 εἷτατίκτουσιν.
1352 5690 1526 5749 Editio
1548 5696 1719 5750 Paris.
1739 5705 1789 5748 et
1820 5694 1949 5763 Reg.
1974 5694 2165 5746 tertius
2183 5704 2239 5763 ut

688 5764 740 5817 in
779 5774 948 5819 textu.
980 5764 1119 5820 Infra
1163 5767 1288 5823 editi
1316 5775 1370 5822 et
1417 5765 1568 5834 Regii
1624 5767 1824 5835 primus
1854 5762 1919 5819 et
1942 5773 2126 5819 sextus
2162 5762 2235 5833 μὴ

2328 4305 2442 4350 τοις
2477 4285 2664 4339 ἑαυτοῦ
2708 4284 2813 4336 ὑπὸ
2844 4282 2911 4335 τὰ
2954 4283 3231 4351 σπλάγχνα
3272 4282 3369 4350 τῆς
3419 4282 3551 4343 ἰδίας
3600 4280 3891 4342 διαθέσεως

2331 4382 2503 4450 ἤγαγε
2538 4378 2629 4431 καὶ
2656 4376 3016 4444 ὲκυοφόρησεν
3049 4374 3207 4425 αὐτὸν
3244 4375 3271 4424 6
3303 4373 3541 4431 διάϐολος
3562 4389 3573 4401 ·
3610 4368 3730 4424 εἶτα
3791 4374 3891 4425 ἀπ-

2332 4471 2614 4539 εγέννησεν
2638 4465 2817 4527 αὑτὸν,
2840 4464 3046 4533 ἐκφανῆ
3063 4462 3159 4534 τὴν
3184 4461 3409 4533 ἀνομίαν
3435 4460 3592 4514 αὑτοῦ
3619 4464 3889 4529 καταστή-

2335 4578 2452 4623 σας,
2501 4559 2632 4612 διότι
2684 4557 2816 4609 πᾶσι
2863 4553 3247 4625 προεκηρῦχθη
3295 4554 3326 4623 ἡ
3375 4554 3511 4605 κατὰ
3547 4551 3641 4605 τοῦ
3688 4554 3888 4623 πατρὸς

2330 4655 2712 4713 ἐπανάστασις.
2753 4647 2991 4703 Λάκκον
3022 4646 3230 4714 ὤρυξε,
3274 4644 3371 4697 καὶ
3408 4642 3761 4711 ἀνέσκαψεν
3786 4646 3886 4696 αὺ-

2329 4747 2454 4797 τόν.
2500 4744 2574 4797 Οὐ
2619 4742 2756 4794 πάνυ
2803 4740 2895 4791 ἐπὶ
2931 4736 3093 4791 καλοῦ
3144 4736 3462 4807 εὑρίσκομεν
3502 4734 3563 4785 τὸ
3595 4732 3764 4803 ὄνομα
3798 4733 3887 4785 τοῦ

2331 4835 2531 4887 λάκκου
2564 4833 2891 4901 τεταγμένον
2925 4833 2980 4882 ἐν
3018 4832 3133 4892 ταῖς
3165 4828 3334 4889 θείαις
3362 4826 3601 4897 Γραφαῖς
3622 4842 3636 4853 ·
3669 4825 3744 4888 ὡς
3774 4826 3888 4878 οὐδὲ

2335 4929 2393 4984 τὸ
2427 4928 2600 4999 φρέαρ
2630 4927 2817 4989 ὓδατος
2848 4924 2940 4977 ἐπὶ
2961 4924 3212 4996 χείρονος.
3244 4921 3455 4983 Λάκκος
3487 4919 3584 4989 μὲν
3609 4920 3719 4988 γάρ
3746 4922 3886 4973 ἐστιν

2340 5132 2648 5202 γενόμενος.
2677 5125 2941 5202 Particula
2971 5127 3043 5195 μή
3071 5124 3314 5202 deestin
3350 5120 3477 5202 aliis.
3505 5130 3735 5202 quatuor
3762 5132 3880 5199 mss.

2414 5186 2522 5271 (liii)
2552 5186 2640 5254 Sic
2667 5200 2878 5271 codices
2901 5186 3122 5271 sejitelti.
3162 5193 3333 5271 Editio
3360 5186 3880 5271 l’arisieusisnéyxazi-

2344 5257 2459 5335 σας.
2485 5257 2675 5325 Censet
2706 5270 2787 5320 vir
2823 5257 3010 5333 lingua
3034 5263 3231 5318 Grzeca:
3246 5262 3635 5335 scientissimus
3664 5257 3882 5335 Contube-

2346 5329 2492 5396 lisius
2522 5341 2794 5411 ὲγκυήσας
2838 5329 2924 5411 llic
2957 5335 3234 5401 legendum
3266 5346 3403 5411 esse.
3431 5330 3533 5411 ﬁed
3560 5329 3674 5411 ejus
3706 5329 3879 5411 conje-

2343 5423 2544 5467 cturam
2562 5398 2691 5461 'uon'
2717 5398 3136 5473 sequimurfnon
3159 5404 3297 5469 quod
3318 5399 3616 5474 displiceat,
3654 5399 3759 5474 imo
3778 5398 3880 5473 pla-

2343 5493 2427 5535 cet
2466 5481 2714 5537 maxime.
2744 5472 2835 5530 sed
2869 5476 3011 5542 quod
3045 5473 3236 5546 nullius
3269 5486 3367 5546 ms.
3402 5472 3715 5546 Il_l_(‘l0_l'll:t.le
3745 5472 3877 5546 inpi-

2345 5535 2822 5618 Iatnr.’Aliquanto
2852 5535 3173 5618 pust-editio
3204 5541 3373 5618 Paris:
3409 5535 3759 5618 olbgnéxslvou

2342 5624 2433 5675 scd
2468 5635 2591 5673 mss.
2615 5606 2802 5671 oinnes
2830 5606 2941 5677 υἱὸς
2973 5607 3035 5679 ᾧ,
3068 5612 3220 5665 bene.
3247 5609 3479 5664 Subinde
3520 5606 3647 5676 Reg.
3681 5606 3879 5675 primus

2342 5705 2392 5746 ct
2422 5692 2570 5746 Colb.
2599 5690 2855 5758 septimus
2882 5682 3124 5738 διαϐόλου
3151 5680 3432 5749 γεγένηται
