4092 6318
158 365 294 418 ΞΜ)

1359 357 1636 413 IIOMILIA
1677 357 1695 412 Ι
1740 357 1804 411 IN
1847 357 2166 413 PSALMUM
2209 360 2344 414 XIV.

3322 363 3425 418 250

166 482 267 541 εἰς
296 478 358 531 ὃν
387 476 584 547 ἐϐλήθη
630 474 732 527 ὑπὸ
768 472 875 527 τῶν
923 473 1164 543 ἀδελφῶν
1198 472 1360 526 αὑτοῦ
1406 474 1621 545 Ἰωσήφ.
1654 474 1755 525 Kal

1869 483 2056 542 puteus
2086 490 2236 544 aquae
2264 475 2314 528 in
2351 473 2565 528 malam.
2594 474 2767 530 Lacus
2794 475 2935 529 enim
2962 484 3063 542 est,
3109 478 3160 530 iu
3196 491 3355 546 quem
3393 495 3421 532 a

165 570 278 623 ὅτε
314 569 643 622 πατάσσεται
684 565 795 636 (87)
842 565 985 619 Ἀπὸ
1015 564 1386 633 πρωτοτόκου
1422 563 1627 632 Φαραὼ
1652 562 1762 629 ἓως

167 664 568 731 πρωτοτόκου
600 659 710 727 τῆς
738 657 1167 728 αίχμαλώτιδος
1194 656 1302 725 τῆς
1334 658 1403 710 ἐν
1432 655 1511 722 τῷ
1536 656 1757 724 λάκκῳ.

170 757 306 809 Καὶ
349 757 407 806 ὲν
446 755 557 815 τοῖς
592 751 842 821 Ψαλμοῖς
861 768 873 780 ·
917 750 1409 819 Προσελοτίσθην
1451 752 1599 820 μετὰ
1644 748 1764 802 τῶν

172 845 671 899 καταϐαινόντων
718 844 804 907 εις
843 840 1089 894 λάκκον.
1135 842 1245 894 Καὶ
1281 842 1339 893 ὲν
1388 841 1463 912 τῷ
1525 841 1761 913 Ἱερεμίᾳ

175 940 391 1010 φησίψ
437 935 572 1006 Ἐμὲ
610 933 999 1005 ἐγκατέλιπον
1036 933 1241 1004 πηγὴν
1278 934 1492 1000 ὓδατος
1524 933 1755 999 ζῶντος,

170 1028 289 1081 καὶ
325 1027 560 1095 ὤρυξαν
606 1022 838 1090 ἑαυτοῖς
883 1023 1150 1091 λάκκους
1199 1026 1754 1094 συντετριμμένους,

170 1120 241 1173 οἳ
274 1122 349 1173 οὺ
375 1117 738 1184 δυνήσονται
776 1114 930 1183 ὕδωρ
971 1115 1079 1187 (88)
1114 1116 1412 1186 συνέχειν.
1468 1117 1626 1170 Ἀλλὰ
1667 1120 1758 1170 καὶ

170 1213 243 1264 ὲν
282 1210 361 1281 τῷ
389 1210 582 1281 Δανιὴλ
610 1208 809 1272 λάκκος
840 1208 1066 1262 λεόντων
1103 1209 1543 1278 ἀναγέγραπται,
1590 1212 1669 1272 είς
1698 1211 1757 1262 ὃν

174 1302 441 1372 ῥίπτεται
476 1299 685 1370 Δανιήλ.
718 1298 897 1370 Φρέαρ
924 1299 979 1351 δὲ
1022 1298 1241 1369 ὀρύσσει
1280 1297 1560 1369 Ἀϐραάμ·
1591 1300 1684 1351 καὶ
1708 1301 1756 1351 οί

172 1394 378 1457 παῖδες
403 1392 494 1445 τοῦ
534 1392 716 1445 Ἰσαάκ
734 1408 747 1420 ι
778 1391 871 1444 καὶ
890 1392 980 1443 ἐπὶ
1007 1390 1179 1461 φρέαρ
1209 1388 1438 1455 ἐξελθὼν
1460 1391 1760 1444 ἀνεπαύετο

172 1486 448 1554 Μωΰσῆς.
480 1484 587 1536 Καὶ
611 1482 827 1554 ἐντολὴν
859 1482 1204 1553 λαμϐάνομεν
1234 1483 1341 1535 ἀπὸ
1369 1482 1462 1536 τοῦ
1486 1483 1760 1554 Σολομῶν-

172 1595 272 1639 τος
328 1576 499 1629 πίνειν
550 1574 718 1629 ὕδατα
767 1575 872 1628 ἀπὸ
926 1574 1205 1645 ἡμετέρων
1257 1574 1492 1643 ἀγγείων
1528 1577 1621 1629 καὶ
1652 1578 1760 1630 ἀπὸ

173 1666 470 1739 ἡμετέρων
519 1669 768 1739 φρεάτων
819 1668 1019 1737 πηγῆς.
1061 1668 1228 1721 Καὶὸ
1261 1668 1451 1739 Σωτὴρ
1494 1669 1642 1739 παρᾶ
1682 1670 1759 1740 τῷ

172 1757 384 1828 φρέατι
414 1761 478 1830 τῇ
521 1760 871 1831 Σαμαρείτιδι
902 1759 1030 1830 περὶ
1060 1758 1219 1812 Θείων
1252 1759 1559 1831 μυστηρίων
1589 1760 1761 1812 διαλέ-

1865 568 1978 621 suis
2009 566 2273 620 fratribus
2295 566 2571 633 conjectus
2605 580 2687 621 est
2717 566 2931 637 Josepli.
2978 568 3039 622 Et
3090 584 3210 621 cum
3248 569 3423 625 caedes

1866 656 2008 711 facta
2043 666 2122 710 est
2155 658 2196 709 Α
2248 658 2589 726 primogenita
2623 656 2942 723 Pharaonis,
2977 674 3140 727 usque
3192 659 3261 711 ad
3310 659 3412 726 pri-

1864 749 2174 813 mogenitum
2211 749 2427 814 captiva:
2457 762 2571 816 qua:
2600 750 2650 800 in
2685 749 2805 800 lacu
2833 748 2897 800 ⁷³.
2928 746 2993 801 Et
3043 748 3097 802 in
3116 736 3127 747 ’
3150 748 3375 802 Psalmis
3405 766 3418 801 :

1863 840 2180 895 xEstimatus
2202 855 2315 892 sum
2334 856 2447 891 cum
2475 839 2898 893 descendentibus
2918 841 2971 892 in
3002 838 3249 892 locum“.
3273 839 3338 894 Et
3366 840 3419 892 in

1862 931 2091 987 Jeremia
2129 949 2142 985 :
2173 931 2257 985 Me
2286 932 2476 1000 [autem
2519 947 2668 1003 aqua:
2701 933 2845 993 aivtt',
2875 932 3047 998 inquit
3069 971 3082 992 ,
3129 930 3419 1001 derelique-

1864 1035 2007 1089 runt,
2037 1034 2085 1077 et
2118 1024 2365 1091 foderunt
2393 1023 2487 1076 sibi
2536 1023 2677 1075 lacus
2708 1024 2977 1084 contritas,
3016 1024 3107 1091 qui
3148 1038 3247 1076 non
3273 1033 3417 1090 pote-

1862 1123 1981 1168 runt
2022 1114 2284 1166 continere
2317 1129 2504 1182 aquam
2528 1111 2595 1166 ".
2622 1115 2797 1180 Atque
2823 1109 2983 1163 etiam
3013 1112 3064 1163 in
3096 1109 3313 1165 Daniele
3345 1110 3419 1162 la-

1860 1222 1955 1260 cus
1984 1206 2194 1259 leonum
2232 1204 2533 1271 descriptus
2555 1211 2655 1267 est,
2684 1204 2735 1257 in
2773 1217 2931 1271 quem
2964 1201 3212 1269 deiicitur
3234 1202 3417 1257 Daniel

1863 1299 1997 1364 ipse.
2028 1297 2252 1350 Pnteum
2282 1306 2458 1348 autem
2494 1294 2679 1349 ellodit
2728 1294 3006 1347 Abraham
3041 1311 3055 1347 :
3114 1294 3238 1348 item
3269 1294 3417 1363 pueri

1864 1388 2008 1441 Isaac
2045 1406 2058 1439 :
2095 1396 2148 1439 et
2192 1386 2255 1440 ad
2300 1394 2512 1455 puteum
2558 1399 2872 1456 progressus
2911 1387 3277 1454 requiesccbat
3306 1386 3418 1442 Mo-

1861 1495 1967 1533 ses.
2001 1477 2067 1532 Et
2094 1476 2345 1545 jubemur
2396 1493 2423 1529 a
2457 1475 2739 1531 Salomone
2770 1490 2960 1544 aquam
2999 1472 3182 1531 bib‘ere
3212 1494 3275 1531 ex
3322 1494 3420 1531 no-

1861 1571 1987 1624 stris
2011 1571 2239 1630 vasis,et
2266 1584 2328 1622 ex
2379 1577 2657 1637 puteorum
2685 1578 2988 1621 nostrorum
3017 1566 3161 1621 fonte
3183 1569 3250 1624 ⁷⁸.
3280 1570 3422 1636 Quin

1862 1661 2023 1713 etiam
2062 1658 2309 1712 Salvator
2336 1659 2618 1727 ipsejuxta
2653 1667 2868 1727 puteum
2914 1674 3036 1712 cum
3080 1658 3417 1714 Samaritana

1863 1753 1927 1804 ile
1956 1752 2154 1803 divinis
2180 1751 2455 1819 mysteriis
2485 1750 2719 1803 disserit.
2751 1751 2977 1804 Causam
3010 1766 3135 1804 vero
3158 1768 3256 1804 cur
3280 1752 3423 1806 lacus

169 1865 362 1917 γεται.
401 1850 508 1921 Τὴν
534 1851 590 1903 δὲ
616 1830 793 1903 αἰτίαν
820 1849 913 1903 τοῦ
946 1850 1042 1902 ἐπὶ
1074 1850 1331 1921 χειρόνων
1362 1830 1459 1921 μέν
1486 1852 1609 1913 τοὺς
1632 1851 1755 1904 λάκ-

1864 1843 1914 1896 in
1944 1843 2112 1911 pejus,
2144 1842 2288 1911 putei
2314 1858 2442 1897 vero
2480 1842 2529 1895 in
2558 1841 2745 1895 melius
2778 1852 3127 1911 usurpentur,
3150 1844 3285 1897 banc
3307 1860 3427 1900 esse

172 1958 318 2006 κους
359 1942 637 2013 τετάχθαι,
670 1943 765 1995 ἐπὶ
803 1943 1127 2013 κρειττόνων
1154 1942 1210 1994 δὲ
1239 1941 1307 1993 τὰ
1345 1943 1574 2013 φρέατα,
1606 1945 1760 2014 νομί-

172 2033 351 2104 ξομεν
383 2035 581 2103 ταύτην
621 2034 885 2105 ὑπάρχειν
906 2051 918 2064 ·
948 2034 1235 2105 ἐπίκτητον
1266 2034 1325 2087 τὸ
1367 2032 1509 2105 ὕδωρ
1547 2036 1605 2087 ὲν
1651 2039 1761 2098 τοῖς

172 2118 429 2182 λάκκοις,
457 2122 651 2171 πῖπτον
684 2119 740 2185 ἐξ
767 2118 994 2190 οὐρανοῦ
1012 2136 1024 2149 ·
1056 2121 1113 2172 ὲν
1137 2118 1192 2172 δὲ
1211 2121 1322 2183 τοῖς
1348 2119 1542 2190 φρέασι
1568 2119 1762 2187 φλέϐες

176 2204 397 2257 ὑδάτων
433 2204 793 2274 κεχωσμέναι,
848 2204 977 2275 πρὶν
1026 2202 1319 2275 ὀρυχθῆναι
1370 2204 1496 2265 τοὺς
1540 2202 1757 2264 τόπους,

177 2296 580 2367 φανεροῦνται,
630 2296 1084 2367 περιαιρεθέντων
1129 2294 1237 2348 τῶν
1285 2293 1760 2347 ὲπικαλυπτόντων

176 2388 475 2458 χωμάτων,
513 2389 603 2440 καὶ
640 2387 960 2457 οἱασδήποτε
993 2385 1178 2447 οὐσίας
1221 2382 1593 2453 ἐπικειμένης,
1639 2385 1761 2453 ἥτις

176 2478 339 2531 πᾶσά
365 2480 479 2530 ἐστι
505 2481 594 2548 γῆ.
625 2480 734 2531 Καὶ
758 2481 814 2530 ὲν
843 2480 963 2540 ταῖς
987 2476 1183 2546 ψυχαῖς
1211 2476 1387 2529 τοίνυν
1421 2477 1567 2529 ἐστὶν
1599 2478 1760 2531 οἱονεὶ

173 2572 423 2641 ὄρυγμα,
470 2572 527 2621 ὲν
572 2564 659 2631 αἷς
692 2569 1025 2621 καταπίπτει
1063 2566 1134 2620 τὰ
1171 2567 1453 2639 κρείττονα
1486 2568 1758 2639 μεταϐάλ-

175 2663 345 2715 λοντα
388 2662 481 2714 καὶ
514 2661 1069 2732 παραχαραττόμενα,
1100 2661 1188 2713 ὅτε
1228 2678 1310 2725 τις
1349 2661 1445 2724 τὰς
1489 2662 1617 2733 περὶ
1652 2661 1759 2713 τῶν

178 2752 369 2806 καλῶν
408 2754 612 2816 ἐννοίας
660 2753 927 2817 πεσούσας
971 2754 1049 2816 εἰς
1101 2753 1261 2806 αὑτὸν
1302 2753 1525 2823 τρέπει,
1561 2752 1652 2805 ἐπὶ
1699 2753 1759 2804 τὸ

177 2846 618 2917 κακουργότερον
660 2846 829 2908 αὐτὰς
861 2845 1224 2916 διαστρέφων,
1262 2845 1355 2896 καὶ
1385 2844 1476 2896 ἐπὶ
1507 2843 1574 2895 τὰ
1608 2846 1759 2896 ὲναν-

176 2936 274 2990 τία
299 2939 364 3007 τῇ
389 2936 633 3007 ἀληθείᾳ,
661 2936 809 2989 οὐδὲν
831 2938 1027 2988 οἰκεῖον
1054 2934 1475 3005 βεϐουλευμένος
1500 2934 1640 3005 ἔχειν
1664 2928 1759 2989 κᾶ-

176 3028 291 3080 λόν.
331 3028 440 3080 Καὶ
490 3028 646 3081 πάλιν
700 3027 931 3097 φρέατα,
973 3028 1080 3090 ὅτε,
1140 3025 1596 3099 περιαιρεθέντων
1645 3027 1755 3098 (89)

174 3119 291 3171 τῶν
330 3119 803 3175 ὲπικαλυπτόντων
841 3120 1120 3190 χειρόνων,
1169 3119 1479 3190 ἀναλάμπει
1510 3119 1626 3188 φῶς
1666 3121 1757 3173 καὶ

177 3210 335 3280 πηγὴ
365 3210 549 3275 ὓδατος
577 3213 634 3264 ἐν
659 3212 800 3283 λόγῳ
826 3216 919 3266 καὶ
944 3214 1171 3284 δόγμασι
1197 3213 1446 3283 ποτίμου.
1474 3213 1571 3265 Διὰ
1597 3212 1755 3265 τοῦτο

175 3301 410 3355 ἕκαστον
441 3303 615 3373 ἐαυτῷ
650 3306 826 3376 φρέαρ
862 3306 1264 3357 κατασκευάσαι
1303 3307 1617 3373 ἀναγκαῖον,
1666 3304 1751 3357 ἵνα

176 3394 393 3465 τηρήσῃ
439 3393 535 3465 τὴν
588 3396 989 3466 προειρημένην
1045 3397 1263 3467 ἐντολὴν
1314 3396 1411 3467 τὴν
1460 3397 1751 3466 λέγουσαν·

177 3487 326 3540 Πίνε
357 3486 540 3540 ὕδατα
564 3485 683 3541 ἀπὸ
716 3483 844 3540 σῶν
863 3487 1134 3558 ἀγγείων,
1169 3487 1267 3540 καὶ
1293 3487 1410 3541 ἀπὸ
1438 3485 1566 3541 σῶν
1585 3486 1753 3557 φρεά-

177 3595 298 3631 των
323 3577 536 3648 πηγῆς.
571 3579 727 3632 Οὕτω
747 3578 855 3650 γὰρ
881 3580 1286 3650 χρηματίσομεν
1312 3578 1477 3632 τέκνα
1499 3577 1605 3632 τῶν
1629 3579 1752 3650 ὀρυ-

179 3669 386 3735 ξάντων
412 3670 481 3721 τὰ
507 3672 736 3742 φρέατα,
783 3671 1032 3742 Ἀϐρααμ
1058 3672 1152 3724 καὶ
1194 3671 1375 3724 Ἰσαὰκ
1401 3671 1494 3725 καὶ
1538 3672 1749 3725 Ἰακώϐ.

176 3762 392 3813 Λάκκον
420 3760 477 3813 δὲ
510 3762 569 3813 οὐ
613 3762 863 3833 ποιητέον
886 3802 899 3827 ,
930 3762 1013 3815 ἵνα
1050 3762 1124 3831 μὴ
1155 3763 1485 3832 ἐμπέσωμεν
1532 3763 1640 3834 (90)
1673 3765 1750 3825 είς

174 3854 237 3906 τὸ
277 3853 511 3923 ὄρυγμα,
544 3853 683 3906 κατὰ
712 3854 771 3906 τὸ
796 3853 980 3907 ὲνθὰδε
1013 3854 1320 3925 εἰρημένον,
1351 3855 1485 3924 μηδὲ
1509 3855 1751 3908 ἀκούσω·

176 3964 277 4018 μεν
311 3948 380 3999 τὰ
410 3949 466 4000 ἐν
499 3948 577 4019 τῷ
626 3948 866 4020 Ἱερεμίᾳ
907 3950 992 4001 ἐπ’
1025 3946 1311 4018 ὀνειδισμῷ
1355 3948 1462 4000 τῶν
1502 3949 1748 4019 ἁμαρτα-

172 4040 370 4093 νόντων
394 4040 879 4113 ἀναγεγραμμένα,
910 4040 1000 4095 τοῦ
1043 4040 1177 4095 Θεοῦ
1209 4041 1454 4111 λέγοντος
1483 4042 1611 4112 περὶ
1648 4043 1716 4094 αὐ
1735 4072 1747 4081 -

170 4134 279 4186 τῶν
306 4133 340 4187 ἃ
373 4135 468 4187 καὶ
500 4136 606 4207 πρὸ
644 4134 890 4207 βραχέως
930 4134 1280 4207 παρεθέμεθα
1303 4153 1315 4165 ·
1356 4133 1493 4203 Ἐμὲ
1514 4132 1749 4202 ἐγκατέ-

1861 1934 2272 1997 existimamus;
2306 1934 2449 2002 quod
2481 1949 2616 2003 aqua
2662 1934 2713 1987 in
2753 1934 2976 1988 lacubus
3009 1934 3079 1989 sit
3106 1937 3420 1998 adventitia,

1862 2024 2060 2093 quippe
2089 2039 2207 2092 qua:
2234 2040 2261 2078 e
2291 2024 2428 2079 (telo
2461 2025 2616 2078 cadat
2649 2044 2660 2079 :
2698 2026 2747 2078 in
2791 2025 2966 2095 puteis
2995 2040 3122 2081 vero
3160 2041 3421 2094 aquarum

1863 2128 2031 2176 vena),
2064 2122 2349 2181 antequam
2382 2111 2495 2165 loca
2512 2111 2854 2179 effodiantur,
2882 2127 3104 2186 aggesta
3138 2117 3302 2170 humo
3327 2120 3425 2171 ob-

1864 2215 2015 2265 ruite,
2045 2202 2157 2273 jam
2192 2218 2250 2257 se
2289 2205 2535 2272 prodant,
2572 2204 2615 2258 si
2650 2208 2805 2259 modo
2840 2221 3063 2277 aggeres
3110 2223 3203 2263 eas
3237 2218 3420 2278 tegen-

1864 2304 1962 2358 tes,
2014 2307 2105 2350 aut
2162 2297 2263 2350 alia
2308 2298 2511 2367 quaevis
2566 2298 2881 2354 incumbens
2907 2301 3246 2369 substantia,
3305 2318 3427 2373 quas

1863 2389 2090 2458 ipsamet
2130 2400 2236 2443 tota
2280 2398 2425 2444 terra
2470 2400 2571 2457 est,
2596 2390 3033 2446 submoveautur.
3067 2392 3131 2446 Et
3164 2408 3293 2449 vero
3328 2409 3422 2450 ve-

1863 2478 1955 2531 luti
1993 2478 2133 2532 fossa
2160 2489 2240 2533 est
2270 2481 2321 2534 in
2359 2481 2666 2545 animabus,
2696 2482 2746 2535 iu
2773 2498 2909 2552 quas
2939 2484 3139 2539 cadunt
3173 2486 3374 2555 optima
3403 2528 3421 2555 ,

1861 2568 2276 2637 quatinutantur
2300 2581 2354 2626 et
2396 2573 2794 2638 adulterantur,
2832 2587 2964 2642 tum,
2990 2592 3110 2630 cum
3156 2580 3421 2647 quispiam

1862 2660 2072 2715 honesti
2101 2664 2343 2731 rectique
2367 2665 2721 2732 c0gitationes
2749 2667 2849 2720 sibi
2880 2668 3097 2737 illapsas
3132 2671 3303 2738 pellit,
3329 2686 3423 2729 eas

1860 2754 1925 2805 ad
1949 2753 2151 2822 pejora,
2176 2765 2230 2809 et
2260 2755 2324 2808 ad
2364 2769 2425 2809 ea
2451 2771 2569 2826 qua:
2590 2758 2802 2812 veritati
2829 2760 3204 2826 adversantur,
3236 2764 3425 2818 distor-

1859 2857 2031 2911 quens
2058 2862 2070 2897 :
2105 2844 2300 2916 quippe
2326 2846 2528 2901 nullum
2557 2850 2754 2904 bonum
2780 2849 3042 2906 familiare
3068 2869 3130 2906 ac
3151 2856 3420 2925 proprium

1862 2933 2062 2990 habere
2091 2939 2297 2993 statuit.
2339 2938 2562 3001 Contra,
2604 2941 2749 3009 putei
2786 2950 2911 2996 sunt
2958 2944 3007 2995 in
3059 2946 3265 3011 anima,
3297 2962 3420 3003 cum

1862 3029 1976 3094 lus,
2010 3030 2155 3084 vitiis
2187 3044 2302 3095 qua:
2331 3030 2643 3099 iutegebant
2679 3032 2894 3099 ablatis,
2946 3031 3183 3104 effulget,
3216 3048 3269 3091 et
3301 3036 3419 3095 fons

1862 3138 2015 3191 aqua:
2043 3136 2161 3189 quae
2194 3137 2286 3189 per
2313 3136 2616 3176 sermonem
2641 3132 2697 3177 et
2726 3124 2975 3194 dogmata
3007 3127 3153 3195 potui
3182 3128 3296 3182 dari
3322 3144 3418 3199 ρος

1863 3226 1983 3270 test.
2017 3214 2359 3283 Quapropter
2378 3216 2766 3285 estunicuique
2798 3233 3041 3285 necesse,
3068 3222 3169 3275 sibi
3203 3234 3419 3291 puteum

1862 3321 2193 3375 praeparare,
2231 3317 2288 3359 ut
2326 3310 2636 3361 mandatum
2670 3320 3021 3363 memoratum
3055 3322 3252 3376 senet,
3312 3328 3418 3383 quc

1860 3397 2056 3449 dicitur
2084 3413 2098 3449 :
2126 3395 2254 3450 Bibe
2286 3413 2450 3462 aquas
2484 3399 2547 3450 de
2592 3400 2695 3450 tnis
2742 3400 2900 3462 rasis,
2950 3411 2996 3453 et
3038 3400 3102 3454 de
3147 3413 3421 3468 puteorum

1857 3500 2064 3540 tuorum
2089 3487 2232 3554 [ante
2279 3487 2347 3541 "".
2390 3487 2479 3541 Sic
2533 3488 2674 3541 enim
2716 3492 2864 3557 prius
2896 3492 3287 3561 appellabimus
3326 3495 3422 3551 lilii

1858 3588 2044 3648 puteos
2092 3577 2491 3641 eﬂ‘odientium.
2543 3580 2796 3649 Abrahae,
2837 3592 2892 3637 et
2931 3584 3098 3647 Isaac.
3136 3595 3189 3639 et
3230 3585 3416 3644 Jacob.

1856 3669 2032 3725 Lacus
2058 3681 2234 3725 autem
2267 3670 2545 3728 faciendus
2577 3690 2678 3730 non
2710 3683 2810 3739 est,
2847 3691 2913 3731 ne
2962 3677 3013 3730 in
3055 3676 3250 3731 fossam
3288 3682 3423 3735 inci-

1854 3767 2042 3819 damus
2078 3767 2183 3833 ita,‘
2207 3778 2262 3819 ut
2291 3768 2377 3821 hic
2403 3768 2616 3831 dicitur,
2656 3782 2788 3821 neve
2820 3769 3102 3824 audiamus
3128 3786 3191 3825 ea
3222 3774 3414 3841 qutein

1852 3852 2081 3909 Jeremia
2107 3857 2157 3908 in
2183 3863 2521 3923 peccatorum
2573 3858 2829 3926 probrum
2868 3868 2923 3912 et
2950 3860 3180 3916 dedecus
3218 3865 3418 3935 scripta

1852 3960 1999 4013 sunt,
2038 3950 2146 4002 Deo
2166 3949 2233 4001 de
2256 3948 2384 4016 ipsis
2411 3950 2625 4006 dicente
2664 3953 2807 4020 quod
2848 3952 3011 4022 paulo
3053 3965 3178 4009 ante
3235 3957 3419 4011 retuli-

1856 4058 1973 4096 mus
2006 4060 2019 4095 :
2059 4039 2145 4093 Me
2179 4042 2376 4110 {autem
2406 4060 2554 4112 aqua:
2588 4044 2710 4098 viva:
2739 4045 3147 4115 dereliquerunt.
3188 4058 3236 4101 et
3265 4048 3416 4115 fode-

1854 4142 1973 4184 runt
2003 4132 2100 4184 sibi
2141 4131 2285 4187 lacus
2309 4138 2580 4201 contritas,
2604 4137 2691 4205 qui
2722 4150 2824 4187 non
2856 4146 3096 4204 poterunt
3135 4137 3265 4206 ipsis
3290 4154 3417 4192 con-

171 4229 350 4279 λιπον
379 4227 580 4297 πηγὴν
607 4228 823 4294 ὕδατος
857 4226 1095 4293 ζῶντος,
1130 4228 1227 4281 καί
1255 4226 1494 4294 ὤρυξαν
1515 4224 1747 4289 ἑαυτοῖς

1860 4224 2019 4277 tinere
2044 4241 2253 4295 nquam.

170 4316 436 4384 λάκκους
493 4320 1057 4389 συντετριμμένους,
1118 4320 1173 4372 οἳ
1238 4322 1308 4373 οὐ
1364 4318 1738 4387 δυνήσονται
1775 4317 1930 4386 ὕδωρ
1969 4319 2172 4385 αὐτοῖς
2210 4320 2512 4389 συνέχειν.

581 4522 689 4574 ΕΙΣ
727 4523 862 4576 TON
902 4522 977 4575 IA'
1005 4523 1324 4576 ΨΑΛΜΟΝ.

2240 4518 2302 4571 IN
2342 4517 2665 4574 PSALMUM
2720 4519 2832 4575 XIV
2877 4521 2973 4591 (a).

172 4618 365 4683 Κύριε,
398 4615 486 4681 τίς
528 4615 882 4682 παροικήσει
922 4618 991 4670 ἐν
1018 4614 1098 4679 τῷ
1149 4613 1497 4683 σκηνώματι
1522 4630 1658 4679 σου,
1696 4614 1732 4681 ἢ

1860 4609 2082 4673 Domine,
2115 4611 2229 4679 quis
2273 4612 2686 4679 peregrinabatur
2712 4614 2767 4667 in
2811 4614 3147 4669 tabernaculo
3188 4628 3293 4682 tua,
3319 4628 3413 4674 aut

344 4687 433 4751 τίς
462 4687 916 4753 κατασκηνώσει
947 4689 1018 4740 ἐν
1054 4686 1174 4754 ὄρει
1204 4686 1349 4755 ἁγίῳ
1373 4702 1489 4739 σου
1515 4701 1531 4748 ;

240 4777 289 4830 1.
330 4778 433 4830 Τὸν
478 4778 682 4832 τέλειον
716 4780 845 4849 ἡμῖν
890 4783 919 4833 ό
950 4780 1104 4848 λόγος
1138 4776 1448 4850 ὑπογράψαι
1480 4776 1736 4846 βουλόμε-

261 4889 305 4920 ⁷³
343 4889 509 4945 Exod.
543 4908 615 4945 χιι
645 4932 662 4957 ,
705 4891 795 4947 9.9.

238 5010 346 5083 (87)
378 5008 484 5062 Kal
512 5007 611 5061 ὅτε
630 5010 1024 5083 στᾼατάσσεται.
1070 5006 1181 5061 lloc
1214 5007 1567 5083 loco_el|ips_is
1618 5016 1720 5058 est.

2017 4697 2133 4750 quis
2172 4684 2448 4749 requiescet
2470 4684 2580 4753 (91)
2620 4687 2673 4737 in
2709 4698 2877 4738 tuante
2909 4702 3085 4739 sancto
3108 4690 3241 4740 tuo?

1917 4777 1968 4831 i.
1999 4778 2299 4849 Scriptura,
2328 4780 2453 4833 dum
2484 4781 2653 4835 virum
2685 4782 2979 4850 perlectum
3027 4784 3179 4839 nobis
3205 4786 3411 4841 descri-

874 4891 920 4923 ⁷⁴⁵
950 4892 1089 4946 Psal.
1120 4890 1436 4960 Lxxxvn,5.
1514 4888 1785 4944 "Jerem.
1811 4907 1869 4956 ll,
1900 4893 1985 4947 l3.
2065 4892 2111 4923 ⁷⁸
2140 4890 2302 4946 Prov.
2340 4891 2498 4951 v.15.
2576 4894 2619 4923 ⁷⁷
2657 4894 2787 4949 ibid.

1908 5004 2017 5084 (89)
2052 5004 2179 5084 Mss.
2222 5006 2458 5084 quinque
2504 5007 2685 5084 καλόνθ
2718 5010 2810 5062 καὶ
2847 5009 3029 5079 ἕτερα,
3064 5010 3175 5074 ὅτε,
3201 5032 3413 5084 περιαι-

169 5075 364 5149 Supple
397 5094 578 5133 vocem
609 5081 911 5149 Αἴγυπτος,
936 5088 1126 5133 etcum
1151 5079 1439 5146 percutitur
1468 5075 1735 5145 ngyptus
1838 5075 2120 5149 ρεθέντων.
2152 5080 2217 5149 At
2241 5075 2521 5133 lectionem
2556 5080 2707 5133 Colli.
2733 5084 2907 5149 quarti
2942 5075 3302 5146 put-tulimus.
3354 5099 3410 5138 et

168 5169 197 5204 a
228 5146 563 5218 primogenita
597 5146 913 5205 Pharaonis.

236 5220 343 5289 (88)
376 5215 668 5272 Colliertini
708 5231 945 5289 quartus
972 5229 1026 5273 et
1066 5216 1323 5289 septimus
1355 5217 1539 5289 αὐτοῖς
1565 5215 1730 5289 ὕδωρ.

172 5286 271 5345 Sed
292 5286 389 5341 vox
410 5290 592 5354 αὐτοῖς
612 5286 793 5344 nonin
814 5288 953 5342 LXX
972 5289 1166 5353 solum,
1188 5286 1277 5341 sed
1305 5287 1469 5338 etiam
1498 5291 1549 5340 in
1573 5286 1733 5340 editis

168 5373 215 5415 et
240 5363 288 5414 in
317 5359 435 5411 aliis
466 5377 597 5413 mss.
629 5362 797 5414 deest.
820 5359 980 5412 Paulo
1000 5370 1116 5426 post
1145 5357 1298 5411 Coll).
1327 5366 1550 5425 quartus
1584 5358 1732 5428 ἔρρι-

168 5446 312 5485 πται.
341 5428 576 5484 Subinde
610 5432 746 5483 idem
773 5429 937 5485 codex
969 5429 1304 5499 ὀρύσσουσιν.

1837 5148 2127 5268 agitaram.
2157 5148 2300 5203 lnira
2334 5166 2460 5204 mss.
2488 5150 2556 5202 τὰ
2588 5150 2815 5218 φρέατα.
2854 5148 3015 5205 Deest
3059 5156 3314 5208 articulus
3354 5173 3407 5210 in

1838 5230 1867 5268 c
1909 5226 2017 5268 itis.

1838 5226 2017 5270 editis.

1906 5285 2017 5353 (90)
2052 5287 2179 5343 Mss.
2222 5289 2326 5341 duo
2374 5289 2789 5358 καταπέσωμεν.
2842 5290 2941 5345 Alii
2976 5302 3086 5346 tres
3126 5291 3403 5353 πέσωμεν.

1832 5355 2032 5433 Neei‘ta
2063 5359 2236 5433 multo
2260 5371 2380 5433 post
2404 5377 2531 5433 mss.
2560 5355 2761 5433 aliquot
2789 5361 2817 5414 ὃ
2850 5364 2943 5416 καὶ
2971 5364 3093 5433 πρό.

1905 5428 2018 5498 (9i)
2063 5429 2284 5497 Vulgata
2341 5431 2616 5489 habitabit.
2666 5428 3407 5503 Augustinusperegrinubi-

166 5545 291 5655 eo3a)
319 5544 393 5593 De
418 5545 507 5594 hac
534 5545 751 5603 bomilia,
776 5557 885 5605 qua
908 5542 1162 5615 hucusque
1188 5549 1414 5611 tanquam
1466 5546 1716 5614 supposita
1740 5544 1788 5614 in
1809 5542 2099 5603 Appendice
2131 5545 2406 5616 legebatur.
2433 5547 2536 5595 haec
2559 5545 2707 5595 habet
2732 5550 2858 5610 Aug.
2892 5547 3009 5597 Mar.
3040 5550 3311 5601 Bandinius
3328 5553 3401 5616 [ad

253 5643 264 5653 .
288 5607 416 5655 Vlll.
441 5605 561 5655 plut.
594 5606 672 5655 ιν.
698 5613 733 5652 t.
761 5604 797 5655 Ι.
826 5619 871 5655 o.
899 5604 989 5651 5ὸῖ
1013 5620 1022 5651 :
1058 5622 1074 5650 ι
1110 5606 1181 5653 Ex
1203 5610 1355 5651 nostri
1377 5602 1557 5651 codicis
1581 5612 1895 5655 antiquitate.
1924 5607 2104 5653 saeculo
2134 5620 2180 5654 ιι
2211 5612 2490 5655 conscripti.
2516 5611 2598 5655 qui
2633 5612 2758 5655 forte
2798 5612 2941 5655 alicui
2983 5611 3258 5655 Grmmmm
3297 5631 3401 5655 mn-

253 5602 416 5660 XVIII.
441 5605 561 5669 plut.
594 5606 672 5665 IV,
698 5602 743 5652 ι.
761 5602 806 5661 Ι,
826 5619 871 5665 p.
899 5604 989 5651 552
1007 5620 1034 5670 _:_
1058 5602 1181 5670 ιἘχ
1203 5602 1355 5670 nostri
1377 5602 1901 5670 codicisautiguitate,
1921 5607 2104 5670 saeculo
2134 5602 2490 5670 xfconscripti,
2516 5611 2598 5669 qui
2633 5612 2758 5659 forte
2798 5602 2941 5659 a'licui
2983 5611 3259 5662 Graecorum
3297 5602 3401 5665 nio:

165 5672 374 5733 nasterto
398 5662 679 5733 procorum
701 5662 975 5728 temporum
1006 5665 1203 5733 Liturgia
1227 5662 1543 5733 inseri/iebat.
1567 5662 1717 5727 argui
1730 5673 1897 5727 posset
1920 5667 2314 5733 homiliamghanc
2340 5662 2455 5719 anle
2482 5662 2603 5719 illud
2626 5680 2819 5733 tempus
2842 5674 2989 5721 etiam
3025 5677 3077 5723 S.
3112 5662 3400 5727 Basilioad-

162 5725 607 5794 Judicatani_l‘uisse.
633 5730 780 5789 eique
806 5725 1062 5788 propterea
1063 5725 1247 5794 _lo'cum
1270 5725 1611 5788 assignandum
1626 5725 1749 5777 ante
1774 5737 2088 5789 sequentem,
2115 5730 2253 5791 cujus
2283 5733 2455 5784 titulus
2479 5744 2533 5782 ac
2561 5737 2716 5794 prima
2728 5725 2886 5785 't'erba
2917 5738 3058 5787 aliam
3099 5738 3149 5785 in
3170 5725 3398 5789 eumdem

168 5789 394 5855 psalmum
418 5789 664 5841 bomiliam
687 5796 982 5852 supponunt.
1011 5805 1028 5837 ι
1061 5791 1191 5839 Eutr.
