4100 6312
676 316 776 371 231

1982 306 2039 359 S.
2083 300 2323 358 BASILII
2357 297 2573 355 MAGNI

3810 281 3926 338 252

679 431 808 484 bere
842 429 974 491 vult,
1002 439 1121 480 eum
1150 424 1394 481 videlicet
1415 464 1430 487 .
1462 422 1551 492 qui
1590 421 1876 490 adepturus
1905 417 1974 472 sit
2016 417 2241 472 beatitu-

2355 431 2449 478 θος,
2502 413 2592 466 τὸν
2641 410 2752 462 τῶν
2805 402 3166 478 μακαρισμῶν
3211 397 3585 469 ἐπιτυγχάνειν
3622 393 3924 462 μέλλοντα,

679 519 882 582 dinem,
936 516 1126 571 ordine
1181 515 1412 585 quodam
1470 527 1534 566 ac
1578 511 1660 565 via
1708 511 1759 563 iu
1814 508 1902 573 iis,
1932 521 2050 576 qua
2096 507 2238 561 circa

682 610 853 679 ipsum
902 607 1337 670 considerantur,
1368 619 1487 668 usa,
1516 604 1581 658 ab
1610 603 1674 656 iis
1720 615 1838 670 qme
1869 599 2036 667 magis
2085 597 2240 652 obvia

681 706 880 751 suntet
909 698 1100 766 prima,
1132 695 1344 749 initium
1375 693 1542 747 duxit.
1579 691 1740 744 Vens.
1776 692 1826 744 l.
1861 689 2094 753 Domine,
2127 688 2242 757 quis

679 788 1100 858 peregrinabitur
1147 785 1201 840 in
1235 784 1567 838 tabernaculo
1604 785 1736 837 tuo?
1769 781 2131 852 Peregrinatio
2161 789 2244 836 est

679 881 1036 935 cnmmoratio
1086 882 1428 948 temporaria,
1473 894 1590 946 quae
1635 880 1801 931 vitam
1846 891 1949 930 non
1976 875 2241 941 stabilem,

680 970 774 1020 sed
810 966 1168 1021 transitoriam
1196 967 1265 1020 ob
1294 983 1440 1035 spem
1469 968 1532 1020 ad
1570 966 1787 1020 meliora
1834 965 2123 1034 emigrandi
2161 964 2244 1017 in-

680 1055 840 1110 dicat.
895 1057 989 1112 Est
1020 1068 1194 1111 autem
1249 1058 1350 1112 viri
1401 1060 1592 1122 sancti,
1623 1059 1762 1112 hanc
1815 1057 2028 1126 quidem
2077 1056 2242 1110 vitam

683 1150 934 1215 transire,
991 1153 1055 1205 ad
1101 1151 1324 1205 alteram
1352 1167 1479 1206 vero
1511 1152 1785 1207 festinare.
1824 1150 1947 1206 ideo
1983 1162 2033 1205 et
2082 1149 2244 1204 David

679 1240 746 1295 de
775 1257 834 1297 se
858 1242 971 1312 ipso
1010 1243 1086 1298 ait
1113 1262 1125 1296 :
1157 1243 1341 1297 lncola
1384 1261 1477 1314 ego
1511 1261 1624 1297 sum
1671 1245 1808 1312 apud
1835 1256 1902 1310 te,
1934 1253 1981 1297 et
2021 1243 2247 1312 peregri-

682 1353 800 1396 nus.
823 1337 958 1389 sicut
987 1352 1158 1389 omnes
1186 1348 1356 1403 patres
1379 1336 1552 1390 mei".
1585 1336 1753 1391 lncola
1785 1339 1925 1390 cnim
1957 1334 2248 1389 fuitAbra-

682 1429 828 1492 ham,
859 1431 950 1497 qui
1006 1447 1069 1483 ne
1119 1445 1331 1497 passum
1365 1427 1577 1495 quidem
1623 1428 1769 1497 pedis
1827 1437 1983 1482 terra:
2019 1428 2248 1498 propria

682 1522 1072 1587 possedit;sed
1127 1521 1214 1572 ubi
1243 1534 1376 1587 opus
1415 1520 1459 1572 ei
1516 1519 1759 1588 sepulcro
1791 1518 1908 1583 fuit,
1941 1519 1991 1573 id
2027 1529 2249 1589 argento

683 1624 950 1665 mercatus
969 1613 1133 1665 fuisse
1151 1611 1611 1680 pcrhibeturm“.
1629 1610 1872 1666 Ostendit
1890 1611 2093 1665 Scilicet
2112 1611 2253 1667 Scri-

684 1714 834 1773 ptura
861 1744 876 1766 ,
913 1705 962 1757 in
1002 1718 1164 1756 carne
1203 1703 1486 1766 viventem,
1539 1703 1766 1757 incolam
1820 1718 1937 1758 esse
1982 1715 2249 1772 oportere,

2344 507 2493 573 τάξει
2540 505 2645 559 τινὶ
2698 502 2792 556 καὶ
2847 499 2950 571 ὁδῷ
3001 498 3108 551 τῶν
3155 496 3278 567 περὶ
3309 492 3468 546 αὑτὸν
3519 486 3928 560 θεωρουμένων

2344 598 2705 670 χρησάμενος,
2762 593 2870 648 ἀπὸ
2918 591 3025 645 τῶν
3071 585 3504 659 προσεχεστέρων
3549 582 3641 634 καὶ

2345 693 2442 765 τὴν
2462 689 2635 762 ἀρχὴν
2669 685 2976 760 πεποίηται.
3011 684 3204 751 Κύριε,
3234 680 3324 743 τίς
3357 676 3704 747 παροικήσει
3735 672 3811 725 ἐν
3841 672 3931 765 τῷ

2347 763 2687 853 σκηνώματι
2717 795 2872 842 σου;
2912 778 2976 831 Ἦ
3015 774 3274 846 παροικία
3311 773 3427 826 ἐστὶ
3461 768 3700 837 διαγωγὴ
3746 763 3956 839 πρός-⁸

2348 893 2554 947 καιρος,
2581 875 2678 944 οὐχ
2707 871 2994 943 ἱδρυμένην
3024 869 3187 941 ζωὴν,
3212 866 3347 921 ἀλλά
3377 863 3685 933 παροδικὴν,
3720 860 3814 911 ἐπ’
3843 855 3930 908 ελ-

2349 970 2460 1023 πίδι
2488 969 2584 1039 τῆς
2609 967 2702 1020 ἐπὶ
2730 966 2798 1018 τὰ
2826 965 3109 1037 κρείττονα
3141 958 3536 1034 μεταστάσεως,
3575 952 3924 1022 ὑποφαίνου-

2352 1077 2438 1115 σα.
2475 1062 2656 1130 Ἀγίου
2703 1064 2758 1116 δὲ
2801 1056 3015 1130 ἀνδρὸς,
3048 1051 3366 1123 παροδεύειν
3393 1048 3490 1119 μὲν
3529 1042 3617 1097 τὸν
3648 1043 3766 1112 βίον
3795 1041 3923 1094 τοῦ-

2351 1174 2459 1219 τον,
2494 1156 2800 1224 ἐπείγεσθαι
2829 1154 2885 1207 δὲ
2918 1148 3052 1223 πρὸς
3075 1147 3263 1217 ἑτέραν
3288 1142 3450 1212 ζωήν.
3477 1137 3563 1190 Διὸ
3586 1137 3674 1188 καὶ
3694 1138 3724 1187 ὁ
3747 1133 3930 1224 Δαειδ

2353 1249 2478 1320 περ).
2541 1221 2728 1300 ἑαυτοῦ
2799 1221 2981 1315 φησιλ
3054 1237 3342 1306 Πάροικος
3403 1228 3514 1300 ἐγώ
3573 1229 3683 1296 ειμι
3752 1221 3930 1320 παρὰ

2353 1317 2450 1393 σοὶ
2485 1339 2573 1408 (92
2601 1339 2710 1403 9'5),
2747 1337 2843 1390 καὶ
2877 1330 3302 1402 παρεπίδημος.
3337 1321 3526 1386 καθὼς
3550 1322 3600 1374 oi
3656 1317 3929 1408 πατέρες

2349 1405 2784 1502 μουίΠαροικος
2812 1427 2917 1495 γὰρ
2954 1420 3219 1492 Ἀϐραὰμ,
3255 1416 3374 1470 οὐδὲ
3408 1415 3554 1483 βῆμα
3579 1409 3738 1471 ποδὸς
3782 1405 3929 1502 ἰδίας

2354 1527 2456 1596 γῆς
2495 1522 2847 1593 κεκτημένος,
2891 1516 3004 1571 ἀλλ’
3033 1517 3119 1567 ὅτε
3144 1512 3314 1581 ταφῆς
3349 1508 3492 1576 αὐτῷ
3526 1505 3764 1573 ἐδέησεν,
3820 1500 3926 1569 ἀρ-

2356 1618 2543 1691 γυρίου
2574 1613 2913 1686 κτησάμενος
2950 1607 3152 1675 ταύτην
3179 1603 3452 1672 φαίνεται·
3488 1594 3792 1655 δεικνύντος
3811 1607 3926 1697 ντου

2356 1690 2534 1778 λόγου,
2587 1710 2666 1761 ὅτι
2723 1705 2897 1770 ζῶντα
2938 1702 3032 1772 μὲν
3079 1700 3134 1751 ἐν
3176 1698 3240 1765 τῇ
3283 1693 3441 1762 σαρκὶ
3483 1690 3736 1759 πάροικον
3779 1690 3926 1737 εἶναι

685 1800 1001 1860 migrantem
1048 1807 1177 1846 vero
1206 1807 1269 1847 ex
1297 1792 1427 1846 ‘hac
1459 1792 1586 1854 vita,
1624 1792 1675 1844 in
1722 1791 1852 1845 locis
1895 1791 2125 1860 propriis
2164 1806 2251 1845 re-

2355 1807 2638 1878 προσήκει,
2697 1795 3086 1871 μεταϐαίνοντα
3131 1789 3185 1841 δὲ
3229 1787 3335 1840 ἀπὸ
3372 1784 3470 1852 τῆς
3503 1781 3643 1849 ζωῆς
3682 1777 3924 1844 ταύτης,

684 1887 982 1955 quiescere.
1015 1884 1302 1953 Propterea
1327 1884 1376 1938 in
1408 1885 1507 1938 hac
1530 1884 1632 1936 vita
1665 1883 1835 1937 incola
1867 1892 2081 1937 estcum
2115 1883 2246 1938 alie-

686 1977 892 2047 nigenis
924 1992 936 2028 :
979 1977 1027 2028 in
1060 1975 1332 2046 sepultura
1363 1989 1492 2029 vero
1519 1977 1790 2042 propriam
1829 1981 2022 2026 terram
2053 1988 2249 2042 corpus

685 2080 839 2118 suum
866 2074 1210 2133 excepturum
1252 2061 1352 2116 sibi
1387 2064 1499 2131 ipse
1542 2062 1891 2129 comparavit.
1924 2059 2090 2115 Porro
2125 2063 2250 2115 bea-

687 2167 797 2207 tum
853 2155 1009 2223 plane
1057 2152 1246 2214 fuerit,
1286 2153 1446 2207 rebus
1501 2153 1725 2207 terrenis
1775 2167 1882 2206 non
1926 2163 1980 2206 ut
2022 2151 2251 2222 propriis

686 2245 956 2298 addictum
989 2259 1126 2311 esse,
1163 2260 1332 2313 neque
1386 2245 1543 2299 rebus
1595 2245 1944 2314 praesentibus
1997 2253 2249 2315 tanquam

690 2337 915 2392 naturali
944 2339 1153 2392 cuidam
1188 2339 1373 2408 patria:
1400 2340 1706 2393 adlurrere:
1735 2339 1826 2392 sed
1858 2354 2013 2394 nosse
2047 2339 2248 2409 lapsum

688 2440 739 2484 te
769 2447 887 2485 esse
926 2447 957 2485 a
1004 2431 1344 2491 melioribus.
1379 2440 1534 2498 teque
1574 2447 1639 2484 ex
1685 2433 1844 2482 multa
1889 2433 1942 2484 in
2005 2432 2103 2485 hac
2153 2432 2250 2484 ista

684 2522 794 2574 vita
828 2520 1137 2573 alllictatum
1172 2521 1391 2588 perinde
1439 2521 1788 2590 peregrinari,
1826 2530 1981 2588 atque
2019 2522 2254 2591 peregri-

688 2621 888 2666 nantur
922 2610 1018 2673 illi,
1043 2611 1133 2680 qui
1167 2613 1236 2665 ob
1278 2612 1452 2680 aliqua
1483 2611 1673 2666 delicta
1715 2629 1744 2665 a
1773 2613 2039 2681 jndicibus
2067 2629 2132 2668 ex
2162 2629 2255 2682 pa-

690 2707 791 2756 tria
823 2702 956 2771 pulsi
986 2713 1113 2756 sunt
1150 2701 1198 2755 in
1225 2703 1498 2758 exsilium.
1532 2704 1710 2759 Rarus
1745 2716 1920 2758 autem
1953 2706 1997 2760 is
2027 2715 2129 2769 est,
2163 2705 2250 2774 qui

688 2796 1037 2863 praesentibus
1066 2809 1168 2848 non
1202 2805 1258 2848 ut
1301 2797 1530 2864 prepriis
1560 2798 1791 2862 studeat,
1826 2797 1915 2866 qui
1948 2798 2252 2851 divitiarum

690 2901 844 2940 usum
876 2887 1011 2940 sciat
1036 2888 1100 2940 ad
1153 2897 1363 2956 tempus
1410 2901 1528 2942 esse
1577 2904 1915 2952 concessum,
1939 2891 2026 2959 qui
2058 2890 2251 2944 bonam

690 2977 931 3045 corporis
978 2977 1344 3031 habitudinem
1389 2978 1678 3033 arbitretur
1718 2981 1863 3034 brevi
1895 2992 2130 3049 tempore
2155 2983 2253 3035 du-

691 3080 953 3135 raturam,
991 3071 1082 3138 qui
1127 3071 1376 3124 humanae
1424 3070 1605 3140 gloriae
1646 3071 1826 3126 liorem
1865 3074 2252 3127 inconstantem

690 3177 810 3217 esse
847 3171 1122 3231 agnoscat.
1154 3163 1281 3228 Quis
1311 3164 1472 3234 igitur
1497 3167 1913 3237 peregriuabitur
1933 3167 1985 3219 in
2015 3165 2257 3220 taberna-

691 3253 809 3307 culo
866 3263 952 3308 tuo
986 3253 1012 3307 .’
1047 3254 1468 3312 Tabernaculum
1506 3258 1597 3313 Dei
1651 3274 1777 3313 caro
1827 3259 2045 3322 dicitur,
2097 3274 2256 3328 quam

694 3349 810 3419 ipse
865 3349 1060 3405 anima:
1108 3350 1340 3406 hominis
1382 3351 1528 3406 dedit
1567 3352 1912 3406 habitationis
1951 3351 2084 3406 loco.
2130 3350 2259 3418 Quis

693 3441 818 3493 huic
856 3441 1005 3494 carni
1052 3450 1108 3493 ut
1135 3441 1323 3495 aliena:
1357 3443 1639 3496 attendel?
1669 3443 2122 3509 Quemadmodum
2178 3444 2260 3497 in—

693 3533 825 3587 cola:
856 3534 1026 3586 aliena
1061 3543 1202 3586 terra
1239 3533 1524 3597 conducta,
1547 3534 1727 3585 colunt
1755 3550 1936 3599 agrum
1968 3537 2032 3587 ad
2061 3536 2261 3589 locato-

696 3626 770 3680 ris
804 3604 1127 3680 voluntatem
1167 3624 1282 3678 :ita
1338 3632 1395 3678 et
1437 3623 1590 3677 nobis
1644 3638 1710 3676 ex
1760 3625 2064 3693 syngrapha
2110 3639 2259 3677 com-

697 3718 859 3772 missa
899 3727 985 3772 est
1015 3717 1196 3771 carnis
1239 3731 1401 3783 cura;
1426 3725 1483 3770 ut
1511 3730 1628 3770 eam
1653 3715 1904 3769 decenter
1935 3713 2259 3782 excolentes,

695 3807 935 3874 largitori
965 3805 1276 3876 frugiferam
1320 3808 1623 3861 reddamus.
1678 3807 1827 3872 Quod
1863 3807 1906 3861 si
1959 3806 2068 3861 Deo
2103 3806 2260 3877 digna

697 3909 782 3951 est
810 3912 957 3960 caro,
992 3913 1177 3950 revera
1215 3899 1303 3951 Dei
1342 3899 1739 3951 tabernaculum
1767 3899 1990 3954 elIicitur
2009 3939 2025 3963 ,
2051 3901 2114 3953 ad
2141 3913 2261 3952 eum

701 3988 941 4053 modum,
991 4003 1096 4057 quo
1154 3989 1364 4043 habitat
1409 3991 1461 4042 in
1510 3989 1728 4043 sanctis.
1760 3988 1874 4042 Jam
1911 4005 2038 4044 vero
2076 3989 2263 4044 incola:

698 4097 824 4137 caro
868 4090 952 4137 est
990 4081 1271 4152 ejusmodi.
1300 4081 1502 4138 idcirco
1536 4082 1609 4136 ait
1642 4096 1655 4135 :
1690 4081 1924 4145 Domine,
1953 4084 2068 4150 quis
2118 4099 2263 4151 pere-

699 4173 991 4243 grinabitur
1012 4173 1065 4224 in
1097 4172 1431 4226 tabernaculo
1462 4184 1549 4226 tuo
1578 4174 1824 4229 ?Deinde
1851 4171 2120 4242 profectus
2148 4174 2266 4240 qni-

701 4266 821 4318 dam
848 4272 902 4318 et
929 4263 1230 4334 progressio
1261 4265 1328 4317 ad
1356 4265 1604 4332 quiddam
1631 4267 1918 4334 perfectius
1936 4266 2026 4320 sit.
2055 4264 2121 4318 Et
2150 4267 2266 4334 quis

701 4357 982 4426 requiescet
1011 4356 1062 4410 in
1092 4365 1264 4410 monte
1292 4367 1472 4410 sancto
1503 4367 1589 4410 tuo
1613 4359 1637 4410 ?
1666 4356 1878 4413 Iudaeus
1908 4359 2125 4428 quidem
2163 4364 2267 4410 ter-

2346 1867 2458 1959 τόῖς
2477 1867 2696 1956 οίκείοις
2719 1891 2905 1950 τόποις
2927 1877 3378 1939 ὲναναπαύεσθαι.
3421 1872 3516 1925 Διὰ
3541 1870 3695 1923 τοῦτο
3723 1871 3789 1920 ὲν
3825 1867 3925 1934 μὲν

2349 1991 2412 2058 τῇ
2455 1989 2563 2057 ζωῇ
2606 1984 2776 2057 ταύτῃ
2813 1981 2920 2052 (94)
2957 1975 3209 2048 παροικεῖ
3244 1973 3354 2032 τοῖς
3383 1962 3713 2032 ἀλλοφύλοις,
3764 1963 3829 2011 ἐν
3867 1958 3924 2009 δὲ

2349 2082 2413 2150 τῇ
2438 2081 2581 2148 ταφῇ
2615 2077 2818 2130 οἰκείαν
2843 2069 3016 2140 ἐαυτῷ
3047 2068 3143 2137 τὴν
3167 2061 3457 2133 δεξομένην
3486 2053 3646 2110 αὑτοῦ
3668 2052 3726 2104 τὸ
3755 2066 3926 2158 σξυμα

2350 2146 2451 2241 γην
2493 2146 3001 2238 ἐπραγματεύσατο.
3044 2157 3326 2226 Μακάριόν
3359 2151 3412 2204 δὲ
3452 2148 3529 2218 τῷ
3559 2146 3691 2205 ὄντι,
3733 2146 3818 2211 μὴ
3851 2146 3926 2201 ὼς

2351 2261 2572 2324 οἰκείοις
2613 2254 3037 2331 προστετηκέναι
3077 2253 3189 2311 τοῖς
3234 2249 3289 2299 ἐν
3328 2246 3392 2314 τῇ
3424 2244 3514 2312 γῇ.
3557 2235 3689 2309 μηδὲ

2352 2354 2607 2426 πατρίδος
2632 2326 2773 2414 τινὸς
2798 2345 3027 2418 φυσικῆς
3059 2339 3366 2410 ἀντέχεσθαι
3399 2335 3504 2388 τῶν
3529 2329 3780 2389 ἐνταῦθα,

2353 2417 2549 2497 εἰδέναι
2580 2445 2676 2512 τὴν
2712 2441 2819 2513 (95)
2852 2438 2959 2495 ἀπὸ
2991 2437 3095 2490 τῶν
3137 2430 3414 2503 βελτιόνων
3453 2426 3791 2482 ἀπόπτωσιν,
3829 2417 3927 2471 καὶ

2353 2533 2449 2604 τὴν
2481 2535 2542 2585 ὲκ
2570 2533 2862 2602 καταδίκης
2891 2529 3072 2583 ὲνθάδε
3093 2524 3363 2593 διαγωγὴν
3403 2517 3790 2588 βαρυνόμενον,
3828 2511 3923 2563 οὗ·

2353 2643 2432 2678 τω
2465 2627 2768 2696 παροικεῖν,
2822 2623 2896 2684 ὼς
2948 2623 2995 2672 οἱ
3043 2619 3146 2671 ὑπὸ
3195 2614 3459 2669 δικαστῶν
3493 2625 3650 2662 τινων
3696 2605 3788 2658 ὲπί
3813 2621 3927 2657 τισι

2356 2715 2822 2788 πλημμελήμασιν
2855 2715 2934 2775 είς
2953 2712 3050 2781 τὴν
3077 2707 3368 2778 ὑπερορίαν
3393 2707 3453 2756 ὲκ
3478 2703 3575 2771 τῆς
3594 2697 3926 2765 ἐνεγκούσης

2354 2809 2734 2870 ἀπελαθέντες.
2771 2807 3003 2865 Σπάνιος
3042 2802 3098 2854 δὲ
3133 2803 3160 2852 ὀ
3200 2797 3455 2858 τοιοῦτος,
3496 2796 3523 2846 ὁ
3559 2791 3632 2861 μὴ
3664 2790 3738 2852 ὠς
3771 2788 3928 2848 ἰδίοις

2355 2901 2635 2975 προσέχων
2667 2900 2780 2961 τοῖς
2813 2893 3107 2966 παροῦσινο
3143 2893 3170 2944 ό
3201 2889 3293 2942 τοῦ
3331 2886 3556 2939 πλούτου
3598 2882 3693 2952 τὴν
3728 2881 3928 2951 χρῆσιν

2357 2971 2687 3060 πρόσκαιρον
2719 2985 3073 3054 ἐπιστάμενος
3093 2999 3104 3011 ·
3135 2981 3163 3033 ὁ
3185 2978 3275 3032 τοῦ
3313 2977 3558 3047 σώματος
3588 2973 3685 3042 τὴν
3708 2971 3924 3036 εὐεξίαν

2305 3125 2324 3145 ,
2357 3080 2710 3151 ὀλιγοχρόνιον
2743 3078 2909 3140 τιθείς
2935 3094 2948 3106 ·
2981 3079 3007 3129 ὁ
3036 3073 3314 3145 γνωρίζων
3346 3070 3443 3140 τῆς
3475 3065 3822 3138 ἀνθρωπίνης
3843 3063 3929 3115 δό-

2360 3173 2454 3243 ξης
2485 3172 2593 3243 (96)
2618 3172 2677 3224 τὸ
2711 3171 2870 3234 ἄνθος
2907 3169 3176 3223 ἀϐέϐαιον.
3230 3167 3323 3231 Τίς
3343 3159 3454 3219 οὖν
3474 3157 3828 3230 παροικήσει
3861 3156 3930 3208 ἐν·

2358 3264 2437 3329 τῷ
2465 3264 2806 3334 σκηνώματι
2834 3279 2947 3316 σου
2977 3278 2996 3326 ;
3025 3263 3292 3330 Σκηνωμα
3321 3257 3411 3309 τοῦ
3443 3255 3577 3308 Θεοῦ
3603 3256 3636 3324 ἡ
3670 3253 3800 3323 παρ’
3832 3253 3930 3304 αὖ·

2357 3355 2452 3408 τοῦ
2481 3355 2748 3426 δεδομένη·
2778 3354 2915 3426 σὰρξ
2951 3356 3017 3422 τῇ
3057 3351 3148 3404 τοῦ
3180 3347 3461 3418 ἀνθρώπου
3502 3346 3645 3416 ψυχῇ
3679 3346 3759 3408 είς
3789 3343 3929 3396 ὲνοίο

2359 3464 2516 3517 κησιν
2546 3445 2883 3515 ὀνομάζεται,
2931 3443 3025 3504 Τίς
3063 3442 3138 3502 ὼς
3169 3437 3421 3507 ἀλλοτρία
3465 3441 3532 3505 τῇ
3562 3437 3724 3505 σαρκὶ
3756 3436 3930 3505 ταύτῃ

2362 3537 2646 3607 προσέξει;
2686 3537 2894 3604 Ὥσπερ
2933 3536 2978 3586 οἱ
3019 3533 3288 3603 πάροικοι,
3318 3529 3598 3598 ἀλλοτρίαν
3635 3527 3927 3596 ἐκμισθοῦ-

2365 3642 2512 3694 μενοι
2557 3625 2664 3694 (97)
2715 3625 2836 3694 γῆν,
2872 3623 3007 3693 πρὸς
3045 3623 3107 3674 τὸ
3142 3619 3385 3691 βούλημα
3429 3617 3523 3670 τοῦ
3574 3617 3929 3679 ἐκδεδωκότος

2361 3717 2667 3788 γεωργοῦσι
2695 3717 2792 3788 τὴν
2826 3714 3039 3788 χώραν·
3078 3715 3216 3769 οὕτω
3242 3716 3332 3768 καὶ
3365 3715 3494 3784 ἡμῖν
3526 3711 3668 3764 κατὰ
3695 3726 3931 3779 συγγρα-

2363 3810 2467 3879 φὴν
2488 3813 2521 3881 ἡ
2553 3811 2650 3880 τῆς
2675 3810 2873 3882 σαρκὸς
2901 3810 3185 3880 ἐπιμέλεια
3207 3806 3580 3879 παραδέδοται,
3609 3803 3750 3856 ὥστε
3774 3818 3933 3872 atpos-

2362 3903 2600 3974 ηκόντως
2634 3904 2801 3974 αὐτὴν
2847 3903 3326 3973 φιλοπονήσαντας,
3380 3899 3655 3968 ἔγκαρπον
3700 3896 3930 3949 exoso;

2363 4013 2449 4048 ναι
2471 3994 2547 4064 τῷ
2571 3996 2840 4048 δεδωκότι.
2884 3994 3004 4046 Ἐἀν
3025 3994 3081 4046 δὲ
3163 3992 3293 4045 Θεοῦ
3328 3989 3451 4053 ἀξία
3481 3991 3513 4059 ἡ
3543 3988 3696 4059 σὰρξ,
3724 3989 3930 4056 γίνεται

2362 4089 2439 4158 τῷ
2464 4090 2575 4140 όντι
2600 4088 2732 4140 Θεοῦ
2771 4089 3033 4156 σκήνωμα
3063 4085 3200 4137 κατὰ
3219 4084 3316 4153 τὴν
3343 4083 3610 4148 ἐνοίκησιν
3639 4081 3803 4133 αὐτοῦ
3835 4080 3931 4149 τήν

2365 4181 2444 4241 είς
2473 4179 2596 4240 τοῦς
2637 4178 2842 4245 ἁγίους.
2878 4175 3111 4245 Τοιαύτη
3146 4175 3200 4226 δέ
3231 4175 3378 4225 ἐστιν
3421 4174 3454 4242 ἡ
3483 4171 3576 4223 τοῦ
3610 4171 3923 4239 παροικοῦνυ

2365 4287 2472 4332 τος.
2501 4269 2599 4322 Διὰ
2632 4269 2806 4328 τοῦτο.
2846 4269 3042 4337 Κύριε,
3075 4268 3167 4333 τίς
3197 4264 3548 4334 παροικιήσει
3575 4265 3645 4316 ὲν
3669 4261 3750 4326 τῷ
3782 4279 3930 4325 σκη-

2366 4359 2587 4431 νώματι
2611 4374 2762 4424 σου;
2796 4357 2928 4413 Εἶτα
2951 4360 3196 4432 προκοπὴ
3225 4359 3315 4412 καὶ
3340 4357 3560 4428 πρόοδος
3579 4359 3612 4427 ἡ
3644 4357 3736 4408 ἐπὶ
3759 4354 3820 4408 τὸ
3841 4371 3930 4407 τε·

703 4457 870 4500 rester
903 4463 1023 4500 cum
1048 4460 1280 4502 montem
1312 4449 1479 4512 audit,
1506 4447 1570 4503 ad
1593 4448 1719 4503 Sion
1752 4452 1998 4504 recurrit.
2028 4450 2155 4515 Quis
2183 4464 2255 4501 re-

2367 4450 2654 4522 λειότερον.
2703 4451 2810 4504 Καὶ
2867 4450 2957 4516 τίς
2999 4447 3447 4516 κατασκηνώσει
3500 4447 3569 4499 ἑν
3615 4447 3734 4514 ὄρει
3790 4445 3932 4512 ἁγίῳ

702 4539 921 4607 quiescet
941 4538 996 4589 in
1029 4549 1200 4592 monte
1232 4549 1522 4592 sanctetuo
1550 4541 1574 4593 ?
1604 4539 1702 4606 Qui
1739 4541 1788 4594 in
1820 4557 1978 4597 carne
2009 4551 2262 4612 tanquam

702 4626 1016 4697 peregrinus
1037 4627 1320 4692 habitavit,
1337 4629 1389 4681 in
1414 4640 1593 4686 monte
1616 4641 1803 4685 sancto
1826 4642 1915 4685 tuo
1938 4634 2260 4704 requiescet.

2369 4558 2519 4607 00v;
2562 4543 2809 4606 Ἰουδαῖος
2843 4543 2939 4613 μὲν
2976 4544 3004 4594 ὁ
3034 4544 3236 4613 γήϊνος,
3270 4542 3396 4593 ὅταν
3419 4538 3541 4610 ὅρος
3569 4537 3677 4606 (98)
3704 4537 3927 4606 ἀκούσῃ.

2369 4632 2505 4703 πρὸς
2539 4634 2638 4705 τὴν
2684 4632 2820 4686 Σιὼν
2873 4630 3180 4703 ἀποτρέχει.
3232 4631 3326 4696 Τίς
3368 4625 3821 4693 κατασκηνώσει
3866 4627 3930 4677 ἐν·

773 4786 1327 4849 "Psal.nxvnt.13.
1401 4788 1518 4827 ⁷⁹-⁸⁰
1564 4787 1675 4842 Gen
1722 4789 1996 4854 nuntii;
2030 4788 2370 4854 Act.vn,l(i.

708 4955 832 5007 tur;
881 4955 977 5014 nec
1018 4943 1174 4996 aliter
1211 4956 1483 5014 exponunt
1521 4946 1705 5000 Patres
1735 4946 1925 5002 Graeci.
1957 4947 2097 5001 lnlra
2135 4963 2264 5002 mss.

706 5017 811 5067 duo
832 5013 976 5064 ὁσίου
1009 5029 1103 5077 pro
1135 5013 1307 5081 ἁγίου.

778 5081 984 5157 (91-93)
1003 5082 1153 5157 illud,
1168 5086 1315 5157 παρά
1338 5087 1438 5146 σοί,
1456 5088 1603 5140 deest
1620 5087 1673 5140 in
1691 5084 1954 5157 aliquibus
1969 5103 2095 5143 mss.
2114 5087 2266 5156 Apud

707 5150 848 5228 ωῳι
905 5150 1067 5228 paulo
1093 5150 1301 5228 aliter",
1331 5157 1589 5228 πάροικος
1634 5155 1744 5228 ὲγιῖ)
1783 5150 1932 5228 ειμι-
1959 5160 2120 5228 ὲνᾏτῇ
2165 5150 2261 5228 γῇ,

708 5223 821 5297 ⁴καί,
841 5231 947 5276 etc.
978 5223 1214 5297 Subinde
1240 5221 1596 5280 editio'Paris.
1628 5221 1873 5297 Ἀϐραὰμ
2026 5221 2129 5297 δαὶ]
2162 5221 2262 5281 vdit

709 5287 1044 5365 ﬁvneqnein
1072 5308 1200 5365 mss.
1237 5297 1520 5365 reperitur,
1551 5287 1735 5363 neque'
1755 5297 1805 5349 in
1835 5287 2068 5350 ediiione
2102 5296 2263 5352 Basil.

782 5361 890 5442 (94)
945 5363 1058 5417 Vox
1107 5361 1309 5442 ταῦτ-η’
1338 5368 1489 5442 d_ee_st
1541 5367 1591 5442 i_n
1636 5361 1898 5442 'pluritnis
1956 5383 2084 5421 mss.
2115 5368 2258 5442 Δθρίος

710 5435 957 5508 quinque
974 5448 1100 5508 mss.
1138 5435 1333 5508 habent
1362 5436 1678 5508 δεξαμένην.
1709 5436 1811 5508 Alii
1854 5437 2260 5508 quatuoraaﬁo-

714 5501 901 5572 μένην.
937 5501 1118 5574 Lectio
1142 5507 1286 5574 prior
1310 5501 1726 5563 favere'videtur
1755 5507 1841 5572 iis,
1870 5501 1958 5574 qui
1982 5507 2033 5561 id
2057 5501 2255 5559 dictum

750 5580 900 5646 utaut
944 5577 1009 5627 de
1036 5572 1354 5646 AAbi'ahanto
1382 5597 1397 5633 :
1444 5577 1706 5645 posterior
1740 5579 1826 5640 iis,
1856 5572 1944 5646 qui
1969 5576 2261 5646 quemlibet

711 5588 900 5693 guunt
944 5588 1009 5627 ue
1036 5588 1354 5659 .ADrahallto
1382 5597 1397 5633 :
1444 5589 1706 5659 posterior
1740 5588 1826 5640 t'Is,
1856 5593 1944 5646 qm
1969 5588 2258 5658 quemlibet

714 5655 1083 5768 agriqurliuprte
1108 5655 1160 5698 et
1183 5649 1423 5717 religiose
1445 5659 1708 5705 vrventem
1739 5649 1840 5705 hoc
1855 5647 1972 5704 loco
1992 5648 2258 5717 desrgnart

745 5727 1062 5768 rmtrantur.

2446 4945 2556 5014 (95)
2591 4945 2740 5014 Regii
2769 4945 2958 4999 tertius
2995 4952 3050 4997 et
3089 4953 3273 4996 sextus
3302 4941 3498 4994 εἰδέναι
3535 4943 3712 4996 πάντα
3751 4940 3931 4995 πιστὸν

2373 5019 2491 5078 τήν,
2527 5018 2683 5070 male.

2427 5065 2736 5155 ’ὦῶ-δοίη.
2763 5093 3001 5155 quartus
3036 5081 3249 5155 φύσεως
3281 5097 3376 5155 pro
3399 5081 3582 5155 δόξης.
3623 5079 3738 5133 Non
3776 5080 3932 5133 multo

2375 5152 2493 5226 post
2513 5152 2644 5223 Reg.
2675 5153 2899 5208 etColb.
2931 5162 3157 5226 quartus
3180 5154 3263 5226 τίς
3295 5152 3350 5206 δὲ
3381 5153 3477 5215 ὡς.

2446 5227 2554 5297 (97)
2594 5220 2724 5294 Reg.
2744 5225 3014 5297 secundus
3042 5231 3094 5297 et
3119 5223 3272 5297 Colb.
3304 5234 3488 5278 sextus
3512 5220 3929 5297 ξκμισθωαάμε.

2375 5291 2474 5351 νοί.
2516 5291 2712 5350 Ibidem
2744 5293 2936 5364 legitur
2963 5293 3015 5364 in
3055 5292 3260 5364 duobus
3290 5291 3927 5364 mssscptlonoviisav-ng.

2366 5369 2467 5420 Alii
2504 5380 2635 5419 mss.
2675 5360 2872 5418 habent
2901 5360 3386 5438 φιλοπονήσαντας.
3411 5361 3520 5416 Hoc
3562 5364 3678 5431 ipso
3705 5360 3772 5417 in
3826 5363 3930 5438 loco

2367 5438 2601 5504 quinque
2621 5449 2745 5489 mss.
2779 5432 3271 5505 παραδοῦναιζΑΙιί
3302 5447 3412 5488 tres
3452 5447 3581 5488 mss.
3621 5450 3746 5489 cum
3776 5433 3929 5486 edillS

2366 5505 2674 5559 ἀποδοῦναι.

2436 5577 2547 5647 (98)
2576 5574 2723 5650 Multi
2754 5591 2884 5630 mss.
2913 5585 2966 5631 et
2996 5576 3122 5650 editi
3150 5574 3293 5650 δρόςἷ
3321 5573 3425 5650 Alii
3449 5575 3777 5650 tresbpouc.
3804 5569 3930 5650 Pan-

2366 5641 2586 5714 lo'po'st
2630 5646 2734 5703 duo
2766 5664 2895 5706 mss.
2946 5648 3057 5701 ὁδὲ
3110 5641 3197 5717 τῇζ
3260 5646 3496 5702 Subinde
3548 5641 3654 5701 duo
3706 5641 3930 5702 inss.'ti\'

2366 5715 2639 5771 ἀλλοτρία.

2465 5731 2639 5786 οτριᾳ.
