4092 6318
128 347 272 403 255
1309 341 1591 397 HOMlLlA
1626 341 1643 395 Ι
1681 340 1726 395 ll‘

1832 336 2113 393 SALMUM
2145 340 2284 395 XIV.
3300 338 3403 394 254

124 465 244 531 τῷ
278 466 398 533 ὄρει
439 463 517 528 τῷ
544 463 687 533 ᾀγίῳ
707 478 857 527 σου;
903 463 959 515 Ὀ
997 465 1064 532 τῇ
1109 463 1272 534 σαρκὶ
1314 462 1652 531 παροικήσας
1687 463 1726 512 ἐκ

1849 457 1996 512 Mons
2032 455 2119 509 ille
2172 456 2341 508 lorum
2383 454 2687 516 easiestem,
2723 449 3053 520 splendidum
3104 458 3156 504 et
3194 453 3405 519 conspi-

124 556 241 626 τῷ
301 556 440 623 ἁγίῳ
492 555 606 625 ὄρει
671 553 1100 625 κατασκηνώσει.
1153 556 1316 625 Ὄρος
1384 554 1580 613 ἐκεῖνο,
1636 553 1726 622 τὴπ⁶

1843 563 1998 600 cuum
2037 545 2324 617 signiﬁcat,
2355 547 2418 620 de
2469 559 2575 616 quo
2625 541 2910 610 Apostolus
2954 542 3072 595 ait:
3105 543 3406 595 Accessistis

129 645 554 718 ὑπερθυράνιον
601 644 801 715 χώραν,
847 645 945 714 τὴν
993 646 1262 714 περιφανῆ
1309 643 1404 697 καὶ
1434 642 1726 712 λαμπράν·

1843 641 1911 692 ad
1945 641 2074 695 Sion
2132 647 2378 702 montem,
2405 649 2451 690 et
2503 637 2761 692 civitatem
2791 633 2886 688 Dei
2919 635 3162 695 uiuentis,
3197 634 3408 688 lerunt-

130 739 296 807 περὶ
347 732 405 792 οὗ
455 740 483 790 6
537 735 854 798 Ἀπόστολος
904 735 1071 803 λέγει,
1113 735 1194 787 ὅτι
1240 733 1726 804 Προσεληλύθατε

1841 731 1939 784 lem
1978 732 2250 794 calestem,
2290 729 2340 782 in
2385 744 2486 795 qua
2528 739 2612 785 est
2651 726 2935 782 celebritas
2983 726 3324 794 angelorum,
3353 734 3406 779 et

132 830 320 882 Σιὼν
349 831 486 899 ὄρει,
537 829 632 880 καὶ
673 830 844 882 πόλει
886 828 1031 883 Θεοῦ
1073 827 1305 892 ζῶντος,
1349 825 1726 893 Ἰερουσαλὴμ

1845 822 2078 876 Ecclesia
2097 823 2500 889 primitirorum,
2530 821 2615 889 qui
2643 819 2924 888 conscripti
2955 829 3072 872 sunt
3107 820 3157 871 in
3185 818 3403 874 caelis“.

133 925 526 993 ἐπουρανίῳ,
585 924 640 974 ἐν
819 924 1126 992 πανήγυρις
1186 918 1462 987 ἀγγέλων,
1526 917 1619 970 καὶ
1691 914 1982 986 Ἐκκλησία
2056 915 2437 983 πρωτοτόκων
2495 910 3031 986 ἀπογεγραμμένων
3089 912 3158 963 ἐν
3227 912 3401 978 οὐρα-

130 1021 316 1083 νοῖς.

231 1112 286 1165 2.
353 1109 518 1163 Ἐπὰν
582 1106 673 1163 οὖν
724 1126 802 1169 τις
868 1103 1107 1175 παρέλθῃ
1163 1103 1258 1174 τὴν
1309 1103 1484 1174 σάρκα
1532 1103 1734 1171 ταύτην

135 1205 531 1277 ἀπροσπαθώς
569 1204 641 1264 ώς
676 1199 956 1270 ἀλλοτρίαν
1001 1197 1298 1269 παροικῶν,
1350 1201 1444 1251 καὶ
1486 1197 1593 1268 (99)
1635 1196 1734 1265 οὐχ

131 1299 233 1364 ὡς
272 1300 407 1360 ἰδίας
439 1294 818 1364 ἐξηρτημένος,
851 1287 1020 1356 οὗτος,
1057 1293 1142 1346 διὰ
1175 1293 1234 1345 τὸ
1271 1290 1540 1362 νεκρῶσαι
1566 1288 1731 1342 αὑτοῦ

134 1391 225 1440 τὰ
255 1385 396 1455 μέλη
432 1384 498 1436 τὰ
524 1385 614 1435 ἐπὶ
641 1384 740 1452 τῆς
776 1384 896 1454 γῆς,
924 1383 1012 1435 τὸν
1047 1383 1316 1451 ἀγιασμὸν
1359 1381 1728 1454 κατορθώσας,

1903 1096 1957 1149 2.
1991 1095 2280 1162 Postquam
2314 1094 2474 1161 igitur
2507 1091 2775 1163 quispiam
2829 1096 2928 1149 hac
2962 1106 3126 1148 carne
3166 1093 3315 1159 quasi
3349 1095 3400 1149 in

1836 1195 2144 1241 transcursu
2191 1185 2322 1239 citra
2350 1183 2597 1237 allectum
2628 1198 2757 1239 usus
2795 1195 2895 1244 est,
2934 1200 3049 1237 eam
3081 1198 3139 1238 ut
3175 1185 3402 1239 alienam

1835 1275 2092 1339 incolens,
2135 1290 2231 1330 nec
2281 1274 2328 1328 ei
2369 1283 2424 1327 ut
2467 1275 2694 1343 prepria:
2738 1273 2985 1336 deditus,
3031 1276 3076 1328 is
3120 1287 3402 1346 propterea

1835 1366 1977 1433 quod
2007 1381 2102 1418 sua
2133 1367 2393 1431 membra,
2430 1380 2547 1435 qua:
2576 1373 2699 1419 sunt
2725 1381 2884 1433 super
2913 1375 3141 1428 terram,
3180 1369 3404 1422 mortill-

1838 1456 2059 1522 cavit",
2091 1458 2434 1526 exercuitque
2463 1456 2897 1520 sanctimoniam,
2916 1458 3110 1527 dignus
3135 1466 3215 1510 cst
3238 1461 3325 1526 qui
3352 1461 3401 1513 in

137 1478 312 1542 ἄξιός
349 1479 461 1529 ἐστι
492 1476 590 1545 τῆς
622 1479 678 1528 ὲν
713 1475 786 1545 τῷ
814 1476 951 1543 ἁγίῳ
981 1474 1093 1544 ὄρει
1120 1472 1613 1542 κατασκηνώσεως·
1665 1467 1731 1541 ἧς

138 1568 447 1640 ἐπιθυμῶν
475 1570 502 1621 6
550 1568 846 1640 Ψαλμῳδὸς
890 1565 1091 1635 ἔλεγεν,
1132 1566 1212 1617 ὅτι
1253 1565 1632 1632 Διελεύσομαι
1665 1564 1733 1615 ἐν

139 1661 326 1725 τόπῳ
357 1660 589 1731 σκηνῆς
631 1655 1008 1727 θαυμαστῆς·
1060 1655 1153 1709 καὶ
1183 1654 1264 1720 τὸ,
1326 1654 1419 1718 Ὠς
1461 1654 1732 1720 ἀγαπητὰ

142 1753 230 1806 τὰ
271 1752 630 1819 σκηνώματα
661 1767 796 1814 σου,
833 1751 1007 1817 Κύριε
1050 1748 1168 1801 τῶν
1209 1745 1539 1814 δυνάμεων.
1591 1745 1734 1796 Ἐκεῖ

1838 1556 2016 1600 monte
2046 1556 2233 1599 sancto
2263 1549 2583 1614 requiescat,
2604 1545 2752 1615 cujus
2781 1547 2977 1614 rcquiei
3011 1547 3234 1616 cupidus
3256 1547 3407 1601 Psal-

1838 1638 1993 1691 mista
2026 1637 2270 1691 dicebat:
2307 1636 2559 1691 Transibo
2593 1640 2644 1691 in
2685 1640 2854 1691 locum
2883 1638 3204 1690 tabernaculi
3237 1639 3406 1691 admi-

1841 1731 2017 1784 rabilis
2036 1731 2080 1761 ⁸³
2102 1747 2115 1793 ;
2141 1739 2226 1782 et:
2255 1729 2423 1794 Quam
2456 1731 2642 1783 dilecta
2676 1730 3009 1784 tabernacula
3044 1741 3154 1795 tua,
3189 1730 3406 1785 Domine

139 1847 313 1916 ἡμᾶς
341 1844 434 1896 καὶ
462 1845 493 1912 ή
524 1842 656 1911 πρὸς
699 1843 821 1903 τοὺς
859 1842 1081 1912 πλησίον
1113 1840 1351 1912 τῷλόγῳ
1387 1838 1602 1909 ἐκείνης
1634 1838 1726 1908 τῆς

1833 1824 2074 1875 virtutum
2101 1822 2173 1874 3‘!
2198 1822 2306 1878 Illic
2353 1824 2504 1876 nobis
2529 1832 2580 1875 et
2615 1825 2842 1892 proximi
2880 1839 3068 1888 amor,
3105 1824 3192 1892 qui
3242 1839 3402 1877 causa

143 1943 216 1992 ὲν
240 1937 323 2008 τῷ
352 1937 465 2005 ὄρει
497 1931 982 2003 κατασκηνώσεως,
1027 1933 1120 1984 καὶ
1162 1935 1194 2002 ἡ
1223 1935 1285 1984 ὲκ
1313 1931 1405 1984 τοῦ
1450 1929 1730 2001 μαμμωνᾶ

142 2033 260 2100 τῆς
302 2028 513 2091 ἀδικίας
553 2027 806 2097 γινομένη
845 2023 994 2093 φιλία
1038 2022 1112 2092 (1)
1157 2026 1504 2091 κατασκτδνοῖ.
1557 2018 1730 2086 Ποιή-

153 2139 323 2177 σατε
354 2121 461 2191 γὰρ
496 2118 726 2182 ἑαυτοῖς
760 2118 975 2186 φίλους
1020 2116 1087 2168 ἐκ
1131 2114 1236 2167 τοῦ
1285 2112 1575 2182 μαμμωνᾶ
1621 2112 1730 2179 τῆς

156 2217 428 2283 ἀδικίας,
475 2216 593 2277 ἵνα,
659 2211 802 2265 ὅταν
857 2209 1171 2275 ἐχλίπητε,
1230 2205 1513 2268 δέξωνται
1577 2202 1730 2270 ὑμᾶς

147 2313 252 2377 εὶς
300 2310 406 2375 τὰς
459 2307 731 2370 αἰωνίους
770 2301 1021 2368 σκηνάς.
1063 2299 1196 2370 Περὶ
1228 2298 1438 2366 ὲκείνης
1482 2296 1577 2366 τῆς
1619 2295 1732 2347 δια-

149 2404 356 2471 γωγῆς
387 2403 414 2453 6
446 2399 647 2469 Κύριος
680 2399 737 2450 ὲν
777 2394 938 2464 εὐχῆς
973 2393 1097 2445 εἴδει
1141 2391 1290 2459 ἔλεγε
1331 2390 1390 2442 τὸ
1424 2388 1521 2459 (‘2),
1551 2388 1731 2457 Πάτερ

151 2497 313 2562 ἆγιε,
346 2493 433 2555 δὸς
468 2493 574 2553 ἵνα,
608 2491 738 2543 ὃπου
769 2485 875 2556 ἐγώ
894 2487 1027 2554 εἰμι,
1057 2484 1150 2535 καὶ
1178 2483 1330 2535 αὐτο)⁵
1353 2475 1472 2533 ὦσι.
1502 2479 1730 2541 Σπάνιος

150 2588 259 2642 καὶ
304 2585 332 2637 6
359 2582 630 2655 παροικῶν
658 2583 715 2633 ὲν
739 2580 815 2650 τῷ
841 2578 1070 2649 σώματι,
1115 2574 1208 2627 καὶ
1236 2576 1262 2626 6
1291 2571 1642 2642 κατασκηνῶν
1673 2572 1729 2624 ἐν

148 2679 240 2750 τῷ
275 2679 410 2749 ὄρει.
463 2672 560 2727 Διά
601 2670 756 2724 τοῦτο
802 2673 875 2733 ὡς
916 2667 1134 2741 ἀπορῶν
1174 2667 1200 2718 6
1230 2665 1384 2733 λόγος
1427 2663 1596 2732 φησί·
1637 2665 1732 2727 Τίς

149 2768 553 2840 παροικήσει;
601 2765 714 2827 καὶ,
769 2763 859 2824 Τίς
881 2756 1370 2826 κατασκηνώσει;
1401 2755 1475 2817 ὡς
1524 2754 1603 2818 τὸ,
1636 2753 1732 2818 Τίς

150 2867 317 2932 ἔγνω
344 2860 492 2913 νοῦν
528 2853 782 2922 Kvpt'ov;
819 2850 909 2902 καὶ
947 2850 1026 2910 τὸ,
1080 2850 1172 2914 Τίς
1212 2843 1531 2915 ἀναγγελεῖ
1570 2842 1728 2911 ὑμῖν,

152 2957 252 3009 ὅτι
277 2955 397 3021 πῦρ
427 2952 683 3014 καιἐται;
732 2946 822 2998 καὶ
860 2943 939 3006 τὸ,
985 2943 1079 3004 Τίς
1111 2941 1426 3011 ἀναγγελεῖ
1455 2938 1596 3008 ὑμῖν
1626 2936 1732 2990 τὸν

153 3051 352 3102 τόπον
376 3046 478 3097 τόν
507 3039 771 3101 abbr-tor;
812 3035 904 3088 καὶ
946 3033 1026 3097 τὸ,
1066 3033 1161 3097 Τίς
1193 3031 1304 3098 ἄρα
1331 3035 1361 3084 ό
1391 3031 1600 3095 πιστὸς
1632 3029 1727 3081 καὶ

152 3140 449 3209 φρόνιμος
481 3133 826 3200 οἱκονόμος;
884 3125 1036 3196 Τάχα
1083 3125 1138 3177 δὲ
1193 3123 1286 3176 καὶ
1325 3121 1731 3192 ὲρωτηματικόν

151 3234 282 3284 ἐστι
326 3229 402 3293 τὸ,
449 3228 562 3292 Τίς,
603 3225 676 3288 ὡς
710 3222 996 3293 ἀπόκρισιν
1041 3214 1421 3286 ἐπιζητοῦντος
1456 3214 1606 3285 παρὰ
1638 3215 1730 3268 τοῦ
1762 3205 1802 3261 C

150 3320 367 3392 Κυρίου
397 3316 489 3370 τοῦ
525 3315 699 3384 ἁγίου,
734 3306 778 3381 ᾧ
808 3311 1130 3378 διαλέγεται.
1157 3307 1298 3376 Πρὸς
1325 3305 1382 3358 ὃν
1413 3307 1445 3376 ἡ
1471 3305 1588 3357 θεία
1618 3321 1729 3372 φω-

148 3415 247 3484 νὴ,
285 3412 481 3464 λύουσα
526 3408 585 3460 τὸ
632 3404 982 3476 ἐπερώτημα,
1017 3403 1068 3455 τί
1104 3418 1265 3472 φησι;
1318 3399 1722 3467 Πορευόμενος

149 3506 418 3574 ἄμωμος,
457 3499 553 3553 καὶ
589 3494 971 3565 ἐργαζόμενος
1009 3494 1420 3559 δικαιοσύνην.
1471 3491 1533 3542 Εἰ
1577 3491 1730 3559 ἄμω-

152 3595 264 3666 μός
295 3595 438 3645 ἐστιν
471 3592 498 3641 6
553 3585 777 3660 μηδενὸς
816 3585 922 3637 τῶν
954 3583 1174 3651 ἀγαθῶν
1207 3581 1451 3651 ἐλλιπὴς,
1495 3579 1601 3633 ἀπὸ
1627 3578 1729 3631 πά-

154 3707 261 3760 σης
289 3685 485 3747 κακίας
514 3680 822 3743 ἀπταίστως
853 3679 942 3732 τὸν
977 3677 1086 3747 βίον
1123 3675 1311 3730 ἑαυτοῦ
1344 3673 1623 3741 διεξάγων,
1653 3671 1731 3723 τί-

151 3802 221 3836 να
245 3783 360 3851 ἔχει
388 3778 521 3850 πρὸς
544 3776 631 3829 τὸν
653 3772 904 3828 ποιοῦντα
927 3768 1267 3839 δικαιοσύνην
1290 3766 1578 3836 διαφοράν;
1605 3760 1729 3834 ’Ἆρ’

147 3872 250 3928 ὧν
291 3873 380 3925 τὸν
417 3871 576 3923 αὐτὸν
607 3868 728 3921 νοῦν
761 3869 817 3919 ὲν
842 3865 1044 3928 διπλοῖς
1078 3865 1315 3936 ῥήμασιν
1359 3858 1688 3928 ἀπαγγέλλει
1713 3875 1728 3889 ·

151 3965 570 4036 Ιιορευόμενος
595 3960 852 4028 ἄμωμος,
876 3957 973 4009 καὶ
1006 3954 1389 4025 ἐργαζόμενος
1419 3953 1489 4023 (3)
1512 3952 1729 4004 δικαιο-

148 4062 394 4126 currv;
431 4057 498 4108 Ἢ
534 4053 667 4106 ἰδίαν
704 4051 825 4104 τινὰ
862 4049 1096 4102 διάνοιαν
1131 4049 1387 4118 ἑκάτερον
1425 4047 1532 4098 τῶν
1576 4047 1728 4114 εἰρη-

152 4151 340 4222 μένων
370 4145 730 4216 παρίστησιν;
766 4142 853 4193 ἵνα
957 4141 984 4193 6
1017 4139 1113 4209 μὲν
1149 4137 1375 4206 ἄμωμος
1416 4137 1443 4187 6
1473 4135 1611 4187 κατὰ
1640 4135 1728 4186 τὸν

148 4240 209 4290 ἐν
267 4232 495 4306 κρυπτῷ
537 4231 820 4301 ἄνθρωπον
867 4230 945 4291 εἰς
992 4229 1169 4282 πᾶσαν
1213 4225 1489 4278 τελείωσιν
1530 4225 1728 4294 ἀρετῆς

147 4323 581 4396 ἀπηρτημένος,
637 4321 665 4371 6
712 4317 767 4370 δὲ
822 4315 1183 4388 ἐργαζόμενος
1223 4310 1564 4380 δικαιοσύνην
1612 4311 1639 4361 6
1671 4314 1728 4360 τὸ

148 4415 461 4490 πρακτικὸν
495 4411 688 4466 ἑαυτοῦ
721 4409 809 4463 διὰ
837 4409 944 4462 τῶν
971 4404 1294 4474 σωματικῶν
1326 4401 1610 4472 ἐνεργειῶν
1637 4417 1722 4452 τε-

146 4507 335 4561 λειῶν.
372 4508 461 4556 Δεῖ
492 4504 598 4575 γὰρ
631 4503 691 4554 οὐ
734 4500 888 4570 μόνον
921 4498 1092 4550 ποιεῖν
1132 4495 1229 4566 τὴν
1257 4493 1468 4547 δικαίαν
1508 4491 1722 4562 πρᾶξιν,

1839 1916 2035 1983 requiei
2064 1916 2202 1971 illius
2233 1918 2283 1969 in
2336 1925 2512 1968 monte
2547 1914 2782 1970 fruenda?
2829 1918 3133 1983 exhibetur,
3177 1925 3406 1972 etamor

1836 2010 1922 2077 qui
1952 2024 2013 2062 ex
2046 2024 2346 2063 mammona
2392 2008 2689 2078 iniquitatis
2722 2009 2976 2074 nascitur,
3017 2011 3403 2065 habitationem

1835 2102 2054 2169 praebet.
2091 2098 2270 2151 Facite
2300 2101 2436 2153 enim
2466 2097 2606 2152 vobis
2642 2101 2838 2152 amicos
2876 2102 2937 2153 de
2973 2118 3268 2154 mammona
3299 2102 3404 2155 ini-

1833 2195 2082 2262 quitatis,
2117 2205 2169 2245 ut
2204 2210 2317 2245 cum
2365 2192 2672 2261 defeceritis,
2709 2192 2956 2260 recipiant
3007 2208 3090 2245 vos
3123 2193 3177 2245 in
3211 2204 3404 2246 a'terna

1837 2283 2172 2337 tabernacula
2203 2283 2270 2336 ⁸⁵.
2335 2282 2408 2336 De
2481 2285 2577 2338 hac
2650 2283 3072 2338 commoratione
3152 2283 3406 2338 Dominus

1835 2390 1931 2445 per
1955 2378 2165 2428 modum
2220 2376 2467 2443 precandi
2518 2377 2590 2427 ait
2620 2394 2632 2428 :
2661 2376 2819 2430 Pater
2869 2387 3073 2443 sancte,
3107 2379 3192 2444 da,
3228 2386 3284 2430 ut
3313 2377 3400 2432 ubi

1835 2483 1955 2522 sum
2001 2481 2120 2536 ego,
2170 2477 2223 2518 et
2262 2466 2333 2519 illi
2391 2466 2498 2518 sint
2532 2466 2597 2519 ⁸⁸.
2631 2466 2804 2520 Rarus
2856 2477 3032 2520 autem
3077 2477 3187 2521 tum
3221 2469 3310 2537 qui
3347 2468 3401 2522 in

1835 2574 2059 2630 corpore
2088 2567 2341 2626 tauquam
2391 2556 2560 2610 incola
2613 2557 2838 2621 habitat,
2885 2570 2993 2611 tum
3019 2558 3107 2628 qui
3143 2559 3191 2611 in
3225 2569 3404 2613 monte

1838 2651 2142 2719 requiescit.
2168 2649 2454 2718 Propterea
2482 2649 2758 2718 Scriptura
2791 2660 2848 2703 ut
2869 2650 3116 2704 dubitans
3147 2650 3218 2704 ait
3241 2667 3252 2702 :
3275 2650 3403 2716 Quis

1835 2739 2289 2806 peregrinabitur?
2318 2749 2391 2800 et,
2429 2737 2558 2801 Quis
2598 2741 2924 2806 requiescet?
2970 2741 3148 2811 107‘
3205 2744 3403 2808 Quem-

1836 2829 2120 2882 admodum
2165 2829 2328 2880 illud:
2371 2827 2497 2892 Quis
2527 2832 2760 2899 cognovit
2809 2842 3027 2885 mentem
3069 2832 3276 2885 Domini
3314 2833 3407 2886 "?

1838 2919 1964 2973 Item
2000 2919 2165 2972 illud:
2197 2920 2325 2985 Quis
2361 2919 2689 2973 annuntiabit
2741 2922 2880 2974 vobis
2931 2922 3069 2990 quod
3121 2923 3255 2992 ignis
3312 2939 3403 2976 ar-

1835 3012 1917 3064 det
1935 3010 1979 3042 ³⁸
2007 3011 2030 3063 ?
2065 3010 2126 3064 Et
2153 3010 2277 3064 illud
2312 3026 2324 3061 :
2359 3010 2490 3076 Quis
2529 3012 2857 3065 annuntiabit
2885 3014 3024 3067 vobis
3055 3013 3224 3067 locum
3253 3027 3404 3068 αἰεν-

1837 3117 1958 3154 num
1987 3101 2031 3131 ⁸³
2061 3100 2084 3153 ?
2119 3108 2191 3165 et,
2226 3097 2375 3165 Quis,
2407 3110 2582 3168 putas,
2623 3099 2794 3167 ﬁdelis
2826 3109 2902 3153 est
2927 3140 2941 3165 ,
2971 3109 3017 3154 et
3061 3101 3285 3169 prudens
3319 3103 3402 3154 di-

1834 3211 2208 3282 spensator”?
2249 3211 2501 3266 Fortasse
2547 3222 2722 3266 autem
2761 3223 2815 3266 et
2864 3211 3013 3277 illud,
3052 3212 3203 3276 Quis,
3239 3213 3404 3268 inter-

1835 3306 2072 3373 rogative
2132 3305 2367 3368 dicitur,
2415 3304 2565 3372 quasi
2629 3317 2940 3372 responsum
3010 3304 3316 3374 exquireret
3369 3320 3400 3359 a

1833 3394 2059 3449 Domino
2091 3403 2298 3460 sancto,
2326 3394 2391 3447 ad
2424 3408 2580 3463 quem
2612 3392 2864 3462 loquitur.
2887 3394 2984 3448 Cui
3018 3397 3142 3463 quid
3177 3411 3399 3465 respuu-

1831 3487 1920 3539 det
1955 3486 2131 3541 divina
2161 3502 2284 3550 vox,
2313 3487 2661 3555 quaestionem
2702 3486 2915 3541 solvens
2955 3487 2978 3539 ?
3013 3485 3172 3543 Vens.
3211 3488 3264 3545 2.
3289 3488 3391 3554 Qui

1830 3583 2124 3652 ingreditur
2169 3583 2280 3636 sine
2335 3581 2562 3645 macula,
2593 3592 2639 3635 et
2685 3581 3232 3652 operaturjustitiam.
3264 3582 3316 3638 Si
3355 3585 3400 3638 is

1831 3669 1919 3738 qui
1952 3668 2098 3722 nullo
2121 3669 2260 3723 bono
2288 3678 2453 3733 caret,
2477 3677 2528 3723 et
2553 3684 2703 3724 suam
2729 3670 2892 3737 ipsius
2916 3673 3078 3724 vitam
3103 3672 3220 3724 sine
3245 3672 3388 3728 nullo

1828 3769 2047 3830 peccato
2078 3759 2338 3815 inoll‘ense
2365 3760 2632 3830 transigit,
2672 3761 2787 3814 sine
2827 3760 3032 3814 macula
3057 3771 3170 3824 est;
3200 3763 3250 3816 in
3296 3779 3402 3833 quo

1828 3853 1895 3906 ab
1920 3869 1984 3907 eo
2013 3853 2102 3921 qui
2133 3853 2397 3922 justitiam
2429 3852 2577 3917 facit,
2621 3852 2798 3906 diﬂert
2827 3852 2849 3906 ?
2875 3851 3007 3906 Num
3053 3855 3215 3925 igitur
3245 3872 3397 3909 emu-

1827 3944 1947 3998 dem
2002 3957 2218 3996 sensum
2263 3941 2506 3996 enuntiat
2556 3942 2850 4011 duplicibus
2900 3943 3078 3997 verbis
3117 3962 3130 3997 :
3165 3943 3266 4008 Qui
3313 3945 3397 3996 iu-

1826 4036 2064 4104 greditur
2085 4035 2193 4087 sine
2233 4033 2458 4097 macula,
2479 4043 2527 4088 et
2558 4045 2799 4102 operatur
2821 4035 3133 4103 justitiam?
3166 4035 3246 4087 An
3281 4051 3398 4103 pro-

1828 4128 1996 4196 priam
2049 4127 2333 4196 quamdam
2368 4127 2811 4197 signiﬁcationem
2844 4126 3064 4180 verbum
3099 4135 3385 4195 utrumque

1827 4216 2043 4288 prtefert
2062 4219 2084 4270 ?
2106 4221 2237 4272 adeo
2264 4228 2320 4272 ut
2347 4218 2391 4272 is
2415 4218 2487 4270 sit
2514 4219 2630 4270 sine
2661 4215 2887 4281 macula,
2923 4216 3011 4288 qui
3054 4216 3198 4271 omni
3227 4217 3397 4270 virtu-

1829 4311 1895 4363 tis
1921 4311 2249 4378 perfectione
2273 4308 2546 4363 absolutus
2579 4319 2660 4363 est
2696 4310 2988 4362 secundum
3021 4311 3396 4362 absconditum

1828 4402 2122 4462 hominem,
2160 4401 2247 4456 ille
2289 4415 2415 4454 vero
2461 4410 2712 4470 operetur
2744 4400 3040 4469 justitiam,
3079 4400 3172 4468 qui
3210 4395 3396 4468 agendi

1831 4495 1937 4546 vim
1977 4510 2071 4563 per
2104 4494 2410 4563 corporales
2457 4493 2695 4547 actiones
2745 4492 2976 4561 perlicit.
3004 4491 3222 4560 Oportet
3257 4492 3394 4545 enim

145 4599 293 4654 ἀλλὰ
336 4598 428 4651 καὶ
455 4567 894 4654 ἀπδδιαθέσεως
937 4588 1148 4650 δικαίας
1197 4585 1558 4657 ἐργάζεσθαιο
1595 4584 1726 4638 κατᾶ

1841 4601 1944 4638 non
1972 4585 2140 4638 solum
2174 4587 2368 4638 bonmn
2399 4599 2531 4652 opus
2561 4583 2870 4646 facere,sed
2900 4583 3061 4636 etiam
3096 4583 3218 4637 illud
3251 4584 3398 4652 justo

146 4695 208 4746 τὸ
267 4689 577 4761 εἰρημένον,
630 4687 709 4737 ὅτι
771 4682 1012 4745 Δικαίως
1073 4679 1136 4732 τὸ
1175 4679 1409 4731 δίκαιον
1460 4676 1724 4743 διώξεις·

833 4862 876 4892 ⁸⁸
914 4859 1118 4912 Coloss.
1173 4873 1229 4909 tn
1254 4896 1268 4916 ,
1303 4856 1355 4908 5.

906 4931 951 4962 ⁸⁸
982 4930 1081 4983 lsa.
1109 4943 1296 4990 sunt,
1330 4925 1412 4980 14.

231 4870 278 4899 ⁸¹
313 4867 471 4919 Ilebr.
521 4882 616 4923 χιι,
668 4863 758 4918 2'2.

146 4955 266 5000 xw,
299 4939 352 4991 5.
425 4938 468 4966 ⁸⁷
500 4936 600 4992 Isa.
629 4950 713 4998 xc,
747 4933 831 4987 15.
906 4931 951 4962 ⁸⁸
982 4930 1081 4983 lsa.
1109 4943 1296 4990 sunt,
1330 4925 1412 4980 14.
1488 4923 1532 4954 ⁸³³
1565 4927 1694 4978 ibid.

221 5112 338 5181 (99)
393 5111 670 5181 Sicimss.
724 5107 962 5181 plerique
997 5119 1222 5181 _munes.
1288 5103 1445 5181 Deest
1501 5102 1596 5180 καί
1660 5103 1710 5181 i_u

143 5171 332 5237 editis:
383 5180 573 5234 Statim
625 5171 738 5241 illa,
779 5171 890 5240 ἕως
930 5175 1023 5229 τοῦ
1078 5173 1224 5227 οίκου
1269 5172 1364 5224 τοῦ
1410 5171 1566 5234 Θεοῦ,
1618 5173 1713 5223 ad-

141 5256 290 5323 jecta
355 5262 478 5323 sunt
529 5250 608 5323 _in
670 5250 798 5323 Reg.
856 5249 1010 5301 tertio
1069 5241 1711 5323 post__vocetn_0auttat-

145 5314 286 5390 στῆς
323 5339 334 5372 ;
384 5322 476 5374 sed
529 5314 878 5390 Itoc‘vid—etur
911 5331 1112 5370 merum
1141 5314 1559 5390 additamentum
1590 5326 1709 5362 esse

144 5383 307 5446 otiosi
341 5391 618 5456 cujusdam
648 5388 879 5460 librarii;
915 5401 1087 5460 eoque
1106 5383 1295 5452 magis,
1332 5384 1471 5448 quod
1496 5398 1554 5460 ea
1592 5396 1709 5460 qtue

143 5452 537 5530 exscripsimus
579 5459 738 5530 verba
790 5458 843 5530 _in
891 5452 1016 5508 aliis
1058 5464 1262 5530 septem
1315 5466 1446 5503 mss.
1509 5452 1705 5530 desint.

148 5533 303 5584 llaud
335 5522 518 5599 'louge
577 5529 628 5581 in
681 5527 885 5581 duobus
942 5539 1068 5578 mss.
1127 5523 1340 5574 additur
1391 5522 1553 5588 φησίν
1592 5531 1710 5588 post

147 5602 381 5661 ἑαυτοῖς.

218 5669 295 5742 (1)
327 5668 436 5742 Καὶ
462 5669 565 5734 ὴ...
590 5663 1015 5742 _ptxt'a._\_lerte,_
1033 5673 1077 5715 et
1108 5670 1409 5741 comparata
1445 5677 1508 5713 ea:
1544 5674 1708 5742 uta-m-

148 5729 305 5794 mana
339 5729 626 5806 iniquitatis
660 5738 914 5797 amicitia,
967 5733 1018 5806 id
1051 5742 1151 5806 est,
1176 5732 1333 5806 amici
1371 5747 1505 5800 quos
1550 5729 1704 5784 nobis

151 5812 376 5866 tacimus
405 5799 472 5862 et
505 5823 804 5862 mammona
831 5803 1150 5874 iniquitatis.
1175 5799 1385 5856 Μυκη.

1457 4856 1502 4885 ⁸³
1533 4854 1674 4907 Psal.
1706 4869 1815 4908 xu.
1849 4854 1902 4906 5.

1786 4894 1833 4956 ἕο
1849 4894 1999 4977 "Luc.

1835 4686 2090 4745 rectoque
2111 4677 2288 4729 animo
2314 4690 2490 4744 agere,
2519 4673 2668 4741 juxta
2699 4673 2747 4728 id
2770 4675 2908 4743 quod
2928 4675 3126 4729 dictum
3156 4686 3236 4730 est
3262 4693 3275 4727 :
3298 4675 3396 4728 .Iu-

1978 4853 2024 4883 ει
2065 4849 2205 4903 Psal.
2242 4864 2465 4911 LX\XIII,
2496 4849 2549 4901 ‘2.
2652 4850 2696 4880 ⁸⁵
2723 4847 2852 4902 Luc.
2906 4864 3014 4912 xv't,
3040 4849 3094 4903 9.
3171 4847 3392 4902 “Joan.

1891 5099 1966 5168 ('2)
2014 5098 2140 5152 Mss.
2174 5107 2410 5168 quatuor
2436 5095 2752 5168 uno__Vcrbo
2809 5093 3098 5168 διελέγετο.
3131 5093 3232 5146 Alii
3263 5109 3390 5168 tusc.

1820 5155 2136 5224 cuiu'editis
2170 5155 2322 5235 ἔλεγε
2354 5166 2433 5221 τό.
2475 5165 2923 5235 Colb._sextus_et
2956 5155 3085 5232 Reg.
3126 5163 3395 5235 sectutdus

1821 5239 2135 5306 simpliciter
2179 5233 2352 5305 ἔλεγε,
2385 5238 2590 5305 Πάτερ.
2642 5233 2787 5306 lulra
2834 5233 3290 5306 Reg._sectmdus
3340 5243 3395 5285 et

1809 5303 1959 5367 (lolii.
2014 5321 2198 5362 sextus
2223 5303 2422 5360 λύουσα
2467 5303 2846 5376 τδέρώτημα.
2889 5304 3086 5359 Ibidem
3121 5303 3254 5372 Reg.
3288 5313 3397 5355 lcr—

1813 5382 1912 5432 tius
1950 5377 2256 5440 ἀκολούθως
2277 5378 2328 5430 τί
2350 5394 2503 5448 φησι.

1885 5448 1962 5519 (5)
1996 5448 2171 5502 Editio
2206 5440 2374 5502 Paris:
2413 5440 2537 5502 cum
2568 5460 2676 5519 uno
2703 5453 2795 5519 aut
2829 5442 2999 5519 altero
3026 5457 3127 5519 ms.
3163 5440 3394 5513 ἐργαζό-

1815 5513 1975 5590 μενός
2007 5534 2178 5590 φησιε
2224 5520 2330 5590 ειειί
2375 5532 2476 5571 vox
2498 5514 2667 5590 _cp'qqi
2703 5515 2852 5590 tleest
2881 5516 2956 5590 “in
3015 5513 3133 5566 aliis
3173 5522 3389 5590 .septeut

1814 5582 1948 5641 iuss.
2008 5582 2078 5641 ἐξ
2117 5589 2168 5641 iu
2206 5588 2444 5642 editione
2493 5582 2659 5639 Basil.
2720 5583 2836 5636 Mox
2881 5583 3013 5650 Reg.
3066 5582 3254 5635 tertius
3284 5598 3390 5634 κα-

1809 5661 1877 5712 τὰ
1908 5657 1997 5710 τὸν
2047 5657 2304 5727 κρυπτόν.
2344 5657 2489 5710 ἰαίνει
2546 5671 2670 5710 mss.
2701 5653 2913 5727 _aliquot
2931 5651 3144 5715 δεικνύς
3177 5667 3274 5727 pro
3296 5667 3389 5702 τε-

1810 5728 1988 5791 λειῶν.
2018 5721 2111 5784 sed
2142 5729 2215 5785 ita
2278 5736 2476 5793 tamen,
2526 5735 2581 5781 ut
2614 5723 2783 5795 major
2831 5738 2957 5793 pars
3017 5739 3144 5778 mss.
3189 5721 3389 5792 ljabcat

1809 5813 1926 5851 τελε
1937 5817 2052 5853 ιων.
