4100 6312
731 359 839 416 9.39
2045 360 2100 413 S.
2143 357 2388 413 B.\Sll.ll
2432 354 2646 410 DIAGNI
3900 353 4008 404 9L0.

732 478 872 531 cnim
909 476 1059 532 nobis
1088 477 1403 547 contingunt
1441 487 1636 548 praeter
1698 476 2050 540 Vulttnlalem,
2103 493 2164 532 ea
2195 495 2287 531 nor

2404 475 2525 528 σθαι
2560 476 2757 544 μᾶλλον
2787 475 2818 546 ἢ
2848 474 3266 544 καθυϐρίζεσθαι
3296 480 3418 541 τοὺς
3452 474 3800 544 ἀτυχοῦντας
3839 487 4010 542 πρῖε-

732 575 854 620 sunt
905 567 1223 620 voluntaria.
1267 569 1426 637 Atqui
1469 569 1708 624 infelices
1758 569 1878 625 illos
1928 571 1996 623 ob
2045 567 2174 620 vitia
2217 568 2298 621 ei-
2407 567 2560 637 ἧκεν.

732 673 811 716 tra
863 664 1024 716 animi
1083 667 1402 720 sententiam
1462 667 1758 721 accidentia
1806 668 1974 724 satius
2016 678 2101 719 est
2138 664 2415 730 miserari,
2472 678 2632 731 quam
2694 681 2786 718 eos
2842 668 3165 720 contumelia
3218 667 3450 722 allicere.

805 757 856 811 5.
917 757 1073 810 Vens.
1105 756 1156 808 εί.
1191 756 1271 810 Αιι
1310 758 1525 811 nihilum
1555 759 1806 812 deductus
1841 766 1915 810 est
1941 759 1992 810 in
2021 770 2287 823 conspectu

2473 756 2524 809 5.
2581 756 2994 821 Ἐξουδένωτηι
3047 758 3302 811 ἐνώπιον
3348 759 3531 813 αὐτοῦ
3578 757 4003 825 πονηρευόμε

731 847 843 913 ejus
890 847 1191 915 malignus:
1225 850 1459 899 timentes
1497 860 1669 903 autem
1701 850 1977 902 Dominum
2011 848 2287 917 glorificat.

2400 865 2531 911 νος·
2569 850 2709 916 τοὺς
2753 848 2819 902 δὲ
2850 848 3257 917 φοϐουμένους
3297 849 3404 900 τὸν
3451 853 3666 918 Κύριον
3719 847 3996 912 δοξάζει.

734 938 824 991 Est
859 939 1022 992 animi
1065 954 1281 1009 prorsus
1307 940 1506 1006 magni,
1545 951 1597 996 et
1651 943 1788 993 inter
1820 955 2165 1008 quascunque
2199 940 2287 993 ltu-

2400 940 2785 1010 Μεγαλοφυοῦς
2806 939 3038 1002 διανοίας
3059 941 3148 993 καὶ
3174 941 3307 1012 πρὸς
3329 941 3478 993 οὐδὲν
3505 944 3810 996 κατακλινο
3821 941 3997 1011 μένης

733 1048 1015 1087 manarum
1041 1050 1214 1088 rerum
1243 1034 1590 1088 necessitates
1625 1033 2287 1102 innnoti,viriquejustitit!

2399 1033 2507 1086 τῶν
2549 1035 2902 1106 ἀνθρωπίνων
2955 1035 3115 1105 χρεία
3164 1035 3306 1103 (12),
3367 1035 3458 1085 καὶ
3492 1036 3681 1105 ἀνδρὸς
3720 1037 3836 1106 τὴν
3898 1034 3997 1101 τῆς

735 1126 920 1180 habitu
949 1141 1152 1179 summe
1173 1127 1395 1194 exculti,
1422 1124 1810 1191 unicuiqnejus
1840 1127 2107 1189 tribuere;
2136 1136 2287 1194 atque

2397 1129 2739 1199 δικαιοσύνης
2786 1128 2898 1194 ἕξιν
2932 1129 3010 1191 είς
3063 1129 3228 1200 ἄκρον
3282 1126 3733 1197 κατωρθωκότος,
3778 1130 3846 1180 τὸ
3882 1130 3996 1180 δια-

737 1218 805 1271 ad
839 1216 1057 1271 nihilum
1094 1217 1359 1273 deducere
1391 1220 1672 1287 malignos,
1711 1219 1922 1271 tametsi
1965 1219 2287 1286 principatus

2398 1223 2578 1290 νέμειν
2621 1223 2834 1289 ἑκάστῳ
2866 1219 2935 1271 τὰ
2970 1222 3105 1293 πρὸς
3134 1221 3289 1284 ἀξίαν
3309 1239 3322 1250 ο
3356 1220 3479 1282 τούς
3509 1236 3567 1272 τε
3601 1221 3994 1288 πονηρευομέ-

735 1320 954 1375 magnos
1008 1307 1269 1371 obtinent,
1316 1307 1522 1361 tametsi
1557 1307 1758 1360 divitiis
1799 1307 2044 1369 atiluunt,
2080 1309 2287 1363 tametsi

2395 1328 2514 1374 νους
2545 1311 2875 1377 ὲξουδενοῦν,
2907 1312 3010 1365 xiv
3034 1313 3130 1374 τὰς
3158 1311 3396 1381 μεγάλας
3425 1311 3621 1380 τύχωσι
3653 1309 3991 1366 δυναστείας

734 1398 990 1462 natalium
1039 1399 1320 1468 splendore
1349 1407 1469 1450 sunt
1495 1399 1787 1465 conspicui,
1822 1399 2031 1452 tametsi
2061 1399 2160 1452 sibi
2192 1399 2287 1467 ipsi

2393 1402 2861 1475 περιϐεϐλημένοι,
2899 1404 3003 1456 xiv
3062 1401 3275 1469 πλούτῳ
3333 1403 3605 1470 κομῶντες
3661 1403 3770 1455 xiv
3827 1417 3990 1469 περι-

733 1491 1010 1544 vitnlicant
1037 1490 1433 1552 claritudinem,
1469 1497 1708 1541 attamen
1742 1492 1784 1544 si
1812 1491 2068 1556 iniquitas
2101 1489 2209 1543 sola
2240 1491 2287 1545 in

2395 1495 2590 1564 φανεία
2643 1497 2851 1564 γένους,
2899 1495 2998 1548 xiv
3047 1491 3408 1562 λαμπρότητα
3451 1494 3657 1555 ἑαυτοῖς
3701 1493 3988 1562 ἐπιφημί-

735 1581 862 1649 ipsis
909 1578 1322 1647 deprehenditur
1355 1616 1370 1641 ,
1416 1578 1548 1631 tales
1610 1586 1674 1631 ait
1725 1581 1946 1632 nihilum
2009 1579 2295 1642 deducere,

735 1671 833 1724 hoc
885 1679 987 1731 est,
1031 1669 1181 1720 nihili
1232 1669 1524 1731 aestimare,
1579 1671 1777 1736 magni,
1836 1671 2073 1736 inquam,
2127 1672 2295 1724 animi

730 1771 833 1817 cst.
859 1763 1081 1827 Contra,
1119 1761 1367 1816 timentes
1399 1762 1703 1824 Dominum,
1741 1763 1983 1829 quamvis
2013 1761 2122 1816 sint
2164 1780 2296 1832 pau-

2397 1589 2601 1652 ζοντες,
2631 1588 2864 1658 πονηρία
2884 1586 2937 1638 δὲ
2965 1585 3094 1653 μόνη
3120 1583 3494 1653 ἐνυπάρχουσα
3513 1584 3690 1646 αὐτοῖς
3713 1583 3983 1652 φωραθῇ,

2393 1679 2699 1743 ὲξουδενοῦν
2733 1680 2857 1741 τοὺς
2907 1675 3214 1738 τοιούτους,
3249 1674 3522 1728 τουτέστιν
3592 1675 3702 1726 ἀντ’
3751 1675 3984 1737 οωενὸς

2393 1768 2719 1837 λογίζεσθαι.
2755 1767 3025 1838 Ἔμπαλιν
3054 1766 3132 1830 δὲ,
3177 1767 3299 1830 τοὺς
3329 1765 3686 1836 φοϐουμένους
3720 1766 3824 1818 τὸν
3863 1767 3981 1820 K25-

731 1869 908 1923 peres,
930 1854 1172 1922 quamvis
1205 1854 1447 1907 obscuris
1500 1855 1608 1907 sint
1641 1855 1741 1905 orti
1776 1855 2063 1916 natalibus,
2101 1870 2287 1921 qnam-

2399 1880 2527 1933 ριον,
2569 1861 2670 1913 xiv
2707 1863 2931 1928 πένητες
2980 1853 3102 1923 ὦσι,
3154 1857 3257 1910 xiv
3304 1860 3548 1926 ἀγενεῖς,
3597 1858 3698 1911 xiv
3750 1859 3975 1912 ἰδιῶται

732 1946 812 1997 vis
860 1946 964 1997 sint
1024 1944 1287 1997 sermonis
1338 1944 1592 2012 imperiti,
1647 1955 1738 1998 aut
1789 1961 2016 2014 corpore
2072 1947 2290 2012 inﬁrmi,

731 2036 896 2104 gloria
939 2036 1234 2098 cumulare,
1298 2037 1657 2106 maximisque
1712 2037 1957 2093 laudibus
2007 2038 2289 2103 extollere,

729 2141 783 2181 et
844 2128 1029 2182 beatos
1079 2127 1436 2192 existimare,
1493 2145 1613 2183 eum
1655 2129 1916 2199 ejusmodi
1971 2131 2110 2183 viros
2158 2144 2296 2198 prae-

731 2219 914 2273 dicare
967 2220 1152 2273 beatos
1197 2220 1267 2273 sit
1320 2237 1346 2271 a
1393 2220 1594 2288 Spiritu
1643 2224 1884 2274 edoctus.
1939 2219 2090 2272 Beati
2128 2222 2287 2285 enim,

733 2312 926 2380 inquit,
952 2328 1126 2364 omnes
1151 2312 1238 2377 qui
1262 2311 1441 2362 timent
1475 2309 1826 2365 Dominum“.
1856 2311 2021 2364 Porro
2047 2312 2282 2381 ejusdem

735 2402 900 2455 animi
968 2413 1051 2457 est
1080 2442 1094 2463 .
1138 2413 1191 2456 et
1248 2402 1534 2472 malignum
1577 2403 1966 2470 quantumlibet
2011 2403 2079 2458 ob
2130 2405 2288 2459 clari-

732 2495 969 2548 tudinem
1018 2493 1216 2548 elatum
1259 2495 1324 2547 ad
1369 2495 1592 2548 nihilum
1650 2496 1937 2560 deducere,
1994 2507 2046 2551 et
2082 2497 2288 2550 timenti

736 2587 1040 2650 Dominum,
1096 2601 1403 2657 quanquam
1459 2586 1635 2642 tennis
1693 2598 1771 2641 est
1807 2628 1820 2651 ,
1873 2603 2178 2656 quanquam
2235 2589 2288 2641 in

733 2683 838 2732 vita
898 2696 1117 2749 pauper,
1166 2695 1469 2748 quanquam
1531 2681 1922 2748 aspernabilis,
1980 2696 2284 2749 quanquam

730 2772 863 2825 nihil
901 2785 1209 2834 externum,
1260 2786 1365 2838 quo
1400 2773 1796 2824 commendatio
1840 2775 2125 2835 excitetur,
2160 2789 2285 2838 pos-

731 2863 910 2922 sidet,
965 2863 1187 2930 gloriam
1239 2861 1392 2913 dare.
1444 2862 1546 2925 Qui
1589 2861 1740 2929 jurat
1785 2863 2023 2927 proximo
2070 2879 2186 2926 suo,
2237 2871 2286 2915 et

731 2972 830 3008 nou
868 2955 1204 3022 decipit.Cur
1236 2956 1447 3008 tandem
1488 2955 1572 3006 hic
1610 2954 1972 3022 juramentum
2004 2954 2144 3008 inter
2166 2969 2282 3018 eas,

733 3061 852 3113 quae
911 3045 1080 3097 virum
1141 3045 1440 3113 perlectum
1488 3045 1696 3107 decent,
1725 3044 1947 3098 virtutes
1980 3043 2152 3098 locum
2186 3045 2285 3098 ob-

735 3141 889 3200 tinet,
950 3138 1000 3190 in
1048 3136 1339 3206 Evangelia
1373 3151 1501 3190 vero
1553 3150 1770 3206 prorsus
1810 3134 2136 3203 prohibitum
2165 3136 2286 3188 est?

2392 1953 2468 2024 τῷ
2500 1954 2662 2023 λόγῳ,
2714 1951 2816 2005 xiv
2863 1951 3109 2013 ἀσθενεῖς
3157 1951 3236 2020 τῷ
3290 1950 3527 2020 σώματι,
3573 1953 3822 2018 δοξάζειν
3879 1954 3976 2006 καὶ

2393 2046 2706 2118 ὑπεραίρειν
2775 2045 2867 2098 καὶ
2943 2043 3241 2114 μακαρίους
3311 2046 3591 2112 ἡγεῖσθαι,
3647 2043 3976 2111 δεδιδαγμέ-

2389 2156 2480 2193 νον
2509 2137 2619 2209 (15)
2650 2136 2799 2207 παρά
2826 2137 2919 2188 τοῦ
2950 2132 3086 2187 Πνεύ
3097 2150 3266 2204 ματος
3297 2136 3614 2205 μακαρίζειν
3637 2134 3762 2194 τοὺς
3797 2134 3976 2184 τοιούο

2387 2248 2512 2293 τους
2557 2229 2843 2296 Μακάριοι
2873 2227 3002 2296 γὰρ,
3049 2226 3202 2295 φησὶ,
3251 2224 3470 2292 πάντες
3505 2229 3556 2278 oi
3603 2225 3970 2292 φοϐούμενοι

2389 2320 2494 2372 τὸν
2532 2319 2768 2387 Κύριον.
2813 2317 2923 2387 Τῆς
2951 2317 3120 2386 αὐτῆς
3149 2316 3204 2368 δέ
3242 2318 3353 2369 ἐστι
3385 2314 3616 2377 διανοίας
3653 2315 3739 2366 τόν
3767 2331 3834 2365 τε
3872 2329 3971 2364 πο-

2386 2411 2742 2483 νηρευόμενον
2771 2406 3142 2473 ὲξουδενῶσαι,
3185 2406 3284 2459 xiv
3318 2407 3679 2476 ύπεραίρηται
3705 2406 3967 2476 λαμπρὸ-

2387 2521 2529 2575 τητι,
2571 2501 2781 2555 καὶτὸν
2825 2499 3151 2570 φοόούμενον
3195 2499 3283 2550 τὸν
3315 2498 3518 2569 Κύριον
3560 2498 3826 2563 δοξάζειν,
3860 2497 3968 2550 xiv

2389 2595 2610 2664 εὐτελὴς
2637 2591 2691 2666 ᾖ,
2722 2593 2824 2645 xiv
2855 2592 3019 2660 πένης
3051 2591 3108 2642 ὲν
3141 2587 3217 2657 τῷ
3255 2588 3373 2659 βίῳ,
3411 2588 3512 2642 xiv
3545 2587 3966 2657 εύκαταερρόνη-

2387 2702 2497 2747 τος,
2535 2684 2634 2737 xiv
2676 2684 2838 2753 μηδὲν
2875 2681 2982 2733 τῶν
3013 2679 3164 2742 ἐκτὸς
3208 2680 3658 2751 προκαλουμένων
3703 2682 3783 2740 εἰς
3825 2680 3967 2730 ἀπο-

2387 2775 2542 2844 δοχὴν
2578 2773 2925 2843 κεκτημένος.
2959 2773 3009 2822 Ὀ
3055 2771 3290 2840 ὀμνύων
3337 2772 3414 2837 τῷ
3445 2773 3707 2838 πλησίον
3736 2767 3960 2827 αὑτοῦ,

2388 2866 2487 2918 καὶ
2517 2867 2626 2918 οὐκ
2657 2862 2898 2918 ἀθετῶν.
2932 2862 2996 2915 Τί
3029 2863 3090 2934 δή
3117 2881 3244 2917 ποτε
3273 2863 3504 2917 ἐνταῦθα
3538 2863 3632 2933 μὲν
3659 2864 3692 2932 ἡ
3726 2861 3962 2930 εὖορκία

2391 2957 2749 3024 συγχωρεῖ-ται
2801 2954 2858 3004 ὲν
2910 2956 3019 3016 τοῖς
3062 2952 3139 3022 τῷ
3176 2953 3364 3021 τελείῳ
3421 2953 3714 3022 πρέπουσιν
3756 2948 3964 3018 ἀνδρα-

2389 3047 2716 3115 γαθήμασιν,
2760 3046 2816 3097 ὲν
2851 3044 2908 3097 δὲ
2951 3043 3026 3113 τῷ
3064 3044 3378 3112 Εὐαγγελίφ
3421 3041 3693 3103 παντελῶς
3743 3041 3964 3105 imm"

2392 3154 2613 3208 ρευται;
2678 3139 2770 3203 Τίς
2832 3137 3217 3206 παροικήσει,
3268 3135 3364 3187 καὶ
3425 3136 3516 3197 τίς
3573 3131 3968 3198 κατασκηνώ-

733 3233 864 3296 Quis
911 3232 1327 3300 peregrinabitur
1365 3242 1411 3285 et
1487 3231 1603 3301 quis
1637 3230 1952 3300 requiescet?
1998 3228 2102 3295 Qui
2137 3230 2284 3300 jurat

2389 3245 2482 3282 σει
2520 3228 2660 3298 (14);
2707 3229 2770 3280 '0
2804 3229 3036 3296 ὀμνύων
3074 3225 3152 3289 τῷ
3183 3225 3447 3289 πλησίον
3473 3221 3675 3284 αὑτοῦ,
3711 3221 3812 3273 καὶ
3851 3224 3966 3273 οὐκ

728 3326 965 3390 proximo
1007 3339 1122 3385 suo,
1169 3333 1214 3376 et
1265 3339 1365 3376 non
1404 3325 1614 3390 decipit.
1643 3323 1754 3376 illic
1789 3338 1936 3387 vero,
1975 3322 2086 3392 Ego
2112 3335 2286 3377 autem

728 3416 846 3465 diro
898 3414 1056 3475 vobis,
1110 3425 1164 3466 ut
1215 3429 1277 3465 ne
1329 3413 1521 3482 juretis
1566 3417 1776 3467 omnino
1803 3415 1867 3468 ”.
1917 3415 2053 3480 Quid
2121 3416 2288 3484 igitur

731 3505 1007 3561 dicemus?
1063 3503 1347 3557 Dominum
1407 3519 1570 3571 scopo
1631 3507 1804 3560 eidem
1879 3507 2076 3575 ubique
2124 3510 2290 3562 inlue-

733 3614 855 3653 rcre
891 3617 904 3652 :
938 3599 1130 3668 quippe
1181 3608 1521 3665 peccatorum
1585 3599 1823 3651 occurrit
1868 3598 2170 3662 eﬂ'ectibus,
2236 3611 2290 3655 et

733 3689 1121 3757 malignitatem
1174 3703 1202 3740 a
1259 3687 1432 3757 prima
1488 3688 1696 3758 Origine
1743 3688 2030 3743 exscindit.
2089 3690 2286 3755 Quem-

730 3781 1013 3833 admodum
1069 3780 1212 3831 enim
1272 3780 1481 3832 dicebat
1539 3779 1620 3831 lex
1673 3780 1941 3848 antiqua:
1989 3778 2111 3832 Non
2162 3798 2286 3834 mte-

729 3871 1039 3933 ehaberis“,
1094 3871 1347 3925 Dominus
1393 3886 1540 3936 vero,
1574 3869 1696 3924 Non
1730 3872 2051 3940 concupisces
2073 3872 2115 3903 ¹⁸
2147 3889 2160 3925 :
2199 3873 2283 3925 illa

729 3965 945 4031 quidem
981 3982 994 4017 :
1032 3962 1152 4016 Non
1185 3964 1466 4025 occides“,
1521 3963 1607 4018 hic
1646 3979 1773 4018 vero
1801 3965 2117 4033 perfectiora
2147 3979 2284 4031 prm-

726 4054 992 4113 scribens.
1030 4053 1148 4108 Non
1199 4055 1495 4109 irasceris"
1527 4072 1541 4109 :
1574 4056 1656 4130 sic
1685 4072 1814 4111 sane
1858 4058 2017 4111 etiam
2047 4057 2146 4110 hoc
2171 4060 2286 4111 loco

731 4143 820 4198 illa
879 4145 1096 4211 quidem
1167 4154 1418 4200 contenta
1474 4157 1556 4200 est
1593 4156 1740 4200 recte
1803 4145 2110 4214 iuramento
2152 4164 2164 4200 :
2200 4148 2287 4201 hic

727 4249 856 4289 vero
878 4233 1099 4304 perjurii
1152 4236 1423 4289 exscindit
1450 4239 1811 4290 occasionem.
1838 4238 1937 4304 Qui
1969 4238 2112 4291 enim
2144 4247 2286 4292 recte

727 4337 782 4378 ct
832 4341 959 4380 vere
1026 4325 1195 4394 jurat,
1246 4328 1478 4381 lortasse
1527 4330 1687 4382 etiam
1737 4330 1844 4382 l'alli
1905 4345 2284 4398 nonnunquam

728 4424 902 4484 potest
955 4416 1154 4468 invitus
1186 4433 1200 4472 :
1231 4417 1322 4484 qui
1386 4432 1512 4470 vero
1567 4433 1671 4472 non
1715 4417 1882 4483 jurat,
1943 4419 2162 4487 perjurii
2211 4421 2284 4472 vi-

731 4506 863 4559 tavit
907 4509 1222 4574 periculum.
1273 4513 1387 4561 Jam
1435 4522 1562 4562 vero
1621 4507 1783 4560 etiam
1824 4508 2004 4561 nmltis
2049 4509 2098 4560 in
2152 4508 2283 4561 locis

2387 3321 2628 3375 ἀθετῶν.
2668 3321 2812 3372 Ἐκεῖ
2852 3319 2926 3381 δὲ,
2970 3316 3107 3382 Ἐγὼ
3136 3315 3204 3366 δὲ
3250 3315 3407 3384 λέγω
3438 3313 3580 3382 ὑμῖν
3605 3314 3691 3381 μὴ
3739 3314 3963 3380 ὀμόσαι

2388 3411 2560 3478 ὅλως.
2588 3411 2652 3463 Τί
2676 3407 2767 3464 οὖν
2797 3425 3007 3479 φαμεν;
3037 3409 3157 3458 Ὅτι
3195 3405 3467 3476 πανταχοῦ
3502 3403 3594 3458 τοῦ
3627 3404 3793 3457 αὐτοῦ
3835 3421 3965 3456 axo-

2388 3503 2488 3557 ποῦ
2516 3504 2693 3574 ἔχεται
2722 3505 2749 3556 6
2777 3502 2996 3573 Κύριος,
3037 3500 3435 3571 προλαμῦανων
3476 3499 3580 3551 τῶν
3627 3497 3963 3568 ἁμαρτημά-

2386 3611 2492 3646 των
2521 3594 2588 3646 τὰ
2637 3592 3081 3662 ἀποτελέσματα,
3127 3592 3220 3644 καὶ
3255 3593 3317 3643 ὲκ
3363 3591 3462 3659 τῆς
3509 3586 3730 3660 πρώτης
3777 3590 3965 3656 ἀρχῆς

2386 3684 2660 3754 ἐκτέμνων
2703 3684 2798 3755 τὴν
2853 3684 3132 3754 πονηρίαν.
3189 3683 3276 3743 Ὠς
3330 3681 3437 3751 γὰρ
3481 3683 3509 3733 6
3564 3681 3658 3749 μὲν
3726 3679 3964 3739 παλαιὸς

2385 3775 2535 3842 ἔλεγε
2568 3777 2750 3844 νόμος,
2784 3778 2864 3828 Οὑ
2879 3776 3242 3843 μοιχεύσεις·
3266 3775 3294 3824 6
3322 3772 3377 3824 δὲ
3402 3772 3619 3840 Κύριος,
3646 3768 3800 3822 Οὐδὲ
3837 3769 3963 3821 ἐπι-

2384 3866 2672 3934 θυμήσεις
2697 3883 2708 3895 ·
2744 3868 2993 3927 κάκεῖνος
3018 3865 3136 3934 μὲν,
3169 3867 3249 3917 Οὐ
3283 3864 3620 3932 φονεύσεις·
3641 3864 3669 3912 ὁ
3687 3861 3744 3913 δὲ
3772 3861 3847 3913 τὰ
3878 3878 3962 3912 τε-

2384 3957 2624 4029 λειότερα
2655 3956 2976 4027 νομοθετῶν,
3008 3954 3161 4008 Οὐδὲ
3186 3954 3516 4025 ὁργισθήσῃ
3537 3971 3549 3983 ·
3585 3952 3727 4006 οὕτω
3755 3953 3823 4024 δὴ
3867 3952 3960 4004 καὶ

2384 4045 2612 4099 ἐνταῦθα
2635 4047 2664 4097 6
2701 4046 2796 4116 μὲν
2839 4046 3088 4115 ἀρκεῖται
3125 4047 3190 4115 τῇ
3221 4043 3464 4114 εὐορκίᾳ,
3495 4046 3523 4096 6
3547 4043 3603 4096 δὲ
3643 4044 3744 4113 τῆς
3778 4045 3959 4114 ἐπιορ-

2385 4140 2508 4202 κίας
2539 4140 2635 4207 τὴν
2679 4139 2927 4209 ἀφορμὴν
2973 4137 3270 4189 διακόπτει.
3308 4137 3365 4189 'U
3414 4135 3510 4206 μὲν
3538 4135 3645 4206 γὰρ
3679 4135 3950 4206 εύορκῶν,

2387 4233 2543 4303 τυχὸν
2570 4232 2634 4284 ἄν
2662 4231 2772 4301 (15)
2805 4247 2932 4282 ποτε
2963 4229 3056 4282 καὶ
3091 4228 3470 4300 παρασςραλείη
3509 4227 3684 4282 ἄκων·
3717 4230 3745 4281 6
3781 4228 3840 4280 δὲ
3885 4229 3955 4296 μὴ

2388 4325 2623 4396 ὀμνύων,
2654 4326 2741 4376 τὸν
2767 4325 2864 4392 τῆς
2887 4323 3168 4393 ἐπιορκίας
3201 4321 3439 4375 κίνδυνον
3472 4321 3821 4389 διαπέφευγε.
3856 4318 3956 4372 Τὸν

2390 4420 2550 4488 ὅρκον
2579 4417 2635 4469 δὲ
2667 4414 2928 4483 πολλαχοῦ
2957 4415 3046 4465 καὶ
3070 4415 3166 4482 τὴν
3196 4411 3526 4481 ἀμετάθετον
3559 4414 3687 4481 περὶ
3725 4411 3951 4462 ἑκάστου

2388 4510 2706 4579 πράγματος
2744 4503 3126 4557 διαϐεϐαίωσιν
3167 4499 3454 4571 ὀνομάζει·
3487 4502 3560 4563 ὡς
3589 4501 3670 4563 τὸ,
3704 4501 3947 4566 "Opaca,

733 4599 944 4651 iirmum
1001 4611 1055 4653 et
1106 4600 1432 4654 immutabile
1489 4601 1555 4653 de
1614 4614 1934 4668 unaquaque
1968 4615 2024 4652 re
2086 4615 2282 4667 propo-

2389 4573 2484 4652 καί
2514 4573 2755 4663 Ῠέστησα
2787 4596 2890 4648 τοῦ
2920 4594 3306 4664 φυλάξασθαι
3340 4595 3413 4646 τὰ
3452 4594 3703 4661 κρίματα
3736 4590 3842 4657 τῆς
3872 4593 3950 4642 ὄι-

729 4693 981 4760 positum,
1029 4690 1393 4758 juramentum
1450 4701 1641 4745 vocat:
1673 4701 1729 4744 nt
1772 4701 1855 4744 est
1905 4691 2051 4755 illud,
2077 4691 2282 4755 Juravi,

823 4912 865 4942 ¹¹
917 4911 1058 4965 Psal.
1115 4927 1337 4979 cxxvn,
1397 4917 1446 4970 1.

1558 4916 1599 4947 η
1645 4916 1826 4970 Μειιιι.
1867 4932 1919 4983 ν,
1967 4915 2052 4970 τι.

729 4984 774 5016 ίτ
805 4982 990 5036 Matth.
1019 4998 1067 5046 ν,
1103 4985 1192 5034 ‘22.

807 5165 917 5234 (.2)
971 5177 1059 5217 mc
1110 5163 1322 5216 codices
1359 5177 1451 5214 sex
1488 5178 1607 5234 cum
1644 5161 1878 5234 editione
1909 5159 2068 5234 Basil.
2115 5159 2288 5234 Editio

731 5229 1364 5302 Paris.cumquihusdam
1387 5247 1515 5287 mss.
1530 5230 1628 5300 τῆς
1640 5230 1745 5282 τῶν
1762 5229 2284 5302 ἀνθρώπωνλχρείας,

735 5308 891 5357 niale.
949 5299 1161 5357 Nec'ita
1210 5301 1373 5354 multo
1415 5313 1531 5368 post
1575 5299 1682 5354 tres
1733 5316 1861 5354 mss.
1899 5302 2023 5362 τοὺς
2060 5299 2115 5352 δὲ
2166 5316 2282 5352 πον.

733 5375 968 5428 Subinde
996 5388 1123 5425 mss.
1152 5382 1378 5441 quatuor
1404 5371 1648 5441 φωραθῇ.
1676 5371 1811 5441 Editi
1839 5385 1959 5441 cum
1988 5370 2104 5422 aliis
2134 5373 2288 5441 quiu-

730 5459 835 5513 que
873 5439 1333 5513 nissatpmpiiisiq.
1365 5441 1469 5494 Hoc
1492 5439 1674 5510 ipsein
1707 5439 1823 5495 loco
1854 5440 2003 5494 multi
2043 5455 2169 5495 mss.
2198 5440 2288 5490 dv-

732 5511 786 5566 τι
813 5512 903 5565 τοῦ
930 5511 1174 5582 μηδενός.

807 5652 917 5722 (lii)
949 5651 1076 5720 Reg.
1126 5650 1314 5722 tertius
1339 5650 1733 5720 διδασκομενον.
1767 5649 1918 5722 ωιιι.
1939 5659 2180 5722 quartus
2197 5650 2284 5702 δε-

734 5718 1012 5790 δογμένον.
1036 5718 1186 5775 Vlulra
1228 5720 1361 5791 licg.
1399 5718 1583 5791 tertius
1615 5720 2122 5791 προσκαλουμένων.
2151 5718 2292 5771 Sub-

735 5793 1028 5856 indetllud,
1062 5791 1152 5845 καὶ
1180 5791 1277 5844 οὐκ
1307 5790 1532 5857 ἀθετῶν,
1565 5803 1609 5844 et
1638 5790 1736 5843 non
1770 5792 1977 5859 decipit,
2015 5795 2082 5845 ita
2119 5792 2291 5845 inter-

2168 4915 2208 4946 “
2235 4917 2405 4973 Exod.
2444 4933 2540 4981 xx,
2584 4914 2670 4969 14.

2390 4688 2716 4754 καιοσύνης
2753 4701 2901 4738 σου·
2951 4685 3044 4737 καὶ
3086 4684 3166 4748 τὸ,
3197 4685 3415 4752 Ὠμοσε
3453 4684 3703 4750 Κύριος,
3740 4683 3836 4738 καὶ
3884 4685 3948 4734 cf:

2796 4910 2840 4942 ¹⁵
2874 4908 3059 4964 Matth.
3101 4923 3154 4976 v,
3199 4904 3291 4961 28.
3393 4907 3436 4939 ³⁸
3485 4904 3658 4962 Exod.
3715 4921 3824 4971 xx,
3869 4907 3946 4961 i3.

2394 5168 2642 5229 pretatur
2674 5157 2968 5224 Didymus:
3003 5157 3368 5211 Jurameutum
3409 5155 3548 5226 quod
3584 5157 3825 5223 proximo
3875 5154 3949 5221 fa-

2391 5242 2528 5282 ctum
2558 5241 2653 5291 est,
2687 5230 2893 5280 irritum
2923 5245 3023 5280 nou
3047 5230 3236 5282 reddit.

2462 5298 2575 5370 (14)
2604 5299 2753 5358 Illud,
2789 5300 2845 5350 ὲν
2874 5298 2989 5369 ὄρει
3016 5297 3153 5366 ἁγίῳ
3185 5313 3298 5370 σου,
3330 5295 3853 5370 sequitltr_proxime
3901 5293 3945 5343 in

2393 5364 2566 5423 tribus
2603 5384 2730 5421 mss.
2760 5364 2939 5418 vocem
2967 5364 3393 5435 κατασκηνώσει.
3429 5365 3554 5435 Item
3579 5364 3736 5435 Coll).
3766 5379 3947 5417 secun-

2392 5440 2491 5492 dus
2541 5436 2947 5506 κατασκηνὼσει
2986 5441 3041 5488 ἐν
3078 5432 3292 5506 δρειτῷ
3308 5436 3445 5505 ἁγίῳ
3466 5433 3649 5486 αὑτοῦ.
3681 5432 3812 5500 Reg.
3847 5435 3946 5499 pri-

2395 5524 2511 5561 mus
2563 5510 2976 5578 habetquuque
3011 5508 3094 5557 ἐπ’
3149 5507 3261 5577 ὄρει
3321 5523 3448 5578 σου,
3476 5506 3568 5578 sed
3625 5506 3675 5555 iu
3713 5506 3946 5578 margine

2396 5580 2669 5631 duntaxat.
2728 5571 2912 5629 Facile
2959 5586 3135 5629 autem
3181 5571 3524 5629 crediderint
3554 5571 3671 5627 hmc
3712 5574 3943 5628 habenda

2398 5662 2522 5701 esse
2553 5662 2648 5713 pro
2673 5646 3055 5699 additamentis
3086 5646 3445 5700 librariorum.

2471 5717 2580 5788 (l5)
2604 5717 2691 5788 Sic
2715 5731 2846 5788 mss.
2875 5715 3015 5769 Editi
3044 5731 3166 5772 vero
3193 5716 3331 5786 τάχα
3346 5714 3429 5770 ἄν.
3453 5713 3618 5770 Paulo
3645 5725 3768 5785 posit
3796 5713 3943 5784 aliqui

2403 5784 2534 5844 mss.
2564 5784 2696 5858 μηδὲ
2715 5784 2945 5856 ὀμνύων.
