4092 6318
637 385 746 440 265

1953 392 2007 447 S.
2051 392 2292 449 BASILli
2333 393 2543 450 MAGNI

3805 395 3903 449 ΞΜ

645 505 789 562 tione
839 512 1213 567 necessitatem
1260 513 1684 586 uniuscujusque
1719 515 1955 585 petentis
2002 517 2208 572 discer-

2315 517 2765 588 προσαιτούντων.
2834 518 2940 570 Καὶ
2993 514 3151 568 τοῦτο
3211 514 3619 586 μεμαθήκαμεν
3668 515 3733 566 ὲν
3786 517 3901 576 mi;

641 613 758 652 nas.
814 598 1098 668 Quomodo
1139 613 1318 659 autem
1375 606 1426 660 id
1478 606 1667 676 perlici
1722 617 1885 678 queat
1923 608 1990 664 ab
2028 609 2092 663 iis
2116 609 2206 678 qui

639 691 779 745 scito
803 692 1020 763 pietatis
1050 697 1382 766 propositum
1433 700 1746 768 explebant,
1783 715 1846 755 ex
1885 701 2034 758 Actis
2067 703 2207 757 didi-

638 782 852 838 cimus:
890 787 1156 853 Quotquot
1214 789 1375 852 enim,
1436 790 1535 853 ait,
1586 805 1911 856 possessores
1967 807 2210 863 agrorum

640 881 731 925 aut
784 875 1057 928 domorum
1115 890 1308 942 erant,
1367 880 1645 933 uendentes
1704 880 1993 949 a/Ierebant
2044 882 2210 948 pretia

639 979 818 1017 eorum
868 981 983 1033 qua:
1012 968 1318 1030 vendebant,
1353 980 1399 1023 et
1435 970 1690 1039 ponebant
1721 979 1843 1024 ante
1879 971 2033 1039 pedes
2084 988 2210 1037 apo-

642 1055 918 1109 stolorum.
953 1055 1300 1112 Dividebatur
1336 1067 1513 1113 autem
1541 1059 1790 1128 singulis,
1838 1070 1994 1128 prout
2028 1059 2212 1126 cuique

641 1163 770 1214 Opus
803 1160 913 1203 erat
935 1149 1024 1202 ¹⁸⁶.
1059 1151 1193 1205 Cum
1224 1150 1370 1204 enim
1411 1150 1750 1215 mendicitas,
1789 1148 1972 1204 multis
2019 1163 2211 1202 neces-

642 1239 910 1294 sariorum
944 1257 1097 1296 usum
1154 1243 1558 1308 excedentibus,
1591 1242 1971 1313 negotiationis
1993 1241 2212 1295 occasio

640 1331 732 1398 sit,
766 1343 819 1385 et
846 1333 1093 1388 obscena:
1135 1333 1421 1403 voluptatis
1465 1334 1691 1390 materia
1725 1352 1738 1386 :
1787 1332 2095 1389 necessario
2144 1333 2213 1387 ab

643 1421 691 1476 is
735 1421 934 1492 quibus
981 1439 1272 1494 pauperum
1321 1442 1452 1481 cura
1501 1424 1812 1480 concredita
1869 1433 2011 1489 erat,
2059 1424 2211 1480 colli-

641 1514 908 1585 gebautur
959 1516 1218 1584 pecuniae,
1268 1525 1327 1570 ut
1379 1531 1446 1569 ex
1495 1515 1597 1569 buc
1640 1529 1779 1584 penu
1826 1515 2119 1582 prudenter
2147 1528 2211 1566 ac

640 1608 864 1677 provide
915 1622 1011 1677 pro
1045 1608 1311 1675 cujusque
1353 1606 1680 1660 necessitate
1728 1605 2034 1661 distributio
2059 1606 2212 1660 ﬁeret

641 1701 1095 1755 necessariorum.
1142 1697 1601 1764 Quemadmodum
1641 1700 1783 1754 enim
1827 1699 2210 1769 agrotantibus

641 1791 960 1860 plerumque
1009 1792 1372 1844 necessarium
1405 1802 1486 1846 est
1522 1792 1705 1846 vinum
1726 1829 1741 1858 ,
1787 1807 1887 1846 nec
1921 1801 2098 1846 tamen
2127 1799 2212 1844 est

2314 606 2554 677 Πράξεσι
2604 607 2744 676 (21),
2797 607 2918 660 τίνα
2972 608 3169 678 τρόπον
3220 605 3442 658 δυνατὸν
3495 603 3903 676 κατορθοῦσθαι

2311 697 2461 770 παρὰ
2503 698 2612 750 τῶν
2664 699 3044 769 ἐπιστημόνως
3085 697 3178 751 τὸν
3212 699 3310 768 τῆς
3357 697 3642 760 εὐσεϐείας
3699 696 3898 749 σκοπὸν

2310 791 2760 862 ἐκπληρούντων·
2789 791 2955 845 Ὅσοι
2995 791 3124 861 γὰρ,
3161 790 3315 860 φησὶ,
3348 789 3638 858 κτήτορες
3667 791 3900 858 χωρίων

2309 884 2348 953 ἢ
2389 883 2592 938 οἰκιῶν
2622 883 2916 954 ὑπῆρχον,
2946 883 3294 949 πωλοῦντες
3330 882 3547 951 ἔφερον
3581 883 3690 947 τὰς
3727 881 3896 950 τιμὰς

2310 971 2428 1026 τῶν
2486 972 3008 1042 πιπρασκομένων,
3071 973 3168 1027 καὶ
3227 973 3466 1026 ἐτίθουν
3518 971 3682 1038 παρὰ
3760 970 3898 1037 τοὺς

2310 1063 2500 1132 πόδας
2525 1063 2645 1118 τῶν
2664 1066 3038 1120 ἀποστόλων.
3065 1064 3359 1119 Διεδίδοτο
3381 1063 3448 1117 δὲ
3467 1063 3732 1126 ἑκάστῳ,
3766 1066 3898 1116 καθ-

2311 1156 2399 1208 ότι
2426 1154 2503 1208 ἇν
2537 1172 2627 1221 τις
2658 1155 2869 1223 χρείαν
2889 1149 3070 1224 εἶχεν.
3107 1155 3324 1225 Ἐπειδὴ
3362 1154 3471 1226 γὰρ
3514 1153 3706 1206 πολλοὶ
3739 1154 3897 1224 ὑπερ-

2313 1245 2587 1309 ϐαίνοντες
2623 1245 2722 1317 τὴν
2759 1247 2955 1316 χρῆσιν
2989 1246 3094 1298 τῶν
3125 1249 3460 1316 ἀναγκαίων,
3503 1247 3770 1316 ἀφορμὴν
3803 1247 3898 1315 ἐμο

2313 1339 2505 1410 πορίας
2532 1339 2626 1391 καὶ
2659 1338 2915 1391 ὑπόθεσιν
2953 1338 3164 1410 τρυφῆς
3191 1339 3450 1408 ἀσελγοῦς
3483 1337 3772 1391 ποιοῦνται
3803 1339 3897 1407 τὴν

2312 1427 2546 1497 αἴτησιν,
2593 1428 2907 1496 ἀναγκαίως
2941 1427 3091 1498 παρὰ
3141 1431 3253 1492 τοῖς
3284 1431 3382 1500 τὴν
3423 1429 3752 1500 ἐπιμέλειαν
3794 1428 3896 1482 τῶν

2313 1519 2540 1588 πτωχῶν
2579 1519 3028 1590 πεπιστευμένοις
3055 1521 3087 1589 ἡ
3120 1521 3416 1591 συγκομιδὴ
3449 1521 3558 1573 τῶν
3589 1521 3892 1591 χρημάτων

2313 1609 2538 1677 ἐγίνετο,
2577 1610 2714 1663 ὥστε
2749 1610 2956 1663 ἐκεῖθεν
2987 1611 3366 1681 ἐπιστημόνως
3398 1612 3490 1663 καὶ
3531 1611 3893 1682 οἰκονομικῶς

2313 1703 2430 1764 ταῖς
2469 1700 2698 1753 ἑκάστου
2733 1701 2944 1772 χρείαις
2984 1701 3081 1772 τὴν
3129 1701 3387 1772 διανομὴν
3420 1702 3528 1755 τῶν
3575 1704 3890 1770 ἀναγκαίων

2313 1789 2577 1859 γίνεσθαι.
2611 1791 2818 1862 Ὥσπερ
2858 1792 2966 1863 γὰρ
3007 1792 3098 1845 ἐπὶ
3139 1792 3247 1845 τῶν
3274 1792 3702 1863 ἀρρωστούντων
3738 1795 3890 1863 χρεία

641 1884 878 1955 cujusvis
930 1892 1160 1953 tempus,
1220 1899 1547 1946 mensuram,
1577 1895 1632 1939 et
1675 1882 1991 1954 qualitatem
2022 1883 2209 1938 decer-

2315 1884 2411 1954 μὲν
2446 1881 2705 1945 πολλάκις
2743 1882 2907 1948 οἴνου,
2948 1885 3063 1938 ἀλλ’
3091 1887 3151 1937 οῦ
3183 1885 3382 1947 παντός
3416 1886 3532 1936 ἐστι
3565 1886 3766 1953 καιροῦ
3803 1889 3890 1939 καὶ

641 1992 799 2040 nere;
847 1986 902 2030 at
936 1977 1142 2031 medico
1170 1979 1235 2030 ad
1275 1976 1683 2044 praeﬁniendum
1730 1975 1837 2030 vini
1865 1985 2048 2045 potum
2075 1989 2208 2044 opus

640 2078 726 2122 est
749 2090 762 2122 :
789 2069 863 2121 ita
901 2078 1049 2123 certe
1082 2076 1136 2123 et
1165 2068 1499 2136 dispensatio
1527 2082 1648 2138 quae
1677 2068 1744 2120 ad
1778 2081 2066 2136 egenorum
2089 2080 2211 2134 per—

643 2160 776 2214 tinet
811 2173 1016 2218 curam,
1060 2173 1163 2211 non
1221 2160 1289 2212 ab
1334 2159 1585 2213 omnibus
1629 2169 1806 2227 potest
1839 2159 2040 2213 utiliter
2069 2159 2205 2214 lleri.

642 2249 743 2316 Qui
785 2250 926 2304 enim
969 2249 1214 2321 lugubria
1269 2250 1506 2306 carmina
1554 2251 1621 2304 ad
1667 2249 2011 2306 mulierculas
2059 2251 2207 2306 deci-

641 2340 866 2409 pieudas
899 2348 1261 2409 componunt,
1315 2348 1370 2395 et
1418 2339 1600 2394 mutila
1642 2341 1884 2409 corporis
1943 2340 2204 2404 membra,

641 2446 708 2485 ac
764 2431 942 2486 ulcera
1008 2433 1074 2485 ad
1138 2441 1375 2502 quaestus
1431 2431 1774 2487 occasionem
1831 2431 2206 2484 inveniendam

642 2531 953 2585 osloutant,
1004 2522 1072 2575 iis
1121 2520 1330 2593 largum
1384 2531 1439 2576 et
1465 2521 1687 2576 liberale
1735 2520 2034 2576 subsidium
2067 2521 2206 2575 nulla

649 2615 857 2669 ratione
911 2612 1247 2684 profuturum
1297 2621 1402 2668 est.
1439 2611 1571 2667 Nam
1624 2613 1847 2683 largitas
1903 2613 2034 2681 ipsis
2095 2630 2208 2667 ma-

647 2707 776 2762 lilia:
811 2706 916 2762 erit
955 2707 1170 2761 occasio
1198 2713 1253 2761 et
1303 2707 1549 2761 materia.
1599 2704 1799 2760 Horum
1832 2714 2010 2760 tamen
2050 2705 2210 2760 latra-

645 2811 734 2857 tus
790 2801 995 2855 modica
1047 2799 1361 2870 erogatione
1411 2797 1679 2853 arcendus
1721 2805 1844 2852 est:
1889 2797 1981 2851 sed
2018 2799 2109 2866 qui
2155 2797 2207 2851 in

641 2894 810 2958 viros,
852 2891 941 2961 qui
996 2906 1080 2945 res
1125 2891 1378 2945 adversas
1421 2890 1689 2960 patienter
1729 2888 1969 2958 perferre
2005 2889 2209 2944 didice-

644 2994 795 3048 runt,
821 2981 1248 3038 misericordiam
1272 2991 1325 3035 et
1352 2981 1644 3036 fraternam
1671 2981 1995 3035 cbaritatem
2025 2991 2208 3034 osten-

646 3077 843 3137 derint,
899 3074 966 3127 iis
1011 3081 1291 3140 propterea
1338 3072 1590 3126 dicetur:
1628 3069 1842 3125 Esurivi
1896 3081 1943 3124 et
1991 3071 2207 3125 dedistis

645 3166 775 3220 mihi
827 3162 1222 3229 manducare“;
1263 3171 1318 3218 et
1370 3177 1488 3232 qua
1523 3172 1842 3231 sequuntur.
1896 3159 1965 3215 Et
2016 3161 2206 3215 volenti

2319 1975 2518 2045 μέτρου
2566 1975 2660 2029 καὶ
2711 1977 2995 2046 ποιότητος
3041 1978 3581 2048 καταστοχάσασθαι·
3629 1977 3790 2049 χρεία
3837 1978 3890 2030 δὲ

2319 2064 2501 2136 ίατροῦ
2549 2066 2686 2138 πρὸς
2723 2066 2821 2136 τὴν
2870 2068 3013 2121 δόσιν
3056 2069 3149 2122 τοῦ
3199 2071 3375 2123 οἴνουο
3432 2069 3574 2122 οὕτω
3605 2069 3671 2140 δὴ
3729 2068 3824 2122 καὶ
3854 2073 3886 2138 ὴ

2316 2160 2442 2229 περὶ
2468 2160 2567 2230 τὴν
2598 2158 2891 2231 θεραπείαν
2919 2160 3024 2213 τῶν
3048 2161 3314 2231 δεομένων
3342 2161 3624 2231 οἰκονομία
3649 2161 3709 2212 οὺ
3740 2159 3892 2229 παρὰ

2316 2251 2532 2304 πάντων
2579 2250 2870 2322 ὠφελίμως
2922 2251 3260 2322 ἐνεργεῖσθαι
3307 2251 3549 2306 δύναται.
3598 2252 3729 2314 Τοῖς
3783 2251 3891 2320 γὰρ

2314 2339 2376 2410 δὴ
2407 2340 2473 2393 τὰ
2517 2339 2761 2412 θρηνώδη
2809 2340 2942 2412 μέλη
2992 2342 3122 2411 πρὸς
3153 2342 3252 2412 τὴν
3280 2341 3386 2397 τῶν
3427 2342 3703 2411 γυναικῶν
3746 2341 3893 2393 ἀπά-

2315 2448 2413 2500 την
2450 2433 2758 2495 συντιθεῖσι,
2789 2435 2882 2486 καὶ
2915 2433 2982 2486 τὰ
3013 2433 3319 2504 πηρὼματα
3348 2434 3439 2487 τοῦ
3481 2434 3756 2502 σώματος,
3795 2432 3894 2485 καὶ

2315 2520 2384 2572 τὰ
2417 2521 2547 2592 ’ἐλκη
2591 2525 2726 2594 πρὸς
2769 2525 3036 2596 ἐμπορίας
3075 2525 3328 2597 ἀφορμὴν
3376 2525 3708 2598 προτιθεῖσιν
3751 2525 3895 2593 (2‘2),

2317 2612 2376 2664 οὐ
2436 2613 2650 2676 πάντως
2693 2615 2753 2667 τὸ
2808 2616 3028 2686 δαψιλὲς
3081 2617 3182 2686 τῆς
3245 2618 3520 2681 διακονίας
3587 2617 3893 2686 ὠφέλιμον.

2330 2704 2574 2776 Ἀφορμὴ
2604 2705 2709 2775 γὰρ
2744 2708 2926 2770 αὐτοῖς
2956 2710 3034 2771 εἰς
3074 2711 3271 2764 κακίαν
3309 2711 3343 2780 ἡ
3390 2711 3620 2780 χορηγία
3666 2709 3900 2776 γενήσε-

2314 2815 2424 2854 ται.
2466 2797 2622 2852 Ἀλλὰ
2657 2800 2827 2869 μικρᾷ
2859 2798 3000 2850 δόσει
3024 2800 3126 2869 χρὴ
3151 2803 3250 2868 τὴν
3278 2801 3381 2853 τῶν
3405 2800 3659 2853 τοιούτων
3683 2798 3899 2868 ὑλακὴν

2315 2890 2680 2956 ἀπωθεῖσθαι,
2718 2891 2778 2943 τὸ
2827 2889 2884 2942 δὲ
2937 2891 3216 2960 συμπαθὲς
3263 2891 3356 2944 καὶ
3401 2891 3715 2960 φιλάδελεξον
3767 2892 3901 2942 ὲπι-

2313 2981 2697 3051 δεικνυμένους
2730 2980 2863 3051 (25),
2898 2981 2955 3033 έν
2986 2983 3097 3045 τοῖς
3132 2980 3250 3052 μεθ’
3275 2981 3549 3051 ὑπομονῆς
3581 2980 3676 3051 τὴν
3706 2982 3900 3054 θλίψιν

2317 3074 2505 3144 φέρειν
2547 3073 2976 3145 δεδιδαγμένοιςο
3005 3075 3143 3146 ὑπὲρ
3186 3067 3260 3129 ὧν
3297 3075 3388 3128 καὶ
3428 3074 3743 3145 λεχθήσεται
3793 3080 3899 3131 αὑ-

2317 3165 2448 3225 τοῖς,
2484 3164 2566 3216 ὂτι
2611 3165 2946 3227 Ἐπε-’νασα,
2981 3165 3075 3219 καὶ
3107 3163 3364 3218 ἐδώκατέ
3386 3182 3485 3233 μοι
3518 3163 3746 3233 φαγεῖν,
3800 3184 3902 3220 και

644 3257 879 3310 mutuari
925 3270 957 3308 α
1007 3266 1086 3318 te,
1123 3269 1183 3307 ne
1217 3254 1469 3307 aperturis
1493 3252 1558 3310 ".
1599 3255 1775 3322 Atque
1821 3251 1924 3305 hoc
1962 3253 2210 3321 pracepti

2315 3253 2382 3306 τὰ
2427 3253 2571 3323 ἑξῆς.
2610 3255 2718 3308 Καὶ
2748 3256 2863 3307 ἀπὸ
2899 3256 3003 3309 τοῦ
3037 3257 3318 3321 θέλοντος
3352 3254 3770 3322 δανείσασθαι,
3807 3258 3900 3326 μὴ

644 3347 912 3403 consentit
945 3362 1064 3402 cum
1101 3346 1389 3416 prioribus.
1423 3344 1566 3400 Nam
1591 3355 1646 3400 et
1675 3345 1766 3415 qui
1801 3343 1887 3400 bic
1912 3344 2064 3413 petit,
2089 3357 2211 3397 cum

645 3451 850 3504 pauper
875 3436 965 3499 μίι,
999 3449 1027 3488 a
1062 3445 1112 3489 te
1138 3445 1378 3489 mutuum
1420 3435 1569 3506 petit,
1601 3436 1990 3490 iultabitantem
2023 3436 2072 3486 in
2096 3447 2213 3490 cm-

648 3525 717 3578 lis
747 3524 964 3578 divitem
1003 3523 1097 3577 tibi
1135 3525 1466 3582 ostendens:
1507 3524 1598 3596 qui
1635 3540 1730 3595 pro
1773 3526 1885 3596 ipso
1913 3524 2006 3579 tibi
2036 3524 2212 3580 exsol-

649 3622 737 3670 vet
776 3614 1035 3671 debitum.
1074 3612 1176 3680 Qui
1221 3616 1383 3677 enim,
1429 3617 1618 3684 inquit,
1642 3619 1917 3671 miseretur
1945 3618 2208 3686 pauperis,

648 3705 757 3760 Deo
797 3705 1097 3774 Miserat“.
1125 3705 1397 3761 Ccelorum
1437 3717 1613 3762 autem
1641 3723 1860 3778 regnum
1897 3708 2090 3778 pignus
2129 3718 2212 3763 est

648 3799 819 3856 mutui
862 3811 916 3855 et
958 3801 1155 3857 cautio.
1203 3799 1354 3867 Quod
1409 3798 1612 3854 utinam
1645 3815 1832 3857 omnes
1872 3817 1969 3856 nos
2021 3817 2214 3856 conse-

644 3909 907 3964 quamur,
957 3894 1128 3964 gratia
1184 3901 1240 3949 et
1278 3891 1606 3962 benignitate
1635 3889 1842 3946 Domini
1872 3893 2037 3948 nostri
2084 3892 2209 3947 Jesu

648 3984 886 4045 Christi,
935 4001 1056 4039 cum
1098 4001 1211 4054 quo
1252 3984 1397 4039 Patri
1461 3993 1516 4039 et
1557 3980 1781 4051 Spiritui
1825 3994 2011 4040 sancto
2043 3983 2210 4053 gloria

645 4086 702 4132 et
744 4076 1105 4147 imperiumin
1141 4075 1330 4131 sazcula
1360 4073 1710 4130 saeculorum!
1737 4074 1925 4128 Amen.

1119 4405 1424 4464 EIUSDEM
1453 4405 1733 4463 HOMILIA

648 4501 718 4557 In
751 4513 947 4571 partem
985 4500 1172 4571 psalmi
1218 4498 1404 4554 decimi
1455 4498 1649 4566 quarti,
1696 4506 1743 4552 et
1779 4507 1962 4552 contra
1991 4496 2216 4565 {tenera-

1349 4579 1507 4624 tores.

719 4665 770 4719 l.
804 4662 925 4717 Ileri
949 4677 1069 4718 cum
1097 4661 1164 4716 de
1200 4661 1406 4730 psalmo
1443 4660 1651 4715 decimo
1683 4668 1876 4730 quarto
1911 4672 2213 4714 sermonem

2319 3342 2730 3412 ἀποστραφῇς.
2757 3344 2863 3396 Kal.
2898 3345 3052 3397 τοῦτο
3079 3345 3137 3398 τὸ
3168 3346 3532 3416 παράγγελμα
3571 3348 3748 3416 ἔχεται
3783 3350 3903 3401 τῶν

2319 3435 2617 3505 προτέρων.
2663 3435 2773 3487 Καὶ
2816 3434 2924 3505 γὰρ
2963 3435 3058 3487 καὶ
3102 3437 3130 3486 ό
3171 3436 3403 3489 ἐνταῦθα
3448 3438 3628 3491 αἰτῶν.
3676 3441 3904 3508 πτωχὸς

2317 3523 2410 3590 ὢν,
2446 3525 2650 3579 δάνειον
2691 3525 3015 3597 αίτεῖ’παρὰ
3045 3523 3161 3587 σοῦ,
3206 3525 3417 3588 δεικνύς
3456 3542 3535 3578 σοι
3576 3527 3661 3578 τὸν
3704 3530 3761 3579 ὲν
3803 3532 3903 3582 οὐ·

2318 3621 2500 3688 ρανοίς
2529 3617 2800 3682 πλούσιον,
2830 3618 3113 3672 διαλύοντα
3147 3633 3225 3669 σοι
3257 3617 3394 3687 ὑπὲρ
3418 3617 3578 3669 αὑτοῦ
3614 3618 3676 3670 τὸ
3708 3621 3899 3688 χρέος.

2329 3709 2382 3760 '0
2418 3708 2527 3780 γὰρ
2555 3707 2764 3772 ἐλεῶν,
2801 3709 2956 3777 φησὶ,
2984 3708 3219 3777 πτωχ‹’·ν
3255 3704 3374 3770 Θεῴ
3408 3704 3667 3765 δανείζει.
3710 3708 3906 3778 Ὲχέγ-

2316 3815 2444 3866 γυον
2474 3800 2530 3851 δὲ
2574 3799 2668 3853 τοῦ
2727 3801 2980 3871 δάνουςή
3034 3799 3279 3870 βασιλεία
3313 3797 3420 3850 τῶν
3466 3797 3728 3868 οὐρανῶν.
3786 3793 3900 3866 Ἶις

2313 3891 2520 3958 γένοιτο
2551 3893 2661 3963 (24)
2703 3894 2910 3956 πάντας
2938 3896 3086 3963 ἡμᾶς
3127 3892 3419 3962 ἀξιωθῆναι
3451 3889 3626 3962 χάριτι
3670 3890 3770 3943 καὶ
3819 3911 3902 3960 ιρι-

2313 3983 2628 4055 λανθρωπίᾳ
2667 3984 2760 4037 τοῦ
2806 3986 3012 4057 Κυρίου
3054 3985 3208 4053 ἡμῶν
3246 3982 3420 4052 Ἰησοῦ
3465 3980 3722 4054 Χριστοῦ,
3770 3983 3900 4052 μεθ’

2313 4067 2375 4127 οῦ
2399 4074 2475 4144 τῷ
2501 4076 2673 4144 Πατρὶ
2699 4076 2786 4128 καὶ
2816 4077 2953 4145 ἁγίῳ
2974 4074 3248 4144 Πνεύματι
3278 4076 3310 4142 ἡ
3333 4073 3457 4137 δόξα
3486 4075 3575 4126 καὶ
3599 4075 3659 4126 τὸ
3685 4076 3899 4147 κράτος

2313 4167 2392 4230 εις
2415 4169 2540 4226 τοὺς
2568 4165 2771 4228 αἰῶνας
2795 4165 2902 4218 τῶν
2932 4165 3161 4219 αἰώνων.
3200 4166 3388 4234 Ἀμήν.

3570 4327 3884 4338 --ο--η

2491 4405 2627 4458 ΤΟΥ
2663 4405 2895 4458 ΑΥΤΟΥ
2922 4406 3160 4459 ΟΜΙΛΙΑ
3199 4404 3306 4457 ΕΙΣ
3333 4403 3561 4457 ΜΕΡΟΣ
3592 4402 3710 4472 (25)

2315 4495 2972 4564 τεσσαρεσκαιδεκάτου
3013 4495 3279 4565 ψαλμοῦ,
3316 4494 3414 4547 καὶ
3451 4496 3598 4549 κατὰ
3621 4494 3895 4556 τοκιζόν-

3028 4583 3165 4620 των.

2389 4661 2440 4713 1.
2484 4659 2623 4720 Χθὲς
2659 4659 2738 4719 εἰς
2779 4659 2868 4710 τὸν
2902 4657 3485 4728 τεσσαρεσκαιδέκατον
3512 4656 3730 4727 ψαλμὸν
3764 4661 3893 4728 ὑμῖν

650 4757 789 4827 apud
847 4771 942 4811 vos
996 4754 1342 4815 haberemus,
1389 4755 1549 4806 linem
1596 4752 1857 4808 orationis
1903 4767 2005 4805 non
2059 4750 2210 4805 licuit

2315 4749 2701 4820 διαλεγόμενοι,
2728 4746 2997 4813 ἐξικέσθαι
3035 4747 3171 4818 πρὸς
3194 4747 3254 4800 τὸ
3286 4748 3457 4818 πέρας
3475 4747 3566 4800 τοῦ
3598 4748 3766 4815 λόγου
3792 4749 3893 4802 ὑπὸ

717 4893 784 4923 η’
822 4897 939 4946 Act.
974 4907 1046 4956 ιν,
1075 4891 1164 4954 δι,
1195 4890 1287 4947 35.
1361 4887 1914 4953 “Hatth.xxv,55.
1991 4887 2210 4942 "Matth

2315 4927 2328 4949 ,
2357 4888 2446 4944 ‘2.
2527 4889 2572 4919 ³³
2604 4887 2758 4941 Prov.
2793 4904 2903 4952 xix,
2939 4886 3025 4941 Π.

708 5045 834 5170 fl)
861 5046 1034 5099 Editio
1054 5045 1222 5099 Paris.
1243 5044 1480 5115 Πρὰξεσι
1510 5042 1616 5096 τῶν
1644 5041 1973 5096 ἀποστόλων.
2013 5042 2117 5095 Sed
2148 5042 2209 5093 il-

648 5117 701 5172 ltt
747 5157 761 5172 .
785 5116 891 5171 τῶν
921 5114 1250 5172 ἀποστόλων,
1293 5117 1529 5172 neuueiu
1565 5127 1693 5165 mss.
1729 5113 1942 5172 legitur,
1964 5128 2135 5172 neque
2161 5113 2210 5163 in

2320 5040 2394 5111 τῷ
2427 5041 2694 5110 προτέρῳ.
2731 5040 2929 5095 Ibidem
2978 5039 3028 5093 in
3085 5037 3353 5106 aliquibus
3383 5053 3509 5092 mss.
3543 5039 3651 5090 Καὶ
3677 5036 3794 5107 γὰρ
3840 5042 3884 5091 ὸ.

2390 5112 2500 5172 (24)
2535 5111 2648 5171 Illa,
2696 5108 2762 5172 ἦς
2798 5112 3027 5172 γένοιτο,
3060 5120 3110 5162 et
3135 5121 3347 5169 caetera,
3389 5108 3455 5162 ad
3493 5109 3647 5161 ﬁnem
3691 5123 3884 5172 usque,

673 5135 701 5172 ll

747 5157 761 5180 ,
785 5116 891 5171 τῶν
921 5114 1250 5177 ἀποστόλων,
1293 5113 1460 5178 neque
1481 5117 1529 5167 iu
1565 5127 1693 5165 mss.
1729 5113 1942 5180 legitur,
1964 5128 2135 5180 neque
2161 5113 2211 5163 iu

650 5188 884 5242 editione
920 5184 1078 5237 Basil.
1117 5185 1314 5238 Ibidem
1347 5185 1472 5236 editi
1515 5200 1633 5236 cum
1677 5180 1862 5248 majori
1896 5193 2047 5248 parte
2083 5197 2213 5236 mss.

649 5255 1015 5327 κατωρθοῦτο.
1042 5255 1187 5327 llygji
1209 5257 1481 5327 secundus
1503 5263 1556 5306 et
1582 5253 1768 5327 tertius
1786 5264 1836 5304 et
1861 5250 2010 5304 Colb.
2032 5263 2218 5327 sextus

648 5321 870 5419 δυναὲτξν
900 5323 1310 5419 κατορίὶοῦισθαξ.
1347 5323 1539 5419 διριξηι
1589 5323 1740 5404 Coll).
1778 5332 2014 5419 ‘qunrtus
2059 5321 2219 5419 ὑπερ·

650 5392 1048 5460 αναὸαίνοντεςζ
1084 5394 1318 5447 Subinde
1357 5393 1484 5446 editi
1520 5392 1745 5463 πτωχῶν
1777 5392 2217 5462 ἔιμπεπιστευμέ.⁹

652 5482 781 5529 νοις.
810 5472 879 5519 At
900 5481 1026 5521 mss.
1068 5463 1535 5534 πεπιστευμένοις.

724 5535 835 5603 (ἓὶ)
879 5534 1101 5590 Codices
1145 5535 1233 5586 alii
1281 5529 1629 5604 προτιθεῖσιν,
1677 5532 1766 5585 alii
1822 5529 2208 5604 προστιθεῖσιν.

724 5552 835 5603 (zz)
879 5552 1101 5590 houtces
1145 5552 1233 5586 aut
1281 5552 1321 5584 π
1359 5552 1629 5594 οτιυεισιν,
1677 5552 1766 5585 aut
1822 5552 1860 5584 π

654 5605 773 5658 Mox
804 5605 967 5674 editio
1000 5604 1166 5658 Paris.
1190 5552 1527 5674 γεννιξσεται,
1558 5618 1662 5674 non
1698 5611 1860 5656 recte.

724 5674 833 5742 (25)
883 5673 1014 5742 lieg.
1067 5671 1347 5729 secundus
1383 5683 1434 5727 et
1475 5671 1627 5742 Culb.
1669 5681 1866 5742 sextus
1908 5671 2209 5724 ἐπιδεικνυ-

658 5741 860 5812 μένοις.
892 5741 1040 5797 Coll).
1071 5741 1765 5812 εεριίιιιυεὲπιδείκνυσθαι.
1788 5742 2047 5812 Atcmterj
2082 5757 2208 5812 mss:

656 5809 776 5866 cu...
827 5813 982 5867 editis
1034 5809 1523 5879 ὶπιδεικνυμένους.
1555 5811 1835 5881 Aliquanto
1867 5822 1985 5881 post
2018 5810 2145 5879 Reg.
2177 5809 2209 5862 3

2390 5108 2500 5181 (24)
2535 5108 2656 5171 Illa,
2696 5108 2762 5183 ἧς
2798 5112 3027 5178 γένοιτο,
3060 5120 3110 5162 et
3135 5121 3347 5169 caetera,
3389 5108 3455 5183 ad
3493 5109 3647 5183 linem
3689 5123 3885 5183 usque,

2321 5178 2412 5236 aut
2438 5184 2628 5234 desunt
2653 5178 2873 5234 omnino
2905 5183 2954 5233 in
3002 5193 3154 5241 mss.,
3190 5190 3280 5233 aut
3318 5181 3465 5232 varie
3498 5182 3548 5231 in
3590 5178 3762 5232 variis
3796 5196 3884 5232 cn-

2322 5252 2530 5304 dicibus
2563 5250 2850 5318 leguntur:
2888 5262 2942 5302 ut
2990 5249 3209 5303 dubimn
3250 5264 3352 5303 nou
3390 5249 3481 5310 sit,
3529 5249 3655 5316 quin
3689 5265 3760 5304 ea
3793 5265 3886 5304 suo

2321 5322 2557 5390 quisun
2573 5320 2832 5374 arbitratu
2866 5320 3160 5390 scripserit.

2395 5391 2506 5461 (Ξῦ)
2535 5389 2623 5461 Sic
2666 5390 2798 5461 Reg.
2826 5392 3047 5459 primus.
3078 5389 3178 5461 alii
3205 5389 3320 5461 _«luo
3349 5387 3720 5461 mss._liabent
3753 5401 3883 5461 quo-

2317 5456 2417 5536 que
2431 5461 2522 5536 1εἰς
2551 5456 2902 5536 pépogEditi
2923 5462 3015 5536 si;
3044 5458 3113 5510 τὰ
3134 5458 3387 5536 λείποντα
3412 5456 3702 5536 τοῦ-αὺτοῦ
3749 5456 3884 5536 g4).-

2319 5528 2584 5600 μοῦξίκαὶ
2624 5528 2772 5582 κατὰ
2798 5528 3134 5591 τοκιζόντων.
3177 5529 3316 5600 Ολιίν.
3355 5538 3407 5582 et
3439 5530 3588 5600 Colb.
3624 5529 3882 5600 septimus

2315 5595 2394 5670 εἰς
2418 5599 2486 5652 τὰ
2517 5600 2826 5670 λειπόμενα.
2862 5602 3030 5652 Aliter
3059 5603 3107 5651 in
3143 5598 3260 5651 aliis
3293 5613 3424 5670 mss.
3448 5599 3631 5670 titulus
3664 5595 3877 5670 legitur.

2315 5665 2720 5733 Mouerejuva't,
2745 5672 3071 5723 mentionem
3095 5684 3348 5734 perquam
3382 5665 3740 5723 honoriﬁcam
3770 5665 3877 5719 ﬁeri

2319 5741 2477 5808 hujus
2507 5739 2736 5817 bomilite
2769 5757 2796 5792 a
2825 5737 3090 5817 Qrcgorio
3111 5737 3350 5817 l‘fysseuo
3381 5740 3641 5796 Oratione
3691 5747 3876 5794 canna

2317 5807 2613 5874 usurarius,
2655 5820 2784 5864 tom.
2826 5808 2887 5872 ll,
2914 5823 3031 5879 pag.
3061 5807 3184 5862 225.
