4100 6312
196 283 349 337 265
1416 290 1695 346 HOMILIA
1728 292 1767 347 li
1794 290 1863 346 IN
1903 290 2231 347 PSALMUM
2268 290 2407 347 XIV.
3402 285 3504 341 9-Γῦ

202 407 340 476 τῆς
375 406 528 478 ὥρας
562 411 663 464 οὐκ
701 409 1110 481 ἑπετράπημεν.
1158 412 1271 465 Νῦν
1298 412 1358 466 δὲ
1388 414 1595 484 ἥκομεν
1634 412 1824 485 εὐγνώ-

1937 416 2091 471 nobis
2139 429 2235 485 per
2286 425 2495 485 tempus
2526 411 2819 482 attingere.
2846 410 2999 467 Nunc
3026 420 3205 468 autem
3248 409 3426 464 adsun
3444 426 3504 467 us

214 518 421 571 μονες
436 504 704 573 ὀφειλέται
735 501 804 555 τὰ
834 505 967 573 χρέα
999 504 1104 557 τῶν
1138 505 1520 573 ὲλλειφθέντων
1545 507 1671 577 ὑμῖν
1700 510 1824 563 ἀπο-

1933 509 2083 579 probi
2101 506 2396 567 debitores.
2435 507 2616 562 debita
2648 518 2769 575 qua:
2802 514 3109 572 supersunt,
3139 503 3294 560 vobis
3319 516 3503 571 perso-

208 595 551 656 τιννύντες.
578 594 731 646 Ἔστι
752 594 807 647 δὲ
825 594 884 647 τὸ
911 594 1227 668 λειπόμενον
1255 594 1427 667 βραχὺ
1460 597 1557 667 μὲν
1579 597 1639 650 τὸ
1669 598 1824 653 ἀκοῦ-

1933 600 2116 654 luturi.
2152 598 2302 666 Quod
2322 605 2497 652 autem
2530 606 2719 661 restat,
2752 596 2939 649 auditu
2964 594 3177 664 quidem
3211 598 3373 650 breve
3396 603 3501 656 est,

216 703 365 749 catt,
397 688 538 739 ὥστε
569 687 767 739 οὑτωσὶ
798 688 965 754 δόξαι,
999 692 1089 744 καὶ
1116 691 1244 753 ἴσως
1274 692 1399 754 τοὺς
1428 691 1654 755 πολλοὺς
1681 694 1833 762 ὑμῶν

214 778 342 828 καὶ
382 776 707 845 παρέλαθεν,
746 777 821 843 ῶς
860 782 993 851 μηδὲ
1028 780 1454 852 παραλελεῖφθαί
1498 800 1548 835 τι
1584 782 1674 835 τοῦ
1695 784 1831 853 ψαλ-

220 866 355 936 μοῦ
388 870 726 943 νομισθῆναι*
771 875 1013 945 μεγάλην
1066 873 1247 943 μέντοι
1300 876 1436 947 πρὸς
1468 874 1536 928 τὰ
1560 874 1651 929 τοῦ
1713 877 1829 947 βίου

213 962 555 1031 πράγματα
587 966 812 1037 δύναμιν
849 968 991 1035 ἔχειν
1025 964 1121 1036 τὴν
1156 965 1409 1039 βραχεῖαν
1439 966 1639 1039 ταύτην
1686 970 1831 1036 λέξιν

218 1056 681 1125 καταμαθόντες,
712 1059 810 1109 οὐκ
838 1057 1097 1128 ᾠήθημεν
1123 1060 1231 1113 δεῖν
1272 1064 1524 1133 παρεῖναι
1551 1062 1611 1113 τὸ
1641 1064 1704 1118 ὲκ
1728 1064 1829 1135 τῆς

218 1145 555 1211 ἐξετάσεως
585 1150 872 1219 χρήσιμον.
918 1150 1278 1224 ’Υπογράφων
1319 1154 1397 1223 τῷ
1444 1152 1585 1221 λόγῳ
1616 1155 1704 1208 τὸν
1740 1157 1828 1210 τὲ-

217 1234 400 1289 λειον
426 1237 453 1285 ὁ
488 1238 794 1309 Προφήτης,
824 1239 915 1292 τὸν
943 1240 1040 1311 τῆς
1074 1243 1371 1296 ἀσαλεύτου
1401 1242 1544 1313 ζωῆς
1569 1244 1825 1314 ἐπιϐήσε-

225 1330 379 1382 σθαι
422 1329 696 1398 μέλλοντα,
727 1334 783 1385 ὲν
815 1335 927 1396 τοῖς
969 1334 1445 1406 ἀνδραγαθήμασιν
1479 1335 1826 1407 ἀπηρίθμησε

223 1422 305 1471 τὸ
345 1421 611 1494 ἀργύριον
645 1424 808 1477 αὑτοῦ
855 1427 946 1477 ἐπὶ
977 1427 1120 1495 τόκῳ
1164 1424 1238 1495 μὴ
1301 1424 1500 1479 δοῦναι.
1553 1426 1825 1499 Πολλαχοῦ

224 1512 347 1581 τῆς
402 1514 619 1585 Γραφῆς
668 1515 1082 1588 διαδέδληταιή
1139 1515 1379 1586 ἁμαρτία
1432 1517 1592 1590 αὕτη.
1647 1520 1713 1572 Ὅ
1767 1535 1825 1571 τε

226 1604 359 1674 γὰρ
415 1604 667 1674 Ἰεζεκιὴλ
710 1608 766 1658 ὲν
797 1607 907 1666 τοῖς
955 1604 1227 1673 μεγίστοις
1257 1605 1365 1659 τῶν
1399 1609 1584 1662 κακῶν
1619 1610 1827 1663 τίθεται

224 1696 413 1746 τόκον
436 1696 616 1747 λαϐεῖν
648 1697 737 1748 καὶ
762 1694 1119 1763 πλεονασμὸν,
1157 1698 1250 1750 καὶ
1291 1699 1318 1749 ὀ
1344 1700 1503 1768 νόμος
1534 1699 1826 1773 διαρρήδην

1932 708 1993 751 ιιι
2021 699 2267 753 videtur:
2301 705 2354 749 et
2374 693 2617 749 fortassis
2648 694 2847 748 multos
2895 701 3130 745 vestrum
3160 689 3502 757 latuit;adeo

1933 801 1988 844 ut
2024 807 2089 847 ne
2118 789 2367 845 relictum
2400 788 2614 856 quidem
2655 786 2823 841 fuisse
2852 783 3143 853 quidquam
3176 780 3243 834 de
3271 795 3334 835 eo
3361 782 3503 851 psal-

1934 899 2020 937 mo
2056 882 2317 953 putarint.
2359 879 2606 934 Attamen
2647 893 2768 933 cum
2812 877 3237 945 iutelligeremus
3280 874 3497 930 brevem

1932 974 2069 1029 hanc
2103 974 2391 1028 dictionem
2430 971 2496 1025 ad
2530 984 2616 1024 res
2641 969 2765 1024 vitae
2811 971 3036 1024 multum
3071 968 3267 1031 valere,
3295 964 3498 1021 emolu-

1932 1074 2165 1118 mentum
2196 1064 2339 1133 quod
2366 1078 2431 1116 ex
2475 1060 2820 1130 inquisitione
2844 1072 2896 1114 et
2920 1059 3293 1129 explanatione
3317 1070 3499 1112 acces-

1928 1172 2115 1209 surum
2168 1156 2268 1216 bis.
2329 1170 2433 1209 nott
2482 1153 2735 1207 duximus
2788 1152 3182 1221 negligendum.
3228 1146 3498 1216 Propheta

1927 1250 2069 1303 enim
2095 1246 2179 1301 his
2219 1249 2395 1302 verbis
2431 1244 2726 1317 perlectum
2768 1244 2967 1304 virum,
3006 1245 3097 1312 qui
3128 1244 3195 1297 ad
3238 1241 3495 1296 immuta-

1930 1342 2087 1395 bilem
2117 1339 2281 1391 vitam
2302 1351 2626 1393 ascensurus
2658 1345 2794 1399 erat,
2829 1334 3152 1396 describens.
3191 1335 3331 1389 inter
3359 1344 3498 1401 prat-

1926 1435 2069 1488 clara
2105 1428 2221 1498 ejus
2249 1428 2481 1484 faeinora
2512 1428 2642 1483 illud
2687 1425 3010 1482 numeravit.
3044 1425 3185 1493 quod
3211 1423 3494 1493 pecuniam

1927 1543 2075 1579 suam
2116 1540 2219 1579 non
2261 1524 2405 1578 dedit
2439 1522 2653 1577 ftennri.
2691 1518 2802 1574 lluc
2840 1528 3121 1588 peccatum
3156 1518 3207 1571 in
3246 1516 3495 1587 plurimis

1928 1617 2220 1686 Scripturm
2259 1614 2391 1669 locis
2431 1615 2783 1683 vituperatur.
2822 1608 2953 1664 Nam
2982 1608 3226 1663 Ezechiel
3262 1610 3304 1641 ⁸⁷
3356 1609 3405 1662 id
3437 1608 3491 1662 in

1930 1709 2177 1762 maximis
2204 1706 2359 1762 malis
2377 1712 2641 1769 recenset,
2670 1704 2715 1756 si
2754 1701 2947 1761 ftenus,
2985 1712 3033 1753 et
3066 1699 3337 1766 quidpiam
3355 1698 3491 1752 ultra

228 1786 610 1857 ἀπαγορεύειο
640 1790 759 1841 Οὐκ
788 1787 1072 1853 ἐκτοκιεῖς
1096 1787 1173 1853 τῷ
1194 1766 1431 1859 ἁδελφῷ
1469 1809 1583 1846 σου
1750 1766 1824 1859 τῶ

1929 1808 2128 1852 sortem
2158 1798 2457 1868 accipiatur
2506 1766 2645 1861 Quin
2675 1801 2732 1847 et
2760 1792 2844 1845 lex
2874 1791 3002 1845 illud
3040 1789 3338 1845 luculenter
3368 1803 3495 1858 prn-

230 1880 522 1947 πλησίον
538 1894 672 1933 σου.
695 1880 804 1931 Καὶ
823 1878 983 1932 πάλιν
1012 1881 1165 1950 φησί·
1194 1882 1376 1946 Δόλος
1396 1883 1507 1952 (26)
1533 1884 1629 1937 ἐπὶ
1648 1884 1824 1951 δόλῳ,

231 1974 347 2023 καὶ
389 1971 557 2036 τόκος
586 1960 683 2025 ἐπὶ
732 1973 899 2036 τόκῳ.
952 1972 1062 2025 Καὶ
1111 1974 1237 2044 περὶ
1279 1974 1483 2038 πόλεως
1526 1975 1583 2029 δὲ
1628 1977 1726 2047 τῆς
1769 1979 1827 2031 ὲν

231 2064 446 2135 πλήθει
474 2064 657 2116 κακῶν
686 2064 1081 2135 εὐθηνουμένης
1108 2068 1135 2119 ὀ
1156 2065 1365 2137 ψαλμδς
1391 2067 1443 2120 τί
1478 2084 1673 2139 φησιν;
1706 2070 1825 2124 Οὐκ

233 2158 531 2220 ἐξέλιπεν
547 2157 613 2211 ἐκ
647 2154 762 2209 τῶν
779 2157 1073 2210 πλατειῶν
1093 2157 1282 2225 αὐτῆς
1299 2161 1473 2226 τόκος
1502 2160 1600 2213 καί
1623 2161 1820 2229 δόλος.

239 2251 363 2301 Καὶ
395 2252 487 2302 νῦν
517 2248 1008 2321 χαρακτηριστικὸν
1030 2249 1127 2318 τῆς
1147 2250 1285 2302 κατά
1309 2251 1398 2303 τὸν
1427 2252 1706 2324 ἄνθρωπον
1740 2274 1825 2308 τε-

239 2343 523 2405 λειώσεως
552 2344 610 2394 τὸ
640 2342 770 2396 αὐτὸ
796 2341 953 2397 τοῦτυ
976 2339 1315 2411 παρείληφεν
1342 2343 1370 2393 ὀ
1396 2343 1709 2415 Προφήτης,
1737 2346 1825 2399 λέ-

252 2449 384 2501 {mv-
444 2434 513 2487 Τὸ
548 2435 828 2503 ἀργύριον
878 2432 1063 2487 αὑτοῦ
1098 2434 1207 2485 οὐκ
1240 2431 1464 2486 ἔδωκεν
1510 2435 1606 2489 ἐπὶ
1649 2437 1821 2506 τόκῳ.

242 2523 340 2594 Τῷ
371 2526 481 2577 ὄντι
510 2525 617 2597 γὰρ
669 2524 1057 2596 ἀπανθρωπίας
1107 2524 1410 2597 ὑπερϐολὴν
1452 2526 1562 2597 ἔχει
1601 2528 1693 2582 τὸν
1725 2530 1826 2601 μὲν

244 2618 360 2667 τῶν
407 2617 717 2683 ἀναγκαίων
759 2616 953 2678 ἐνδεῶς
982 2616 1173 2684 ἔχοντα
1225 2619 1408 2687 ζητεῖν
1450 2618 1712 2692 δάνεισμα
1744 2625 1823 2687 είς

244 2707 603 2777 παραμυθίαν
635 2707 726 2758 τοῦ
764 2707 900 2774 βίου,
934 2707 1022 2757 τὸν
1046 2706 1101 2758 δὲ
1135 2707 1207 2777 μὴ
1237 2710 1520 2778 ἀρκεῖσθαι
1546 2712 1624 2781 τῷ
1652 2731 1822 2781 κεφα-

245 2798 407 2868 λαίῳ,
458 2798 569 2850 ἀλλ’
599 2800 831 2850 ἐπινοεῖν
879 2799 942 2851 ὲκ
975 2798 1084 2851 τῶν
1115 2799 1408 2871 συμφορῶν
1455 2801 1547 2855 τοῦ
1594 2804 1825 2875 πένητος

246 2891 544 2961 προσόδους
576 2889 749 2959 ἑαυτῷ
777 2890 870 2943 καὶ
908 2892 1166 2961 εὐπορίας
1205 2894 1475 2961 συνάγειν.
1520 2896 1575 2949 Ὀ
1606 2897 1703 2966 μὲν
1731 2896 1824 2951 οὖν

248 2985 458 3055 Κύριος
488 2984 729 3053 ζεναργῶς
754 2987 881 3054 ἡμῖν
898 2982 1197 3048 διετάξατο,
1225 2984 1396 3054 λέγων
1421 2987 1552 3058 (‘27)'
1587 2990 1694 3041 Kal
1721 2989 1825 3043 τὸν

1931 1891 2075 1944 hibet
2107 1910 2120 1945 :
2156 1889 2273 1943 Non
2308 1887 2586 1959 fwmrnbis
2610 1886 2767 1957 fratri
2810 1896 2922 1948 tuo,
2952 1897 3000 1939 et
3033 1886 3269 1951 proximo
3299 1893 3388 1936 tuo
3423 1880 3489 1937 ’⁸.

1928 1982 1993 2036 Et
2020 1997 2206 2036 rursus
2240 1982 2310 2034 ait
2343 1996 2359 2034 :
2399 1981 2560 2034 Dolus
2600 1994 2756 2047 super
2801 1976 3004 2039 dolum,
3052 1984 3099 2029 et
3143 1992 3303 2029 usura
3338 1989 3495 2043 super

1926 2088 2141 2127 usuram
2180 2072 2246 2125 ⁸⁸.
2296 2070 2362 2125 Et
2415 2072 2480 2123 de
2514 2070 2734 2123 civitate
2779 2084 2897 2139 qua!
2948 2066 3104 2124 bouis
3134 2066 3186 2121 in
3230 2064 3490 2119 malorum

1928 2163 2266 2217 multitudine
2294 2158 2557 2223 afﬂueret,
2585 2160 2711 2227 quid
2748 2159 2986 2222 psalmus
3017 2158 3179 2213 dicit?
3206 2154 3325 2213 Non
3346 2156 3491 2227 defs-

1925 2256 1994 2306 cit
2009 2254 2072 2307 de
2101 2254 2284 2321 plateis
2312 2253 2424 2324 ejus
2446 2267 2609 2305 usura
2633 2261 2679 2305 et
2697 2250 2848 2303 dolus
2874 2248 2943 2303 ⁸⁸.
2976 2249 3197 2303 Etnuuc
3224 2248 3491 2318 Propheta

1927 2346 2154 2412 idipsum
2194 2354 2449 2413 tauquam
2480 2346 2724 2398 humana:
2747 2342 3093 2412 perfectionis
3118 2341 3488 2395 characterem

1926 2450 1989 2489 ac
2022 2435 2233 2505 signum
2265 2436 2561 2504 usurpavit,
2590 2436 2815 2490 dicens:
2859 2430 3049 2504 (Vens.
3104 2430 3159 2502 5)
3206 2429 3490 2487 Pecuniam

1923 2542 2075 2581 suam
2098 2543 2199 2579 non
2228 2526 2371 2579 dedit
2402 2526 2472 2578 ad
2505 2541 2741 2581 usuram.
2764 2524 2877 2579 Non
2907 2525 3082 2592 reipsa
3100 2537 3354 2594 perquam
3376 2537 3493 2577 ma-

1924 2620 2066 2673 xima
2087 2627 2172 2673 est
2204 2617 2586 2682 inhumanitas,
2621 2616 2770 2671 illum
2801 2615 3017 2684 quidem
3040 2615 3130 2685 qui
3162 2615 3494 2672 necessario-

1926 2726 2043 2763 rum
2082 2711 2300 2778 iudiget,
2336 2720 2577 2765 nmtuum
2616 2710 2683 2768 ad
2720 2710 2842 2763 vitae
2872 2707 3170 2764 subsidium
3222 2722 3489 2777 querere,

1926 2802 2065 2855 hunc
2119 2818 2244 2856 vero
2285 2816 2431 2857 sorte
2470 2812 2782 2858 Contentum
2824 2816 2931 2857 non
2961 2816 3101 2867 esse,
3146 2801 3241 2858 sed
3271 2801 3375 2857 sibi
3422 2814 3490 2855 ex

1925 2894 2175 2963 pauperis
2206 2895 2600 2949 calamitatibus
2632 2904 2923 2961 proventus
2958 2892 3289 2963 excogitare,
3326 2905 3488 2962 opes-

1925 2998 2029 3052 que
2054 2984 2326 3052 colligere.
2350 2983 2491 3038 Sane
2517 2982 2774 3038 Dominus
2803 2986 2915 3053 ipse
2957 2982 3110 3039 nobis
3138 2984 3316 3054 palam
3346 2997 3488 3052 pra-

248 3077 506 3130 θέλοντα
532 3079 648 3131 ἀπὸ
680 3078 795 3131 σοῦ
831 3078 1221 3132 δανείσασθαι
1248 3078 1333 3148 μὴ
1356 3081 1769 3151 ἀποστραφῇς·
1795 3086 1823 3138 ὁ

1926 3077 2085 3143 cepit,
2121 3077 2309 3131 dicens
2351 3094 2363 3129 :
2398 3074 2463 3128 Et
2504 3075 2691 3130 volenti
2729 3079 2960 3128 mutuari
3000 3093 3032 3130 a
3066 3086 3135 3140 te,
3183 3092 3244 3130 ne
3283 3083 3489 3129 auerta-

248 3169 307 3221 δὲ
346 3170 694 3238 φιλάργυρος,
722 3170 860 3241 ὁρῶν
896 3170 997 3222 ὑπὸ
1026 3170 1125 3240 τῆς
1155 3174 1398 3245 ἀνάγκης
1443 3175 1608 3247 ἄνδρα
1660 3194 1824 3230 κατα-

250 3263 639 3331 καμπτόμενον
698 3264 801 3333 πρὸ
839 3263 945 3315 τῶν
991 3266 1231 3331 γονάτων
1281 3267 1608 3332 ἱκετεύοντα,
1667 3271 1718 3323 τί
1762 3272 1821 3323 οὐ

252 3354 511 3408 ποιοῦντα
562 3354 846 3416 ταπεινόν;
908 3354 959 3405 τί
996 3355 1054 3405 οὐ
1116 3354 1511 3424 φθεγγόμενον;
1554 3361 1652 3410 οὑκ
1688 3358 1826 3411 ἐλεεῖ

252 3448 385 3517 παρ’
414 3446 565 3511 ἀξίαν
616 3448 921 3515 πράττοντα
955 3444 1090 3516 (28),
1114 3446 1174 3497 οὐ
1204 3445 1472 3513 λογίζεται
1499 3448 1596 3517 τὴν
1642 3449 1822 3516 φύσιν,

252 3541 355 3594 οὐκ
381 3539 615 3591 ἐνδίδωσι
643 3540 760 3600 ταῖς
791 3536 1040 3598 ἱκεσίαις,
1082 3537 1199 3591 ἀλλ’
1231 3540 1516 3608 ἄκαμπτος
1544 3540 1635 3591 καὶ
1671 3541 1826 3610 ἀμεί-

253 3632 436 3694 λικτος
479 3632 725 3701 ἕστηκεν,
762 3633 821 3683 οὐ
856 3633 970 3693 ταῖς
1005 3631 1253 3701 δεήσεσιν
1286 3632 1465 3696 εἴκων,
1516 3634 1575 3684 οὐ
1628 3633 1825 3704 δάκρυ-

255 3740 342 3776 σιν
377 3722 764 3793 ἐπικλώμενος,
814 3722 1084 3793 ἐπιμένων
1122 3727 1186 3793 τῇ
1243 3724 1485 3794 ἀρνήσει,
1530 3725 1825 3795 ὲξομνύμε-

255 3831 346 3875 νος
378 3815 467 3865 καὶ
514 3814 865 3883 ἐπαρώμενος
907 3815 1102 3885 ἐαυτῷ,
1147 3812 1181 3884 ἦ
1221 3815 1323 3885 μὴν
1348 3818 1571 3887 ἀπορεῖν
1630 3836 1823 3871 παντε-

255 3906 365 3967 λῶς
389 3906 702 3975 χρημάτων,
739 3909 831 3958 καὶ
870 3910 1219 3976 περισκοπεῖν
1252 3909 1345 3960 καὶ
1396 3909 1556 3970 αὐτὸς
1599 3910 1652 3962 εί
1705 3927 1824 3964 τινα

258 3994 403 4065 εὖροι
430 3996 535 4047 τῶν
559 3994 922 4057 δανειζόντων,
950 3998 1041 4048 καὶ
1065 3998 1417 4067 πιστούμενος
1440 3999 1500 4050 τὸ
1524 3999 1715 4065 ψεῦδος
1737 4000 1823 4054 διὰ

258 4086 363 4136 τῶν
392 4087 585 4155 ὅρκων,
624 4087 789 4138 κακὸν
822 4088 1256 4158 παρεμπόρευμα
1295 4088 1391 4155 τῆς
1434 4090 1825 4160 ἀπανθρωπίας

260 4172 354 4239 τὴν
375 4176 646 4245 ἐπιορκίαν
678 4176 1112 4248 προσκτώμενος.
1156 4177 1400 4231 Ἐπειδὰν
1423 4178 1479 4230 δὲ
1507 4182 1535 4231 ὁ
1566 4180 1742 4251 ζητῶν
1764 4181 1825 4235 τὸ

262 4266 459 4318 δάνειον
498 4268 668 4321 τόκων
702 4269 934 4340 μνησθῇ,
971 4270 1063 4322 καὶ
1094 4270 1371 4340 ὑποθήκας
1408 4270 1669 4342 ὀνομάσῃ,
1701 4273 1821 4326 τότε

264 4358 572 4410 καταὸαλὼν
621 4360 717 4430 τὴν
759 4361 927 4432 ὀφρὺν
980 4363 1417 4433 προσεμειδίασε,
1462 4363 1556 4415 καί
1590 4380 1689 4415 που
1728 4365 1822 4418 καὶ

1927 3170 1998 3222 ris
2027 3168 2091 3222 “.
2123 3169 2329 3221 Avarus
2358 3176 2557 3229 autem,
2586 3182 2707 3220 eum
2750 3167 3022 3220 hominem
3064 3165 3208 3220 videt
3251 3180 3360 3235 pra:
3391 3178 3487 3220 ue-

1924 3262 2176 3317 cessitate
2199 3261 2423 3328 genibus
2464 3262 2807 3327 provolutum
2850 3274 2914 3311 ac
2944 3259 3261 3326 supplicem,
3295 3258 3490 3327 ecquid

1926 3370 2030 3407 non
2064 3352 2350 3407 facientem
2392 3352 2534 3419 quod
2572 3350 2844 3417 abiectum
2878 3352 2948 3406 sit
2975 3367 3039 3405 ac
3068 3352 3307 3407 humile?
3359 3352 3492 3422 quid

1925 3461 2029 3498 non
2045 3445 2386 3513 loquentem?
2414 3443 2529 3511 ejus
2552 3445 2639 3512 qui
2657 3452 2850 3508 prater
2875 3446 3118 3497 meritum
3138 3445 3361 3497 adversa
3381 3442 3493 3498 for»

1926 3546 2049 3589 tuna
2078 3540 2261 3599 tttitur,
2290 3552 2630 3606 nequaquam
2664 3538 2973 3598 miseretur,
3008 3535 3153 3590 nullo
3186 3537 3304 3592 loco
3328 3535 3488 3595 habet

1925 3641 2195 3693 naturam,
2220 3648 2323 3686 non
2360 3630 2611 3700 precibus
2636 3642 2899 3692 movetur,
2920 3630 3013 3684 sed
3037 3626 3343 3683 inﬂexibilis
3358 3638 3485 3694 stat,

1924 3734 1977 3776 et
2004 3724 2383 3791 implacabilis:
2416 3739 2520 3777 non
2551 3725 2693 3777 cedit
2728 3722 3219 3791 deprecationihus,
3241 3720 3492 3791 lacrymls

1922 3830 2028 3868 non
2069 3814 2353 3883 frangitur,
2385 3826 2795 3881 perseveranter
2836 3826 3017 3883 negat.
3050 3814 3225 3872 Jurat.
3278 3827 3341 3867 ac
3385 3813 3489 3869 sibi

1925 3908 2062 3959 male
2108 3922 2354 3974 precans,
2392 3905 2617 3960 allirmat
2652 3920 2839 3961 carere
2876 3923 2936 3962 se
2978 3910 3200 3977 pecunia
3244 3908 3486 3971 omnino,

1923 4013 2149 4066 seseque
2172 4000 2588 4069 circumspicere
2615 4015 2738 4053 ttutu
2762 4015 2919 4069 quem
2947 4000 3058 4069 ipse
3075 4013 3286 4069 quoque
3314 3997 3490 4055 ftette-

1924 4099 2155 4144 ratoretn
2208 4090 2467 4153 inveniat,
2516 4106 2579 4145 ac
2623 4090 2779 4145 fidem
2823 4091 3025 4146 faciens
3072 4092 3348 4148 mendacio
3394 4108 3491 4162 per

1919 4178 2245 4249 iuramenta,
2279 4180 2571 4250 periurium
2604 4197 2701 4236 ceu
2728 4183 2926 4237 malum
2950 4183 3231 4253 quemdam
3254 4182 3415 4252 los
3437 4192 3490 4237 et

1924 4274 2275 4328 adventitium
2308 4274 2716 4327 iuhumauitatis
2745 4282 3006 4342 quzestum
3058 4273 3312 4340 acquirit.
3381 4271 3487 4328 Sed

1924 4363 2013 4417 ubi
2044 4363 2132 4431 qui
2185 4370 2427 4416 mutuum
2457 4364 2669 4431 qumrit,
2714 4364 2958 4418 meminit
2998 4363 3244 4427 faenoris,
3293 4372 3346 4416 et
3395 4377 3492 4417 tto-

264 4452 511 4522 πατρῲας
560 4451 737 4520 φιλίας
782 4454 1092 4525 ἀνεμνήσθη
1143 4455 1275 4526 (29),
1322 4457 1412 4509 καὶ
1452 4459 1655 4529 συνήθη
1702 4454 1821 4511 εἷπε

1928 4471 2046 4507 tuen
2109 4454 2348 4525 pignoris
2406 4456 2663 4523 pretulit,
2724 4465 2848 4509 tunc
2901 4456 3137 4509 demisso
3202 4452 3492 4523 supercilio

264 4544 351 4594 καὶ
400 4543 547 4610 φίλον
622 4544 734 4605 καὶ,
793 4543 1081 4613 Ὀψόμεθοῃ
1144 4549 1326 4616 φησὶν,
1380 4549 1531 4600 εἵπου
1571 4549 1623 4602 τί
1672 4550 1819 4601 ἐστιν

1926 4547 2185 4613 subridet,
2222 4556 2383 4615 atque
2418 4558 2655 4617 paterna:
2705 4548 2960 4601 amicitia:
3013 4548 3233 4601 refricat
3289 4561 3487 4601 tuemu-

264 4638 385 4703 ἡμῖν
414 4636 766 4704 ἀποκείμενον
796 4634 1071 4705 ἀργύριον.
1103 4639 1256 4689 Ἔστι
1290 4638 1345 4690 δὲ
1387 4640 1817 4712 παρακαταθήκη

1928 4640 2083 4704 riam,
2118 4656 2179 4693 ac
2220 4638 2537 4693 familiarem
2584 4648 2639 4692 et
2688 4639 2920 4692 amicum
2965 4640 3231 4709 appellat;
3276 4652 3350 4708 et,
3402 4637 3486 4692 Vi-

333 4790 370 4819 "
412 4788 603 4844 Ezech.
642 4806 771 4853 xm,
810 4789 896 4846 12.
972 4792 1016 4823 ⁸⁸
1058 4792 1205 4845 Deut.
1248 4809 1399 4851 χχιιι,
1453 4793 1535 4848 l9.
1614 4796 1659 4827 ’θ
1699 4793 1806 4848 Jer.

1948 4795 1999 4848 6.
2080 4796 2123 4826 '°
2157 4794 2294 4851 Psal.
2336 4811 2440 4857 LIV,
2478 4795 2561 4848 i2.
2641 4795 2681 4826 ³⁸
2714 4793 2898 4848 Matth.
2935 4811 2987 4855 v,
3018 4794 3104 4849 42.

333 4948 437 5018 (ἐϋ)
473 4950 599 5009 Reg.
635 4953 902 5004 secundus
924 4966 1044 5003 cum
1074 4968 1228 5004 sacro
1253 4962 1396 5007 textu
1428 4953 1583 5015 τόκος
1616 4953 1706 5005 ἐπὶ
1730 4954 1811 5006 τό-

1926 4954 2019 5007 Sed
2071 4971 2170 5010 Vox
2226 4954 2411 5017 κακῶς
2458 4955 2605 5006 deest
2659 4954 2795 5007 etin
2850 4967 2981 5007 mss.
3030 4954 3278 5008 omnibus
3321 4961 3373 5006 et
3434 4953 3486 5006 in

269 5037 360 5088 κῳ,
388 5020 478 5071 καὶ
510 5020 658 5084 δόλος
683 5022 775 5073 ἐπὶ
807 5020 960 5090 δόλῳ.
1003 5020 1222 5075 Factum
1258 5024 1307 5075 id
1337 5031 1464 5089 puto
1507 5026 1574 5074 ab
1608 5023 1809 5090 aliquo,

1926 5026 2151 5080 editione
2179 5026 2341 5079 Basil.
2386 5021 2727 5077 Arbitramur
2771 5032 2949 5076 autem
2986 5037 3104 5077 eam
3130 5038 3344 5087 vocem,
3387 5040 3487 5077 κα-

271 5092 349 5154 qui
380 5090 550 5143 locum
592 5095 865 5159 propheta?
894 5093 961 5143 ob
991 5092 1174 5162 oculos
1220 5093 1463 5153 haberet,
1500 5091 1666 5147 lieere
1710 5093 1809 5148 sibi
1915 5093 2045 5157 κῶς,
2071 5097 2296 5162 primum
2327 5094 2379 5147 in
2412 5092 2650 5162 margine
2677 5094 2905 5159 positam
2947 5092 3141 5158 fuisse,
3166 5104 3222 5146 ut
3251 5107 3485 5148 monere-

270 5171 427 5234 ratus,
453 5162 710 5234 ordinem
751 5164 1035 5234 verborum
1070 5161 1251 5234 Basilii
1300 5173 1527 5228 mutare,
1559 5178 1625 5217 ne
1658 5162 1813 5217 aliter
1920 5174 2005 5217 tur
2036 5166 2218 5225 lector,
2257 5163 2405 5226 illud,
2449 5161 2578 5234 παρ’
2608 5163 2787 5228 ἀξίαν,
2836 5162 2978 5216 idem
3012 5164 3100 5218 hic
3136 5162 3315 5218 valere
3344 5164 3485 5233 qtlud

274 5232 319 5283 in
344 5230 561 5303 ⁸βρείιίο,
591 5231 742 5285 aliter
777 5232 849 5303 iu»
868 5232 1121 5303 propheta
1159 5231 1439 5303 legeretur.
1774 5302 1777 5303 ν
1918 5235 2125 5298 κακῶς,
2175 5250 2238 5289 ac
2292 5230 2650 5301 postmodum,
2679 5233 2823 5303 quod
2855 5248 2961 5286 non
3003 5249 3125 5288 raro
3153 5230 3400 5302 contigii,
3430 5234 3483 5286 in

336 5299 441 5380 (Ξῖ)
477 5300 567 5386 Sic
610 5303 774 5386 editio
826 5300 983 5386 liasil.
1018 5299 1455 5386 et'msslmFiditio
1482 5318 1634 5386 ~vero
1666 5302 1816 5386 Pario
1920 5314 2125 5386 textum
2198 5299 2500 5386 irrepsisse;
2552 5299 2845 5386 Aliquaqu
2916 5312 3036 5385 post
3102 5319 3203 5357 vox
3263 5299 3486 5386 χρημά-

273 5371 450 5442 sieusis
479 5370 694 5442 uberius
721 5371 999 5442 διετάξατο
1030 5371 1217 5437 λέγων·
1246 5372 1334 5442 Τῷ
1358 5372 1592 5427 αἰτοῦντί
1610 5390 1667 5425 σε
1704 5371 1812 5436 δὸς,

1926 5391 2025 5427 των
2063 5376 2211 5428 deest
2252 5370 2318 5427 in
2350 5374 2532 5428 multis
2586 5390 2718 5427 mss.
2753 5372 3037 5439 Reperitur
3056 5382 3234 5427 tamen
3260 5370 3317 5437 iii
3352 5370 3486 5426 nou-

1920 5446 2096 5498 nullis.
2136 5443 2247 5497 Mox
2289 5444 2684 5516 Colbnqttarltls
2715 5443 3214 5516 προσκτησάμενος.
3249 5444 3485 5499 Subinde

1918 5516 2068 5585 Colb.
2101 5525 2318 5585 octavus
2335 5512 2635 5585 ὑποθήκην.

1993 5584 2119 5669 (291
2137 5584 2298 5655 Major
2330 5602 2456 5669 pars
2489 5583 2619 5669 mss:
2652 5587 2914 5669 ἐμνήσθη.
2943 5584 3091 5669 [laud
3114 5585 3271 5669 longe
3293 5583 3484 5669 legitur

1920 5655 1972 5708 iu
2005 5655 2159 5709 Colb.
2215 5654 2407 5726 quarto
2442 5654 2701 5726 ἐναίρτῷ
2734 5654 2856 5721 τοὺς
2882 5654 3118 5719 τόκους.
3168 5656 3309 5711 Infra
3340 5654 3480 5707 idem

1918 5726 2081 5781 codex
2118 5724 2432 5796 αὐθαίρετον
2447 5724 2675 5807 ἐδέξατο.

275 5440 355 5493 καὶ
380 5438 486 5505 τόν,
514 5450 616 5495 etc.
651 5441 754 5495 Sed
776 5442 886 5503 illa,
926 5440 1002 5508 τῷ
1036 5442 1269 5495 αἰτοῦντί
1308 5438 1364 5495 σε
1404 5444 1511 5505 δός,
1545 5444 1667 5496 huic
1701 5444 1816 5495 loco

278 5514 440 5575 inepte
462 5523 638 5582 assuta
666 5526 783 5564 esse
801 5521 941 5577 patet
976 5511 1054 5563 vel
1081 5527 1142 5562 ex
1163 5512 1271 5579 ipsa
1304 5517 1467 5566 veteri
1505 5516 1817 5582 interpreta-

277 5584 426 5641 tinue,
459 5581 509 5633 in
540 5597 644 5650 qua
678 5582 791 5635 haec
843 5582 929 5634 illa
974 5582 1135 5634 verba
1200 5582 1389 5636 Latine
1446 5586 1650 5637 reddita
1708 5597 1811 5637 non

276 5650 425 5705 fuisse
455 5651 713 5705 videmus.

338 5720 445 5785 ('28)
480 5720 655 5777 Editio
713 5722 880 5777 Paris.
936 5725 1059 5793 παρ’
1098 5722 1247 5790 ἀξίαν
1283 5724 1459 5786 κακῶς
1486 5723 1807 5793 πράττοντα.
