4092 6318
629 317 737 372 £73

1961 331 2018 385 S.
2065 330 2302 385 BASILII
2344 329 2556 384 MAGNI

3781 332 3876 385 276

626 433 800 484 «rosis
835 447 896 485 ac
939 437 1276 504 consumptis
1318 437 1617 492 debitorum
1659 442 1884 506 mdibus,
1940 447 2198 498 nascitur.

2307 447 2539 514 σήμερον
2569 445 2843 512 γεννᾶται,
2876 443 2968 496 καὶ
3001 444 3236 516 σήμερον
3258 444 3352 498 τοῦ
3386 445 3599 497 τίκτειν
3631 445 3874 515 ἄρχεται.

629 522 847 577 Semina
880 529 1137 594 temporis
1167 544 1454 596 progressu
1507 535 1834 599 germinant,
1863 545 1914 587 et
1951 537 2201 589 animalia

628 622 872 682 tempore
932 621 1233 685 praesumto
1281 624 1421 674 fetus
1464 627 1632 677 edunt
1676 641 1841 680 suos:
1876 644 2033 680 usura
2079 644 2204 682 vero

633 705 792 760 hodie
817 719 1131 775 generatur,
1173 721 1228 765 et
1261 713 1418 766 hodie
1457 731 1650 782 parere
1691 717 1894 786 incipit.
1925 718 2054 784 Qute
2081 723 2202 772 aui-

634 797 792 849 malia
838 800 947 852 cito
1001 802 1239 868 pariunt,
1289 817 1350 855 ea
1410 823 1438 856 a
1481 816 1635 872 partu
1669 808 1778 860 cito
1812 811 2120 866 desistunt:
2151 821 2204 864 at

633 885 873 950 pecunia:
897 886 1124 940 celerem
1158 905 1444 944 usurarum
1480 897 1739 961 originem
1767 908 2087 962 conseeutzc,
2120 902 2201 952 in-

636 975 839 1028 Iinitam
895 980 1265 1034 accessionem
1321 985 1492 1050 magis
1544 1001 1606 1038 ac
1639 989 1808 1054 magis
1865 1002 2198 1043 crescentem

632 1067 956 1133 suscipiunt.
997 1070 1264 1139 Quidquid
1311 1075 1524 1137 crescit,
1563 1077 1649 1128 ubi
1686 1078 1751 1128 ad
1787 1093 2051 1146 propriam
2084 1095 2200 1132 ma-

634 1157 971 1222 gnitudinem
1021 1166 1370 1228 pervenerit,
1419 1165 1615 1220 desinit
1659 1169 1842 1236 augeri
1879 1185 2202 1224 :avarorum

637 1265 766 1303 vero
797 1263 1074 1321 argentum
1130 1257 1274 1309 omni
1326 1266 1563 1326 tempore
1607 1261 1863 1330 augescit.
1917 1261 2200 1328 Animalia,

644 1343 731 1394 ubi
761 1358 866 1397 sua
897 1346 1064 1400 snboli
1094 1350 1198 1400 vim
1235 1349 1644 1418 impertiverunt
1672 1353 1933 1420 pariendi,
1957 1369 2204 1422 superse-

642 1436 772 1490 dent
801 1441 1163 1506 praegnatione
1193 1456 1206 1491 :
1231 1452 1284 1494 at
1328 1442 1714 1496 fmueratorum
1753 1445 1990 1512 pecunia:
2019 1456 2071 1498 et
2106 1448 2201 1498 ad-

639 1542 924 1586 naseentes
967 1535 1196 1602 pariunt,
1247 1546 1302 1588 et
1343 1547 1556 1590 veteres
1635 1549 1978 1591 renovantur.
2032 1536 2109 1592 Ne
2149 1550 2203 1591 tu

638 1631 965 1689 portentosae
996 1625 1152 1692 hujus
1185 1626 1372 1678 bestia:
1405 1627 1701 1691 periculum
1743 1629 1956 1681 feceris.

708 1715 760 1769 4.
804 1715 994 1771 Libere
1023 1719 1172 1771 vides
1209 1718 1396 1770 solem.
1435 1719 1572 1786 Quid
1605 1721 1697 1773 tibi
1741 1722 1854 1788 ipse
1896 1721 2200 1776 libertatem

639 1809 762 1860 vitae
794 1809 1044 1861 invides?
1077 1807 1221 1876 Pugil
1276 1811 1452 1864 nullus
1490 1827 1641 1880 aeque
1690 1813 1984 1866 adversarii
2020 1813 2201 1882 plagas

640 1901 978 1968 subterfugit,
1015 1917 1078 1953 ac
1111 1900 1323 1954 debitor
1356 1904 1643 1956 creditoris
1682 1919 1986 1968 occursum,
2019 1905 2199 1959 occul-

640 2003 750 2046 tato
789 2009 924 2060 pone
967 1993 1247 2046 columnas
1284 2008 1348 2046 ae
1398 2009 1583 2046 muros
1633 1995 1825 2062 capite.
1879 1996 1967 2057 At,
2001 1996 2197 2060 inquis,

637 2090 904 2155 quomodo
934 2089 1180 2141 nutriar?
1212 2089 1394 2141 Manus
1426 2089 1613 2152 habes,
1649 2089 1815 2143 habes
1859 2100 2060 2154 artem;
2091 2091 2202 2143 lm-a

638 2194 858 2244 operam
911 2187 1056 2231 tuam
1114 2178 1246 2230 lucri
1293 2180 1500 2244 gratia,
1549 2181 1791 2233 ministra
1823 2201 1834 2234 :
1865 2182 2027 2233 tunlta
2080 2192 2202 2234 sntit

640 2272 862 2339 parandi
907 2272 1079 2325 vietus
1107 2272 1350 2335 consilia,
1382 2275 1696 2326 occasiones
1726 2274 1927 2327 multae.
1971 2273 2096 2327 l-lne
2131 2275 2205 2326 fa-

637 2380 764 2418 cere
792 2379 894 2417 non
938 2364 1127 2432 potes?
1161 2363 1285 2417 Pete
1319 2379 1346 2414 a
1387 2365 1803 2432 possidentibus.
1837 2368 1916 2418 A.n
1949 2374 2099 2432 turpe
2125 2375 2205 2417 est

640 2455 941 2524 postulare?
971 2454 1204 2522 Turpius
1253 2452 1436 2522 utique
1484 2455 1644 2506 fuerit
1707 2455 2027 2507 creditorem
2067 2456 2205 2507 datis

641 2546 836 2600 famori
870 2545 1112 2612 pecuniis
1136 2544 1471 2598 defraudare.
1503 2543 1614 2596 Non
1656 2545 1766 2598 lure
1798 2546 1916 2596 diro
1945 2544 2203 2614 proferto,

641 2636 811 2704 legem
842 2646 898 2687 ut
928 2636 1118 2696 feram,
1155 2636 1248 2688 sed
1303 2643 1360 2686 ιιι
1411 2635 1710 2697 ostendam,
1737 2636 1915 2686 omnia
1953 2635 2041 2687 tibi
2077 2638 2204 2687 tole-

640 2725 890 2779 rabiliora
918 2740 1055 2787 esse,
1086 2741 1244 2791 quam
1280 2735 1556 2793 argentum
1586 2725 1788 2778 fcenore
1811 2741 2042 2779 sumere.
2075 2726 2205 2780 For-

640 2819 779 2871 mica
819 2817 920 2870 etsi
971 2831 1144 2883 neque
1181 2817 1470 2874 mendicat.
1515 2831 1683 2883 neque
1719 2833 1966 2869 nummos
2000 2817 2205 2872 fit-nom

642 2907 866 2975 accipit,
901 2915 1074 2973 potest
1119 2915 1295 2957 tamen
1349 2905 1540 2956 nutriri
1572 2921 1582 2954 :
1613 2906 1728 2972 apis
1763 2906 1944 2956 itidem
1993 2907 2206 2972 regibus

642 3000 872 3066 largitur
903 2998 1143 3050 alimenti
1193 2997 1272 3050 Stli
1311 2998 1562 3065 reliquias
1595 3011 1609 3048 :
1642 2997 1838 3066 quibus
1881 3007 2055 3049 tamen
2109 3012 2206 3049 nec

644 3107 853 3150 manus.
898 3106 997 3143 nec
1038 3102 1182 3142 artes
1225 3090 1493 3142 concessit
1529 3101 1741 3142 natura.
1787 3087 1863 3141 Tu
1899 3103 2021 3140 vero
2055 3089 2205 3140 indu-

643 3181 836 3233 strium
869 3181 1067 3232 animal
1105 3180 1289 3237 homo.
1338 3181 1476 3231 inter
1523 3191 1669 3231 artes
1692 3195 1878 3232 omnes
1929 3195 2086 3232 unam
2137 3182 2202 3232 ad

648 3269 1050 3336 trausigendam
1085 3269 1246 3319 vitam
1280 3283 1384 3318 non
1411 3267 1683 3334 reperies?
1716 3268 2026 3334 Quanquam
2059 3269 2205 3323 vide-

645 3376 763 3413 mus
782 3375 884 3411 non
914 3357 1339 3411 necessariorum
1370 3358 1578 3425 indigus
1601 3357 1664 3408 ad
1691 3357 1862 3409 lienus
1885 3360 2201 3428 confugere:

644 3467 818 3519 neque
849 3450 991 3502 enim
1014 3462 1134 3502 sunt
1160 3448 1250 3517 qui
1279 3448 1356 3500 eis
1386 3449 1610 3500 credant
1639 3463 1653 3500 :
1683 3461 1738 3498 at
1760 3447 1964 3499 ftBllOl'e
1994 3459 2208 3502 sumunt

645 3543 925 3611 pecuniam
959 3542 1222 3601 homines,
1261 3541 1350 3607 qui
1389 3539 1546 3606 112
1575 3555 1632 3592 se
1660 3540 1710 3592 itt
1749 3539 1979 3592 laxiores
2004 3540 2207 3607 impen-

644 3653 735 3691 sas
766 3649 822 3690 et
855 3637 905 3688 in
940 3636 1120 3687 luxum
1157 3634 1398 3686 inutilem
1430 3633 1729 3693 eﬂunduttt,
1772 3633 1804 3684 ii
1839 3631 2085 3684 \‘ideltect
2117 3633 2206 3696 qui

646 3744 706 3781 se
733 3727 1082 3780 muliebribus
1105 3726 1467 3788 voluptatibus
1500 3725 1826 3791 mancipaut.
1862 3722 2097 3792 Indigeo,
2125 3724 2208 3774 iu—

649 3821 766 3887 quit
800 3820 912 3880 illa,
955 3819 1146 3870 vestitu
1184 3830 1516 3882 sumptuoso,
1552 3826 1602 3868 et
1633 3831 1811 3867 aureis
1837 3815 1976 3869 vasis
2005 3833 2016 3866 :
2050 3825 2209 3884 egent

650 3910 743 3962 filii
783 3909 991 3961 decenti
1035 3919 1088 3958 et
1137 3907 1235 3959 sibi
1280 3906 1618 3958 convenieuti
1650 3905 2084 3958 vestimentorum
2117 3921 2208 3957 or-

649 4011 902 4054 namento
930 4011 945 4051 2
978 3999 1108 4067 quin
1144 3998 1304 4050 etiam
1355 3997 1538 4049 famuli
1573 3997 1778 4049 ﬂoridis
1808 4008 1863 4048 et
1894 3998 2040 4051 Vario
2065 3998 2212 4051 colo-

649 4105 707 4143 re
755 4089 1023 4141 distinctis
1075 4088 1310 4140 vestibus
1355 4095 1477 4139 sunt
1525 4085 1775 4138 itnluendi
1810 4087 1990 4138 :laula
2027 4104 2206 4141 ttteusa

647 4178 972 4233 exstruenda
1032 4189 1131 4230 est.
1191 4179 1289 4243 Qui
1343 4177 1465 4229 talia
1524 4178 1735 4230 ntulieri
1813 4178 2104 4240 ministrat,
2140 4181 2206 4234 ad

651 4273 961 4339 trapezitam
1000 4271 1162 4335 venit,
1191 4281 1242 4323 et
1275 4270 1582 4336 priusquam
1633 4279 1851 4337 accepta
1900 4281 2082 4323 utatur
2112 4287 2206 4339 pe-

647 4363 829 4427 cunia,
866 4363 1026 4414 alium
1059 4377 1121 4414 ex
1158 4363 1261 4414 alio
1294 4361 1567 4412 dominum
1606 4369 1794 4424 mutat,
1837 4372 1997 4429 atque
2042 4361 2210 4416 faene—

652 4464 865 4508 ratores
895 4453 1028 4506 alios
1077 4454 1199 4505 aliis
1235 4467 1444 4521 semper
1492 4451 1808 4520 adjungens,
1840 4455 2092 4506 continua
2123 4454 2205 4506 illa

2311 4454 2478 4506 κακοῦ
2516 4453 2703 4521 φεύγει
2730 4453 2828 4523 τῆς

650 4547 774 4601 mali
803 4547 1144 4600 successione
1172 4554 1462 4610 egestatem
1498 4546 1644 4611 tegit.
1669 4543 1734 4595 Et
1764 4546 2207 4612 quemadmodmn

651 4641 927 4711 hydrOpici
975 4639 1212 4706 suspecti
1254 4648 1379 4688 sunt
1422 4637 1487 4689 de
1547 4637 1772 4704 pluritna
1812 4636 2095 4701 obesitate,
2131 4637 2210 4690 sic

651 4744 702 4785 et
732 4731 831 4785 iste
857 4730 1063 4783 videtur
1088 4745 1209 4782 esse
1238 4728 1407 4791 dives,
1434 4743 1642 4795 semper
1673 4727 1967 4796 accipiens,
1992 4739 2045 4780 et
2073 4743 2208 4782 sent-

727 4910 837 4977 (53)
874 4907 981 4960 Vox
1020 4909 1361 4981 πλεονασμός
1387 4911 1439 4963 in
1468 4911 1638 4962 sar-ris
1674 4910 1892 4965 Litteris
1922 4912 2212 4978 significa',

656 4983 707 5034 id
749 4982 888 5045 quod
932 4992 1125 5043 pra-ter
1165 4997 1362 5035 sortem
1429 4982 1706 5046 accipitur.
1760 4982 1887 5035 Vide
1919 4999 2036 5048 cap.
2100 4996 2210 5034 χιιι

656 5049 974 5121 Ezechielis.
1005 5049 1132 5121 Vlton
1172 5052 1318 5117 “t‘gii
1363 5055 1628 5104 ser-nudus
1665 5060 1716 5103 et
1761 5063 1943 5121 sextus
1991 5051 2215 5121 αὐξομέ-

655 5138 777 5173 νων.
810 5118 949 5170 lnfra
994 5120 1142 5171 Colb.
1175 5135 1402 5191 octavus
1425 5121 1803 5191 ἐπιγενόμενα.
1836 5120 2033 5174 Ibidem
2066 5118 2214 5175 multi

656 5208 786 5262 mss.
821 5192 899 5262 εἰς
931 5192 1124 5262 πεῖραν
1158 5189 1335 5262 ἔλθῃς.

727 5259 999 5332 (5t)_b‘di_ti
1028 5273 1081 5311 et
1120 5259 1460 5314 mssfomnes
1492 5260 1784 5332 ἐλεύθερον.
1805 5261 1908 5313 Sed
1937 5259 2214 5326 legendum

656 5346 778 5384 esse
813 5328 1094 5399 ἐλεύθερος
1141 5341 1332 5395 putant
1371 5331 1465 5382 \iri
1503 5328 1821 5392 doctissimi,
1857 5331 2121 5396 iidemque
2150 5333 2214 5383 de

658 5399 857 5452 Basilio
909 5414 1093 5452 n0stro
1142 5411 1343 5458 onttme
1394 5403 1566 5452 meriti
1606 5402 1828 5454 bucinus
1866 5415 1917 5454 et
1953 5400 2215 5454 Combeft-

658 5470 767 5522 sius
791 5483 1014 5532 quorum
1069 5471 1345 5522 sententiae
1383 5479 1621 5522 nostrum
1676 5471 1936 5523 calculum
1981 5470 2209 5522 addere-

661 5555 775 5591 mus
811 5540 950 5591 haud
978 5540 1152 5602 inviti,
1186 5539 1228 5591 si
1263 5541 1341 5592 vel
1372 5556 1510 5592 unus
1549 5555 1645 5592 ms.
1669 5542 1794 5593 huic
1825 5540 2034 5592 lectioni
2069 5539 2216 5589 fave-

661 5620 758 5662 ret.
790 5612 891 5661 Sed
911 5625 1032 5662 cum
1051 5611 1224 5661 nullus
1246 5613 1292 5662 ei
1312 5613 1476 5662 codex
1506 5609 1848 5678 sulfragetur,
1871 5625 2049 5662 vocem
2077 5609 2218 5661 ὲλεύ-

659 5678 814 5748 θερον
872 5681 1204 5730 retinendam
1253 5681 1466 5747 quidem
1504 5681 1832 5743 censuimus,
1885 5681 1977 5733 sed
2017 5681 2108 5743 ita,
2162 5689 2217 5732 ιιι

661 5769 778 5807 eam
811 5749 1193 5804 adverbialiter
1225 5752 1654 5818 interpretemur.

2303 536 2420 588 Τῶν
2445 534 2596 598 ζώων
2619 535 2685 587 τὰ
2707 535 2841 604 ταχὺ
2861 536 3108 587 τίκτοντα
3126 539 3259 605 ταχύ
3281 536 3374 589 τοῦ
3398 537 3598 606 γεννᾷν
3622 535 3874 588 παύεται·

2302 624 2369 676 τὰ
2425 625 2481 676 δὲ
2531 625 2817 694 χρήματα,
2863 626 3080 693 ταχεῖαν
3128 624 3468 695 λαμϐάνοντα
3513 625 3614 678 τοῦ
3654 626 3873 677 πλεονα-

2304 715 2438 783 σμοῦ
2464 716 2573 785 (55)
2604 717 2700 786 τὴν
2724 715 2917 787 ἀρχὴν,
2953 716 3232 776 ἀτέλεστον
3259 716 3568 786 ἐπιδέχεται
3598 718 3703 787 τὴν
3724 718 3804 779 εἰς
3822 718 3877 768 τὸ

2304 806 2484 858 πλεῖον
2522 808 2856 879 προσθήκην.
2898 809 3016 862 Τῶν
3046 808 3419 878 αὐξανομένων
3450 809 3712 870 ἕκαστον,
3741 811 3878 860 ἐπειο

2303 897 2398 950 δάν
2443 900 2576 968 πρὸς
2619 901 2677 953 τὸ
2712 903 2907 954 οίκεῖον
2954 901 3216 970 ἀφίκηται
3261 900 3510 969 μέγεθος,
3560 901 3665 970 τῆς
3715 901 3874 970 αὐξή-

2305 1006 2442 1054 σεως
2472 992 2720 1045 ἵσταται·
2765 994 2826 1046 τὸ
2875 993 2930 1046 δὲ
2972 992 3078 1045 τῶν
3122 991 3452 1044 πλεονεκτῶν
3498 992 3773 1063 ἀργύριον
3804 992 3874 1060 τῷ

2306 1083 2482 1152 χρόνῳ
2534 1083 2693 1136 παντὶ
2729 1084 3189 1155 ωμπαραύξεται.
3243 1084 3322 1136 Τὰ
3373 1082 3509 1147 ζῶα,
3564 1084 3874 1153 παραδόντα

2304 1177 2415 1238 τοῖς
2443 1175 2683 1241 ἐγγόνοις
2705 1174 2766 1227 τὸ
2794 1177 3012 1238 τίκτειν,
3048 1177 3186 1230 αὐτὰ
3219 1180 3316 1246 τῆς
3343 1179 3592 1246 κυήσεως
3619 1176 3870 1227 παύεται·

2303 1263 2372 1316 τά
2417 1265 2472 1317 δὲ
2515 1264 2623 1316 τῶν
2663 1264 2951 1318 δανειστῶν
2983 1267 3217 1337 ἀργύρια
3268 1269 3361 1320 καὶ
3396 1267 3465 1318 τὰ
3515 1267 3873 1334 ἐπιγινόμενα

2303 1357 2508 1419 τίκτει,
2540 1359 2634 1410 καὶ
2672 1358 2738 1410 τὰ
2770 1358 2968 1427 ἀρχαῖα
2993 1360 3187 1423 νεάζει.
3228 1360 3317 1430 Μὴ
3365 1359 3427 1411 σύ
3457 1374 3523 1426 γε
3558 1359 3646 1420 εἰς
3680 1360 3872 1426 πεῖραν

2305 1449 2474 1511 ἔλθοις
2505 1449 2598 1501 τοῦ
2633 1448 2916 1501 ἀλλοκότου
2947 1448 3132 1500 τούτου
3164 1449 3371 1519 θηρίου.

2375 1723 2428 1775 4.
2481 1722 2786 1792 Ἐλεύθερον
2835 1721 2946 1790 (54)
2992 1721 3122 1791 δρᾷς
3177 1719 3266 1772 τὸν
3315 1720 3484 1789 ἥλιον.
3541 1721 3611 1774 Τί
3661 1721 3871 1790 φθονεῖς

2232 1798 2272 1855 Β
2305 1815 2513 1884 σεαυτῷ
2563 1815 2660 1883 τῆς
2711 1815 3018 1885 παρρησίας
3072 1812 3165 1866 τοῦ
3221 1812 3368 1881 βίου;
3426 1813 3621 1876 Οὐδεὶς
3659 1814 3870 1884 πύκτης

2302 1905 2441 1957 οὓτω
2468 1903 2566 1966 τὰς
2596 1904 2804 1973 πληγὰς
2835 1903 2927 1955 τοῦ
2961 1901 3358 1971 ἀνταγωνιστοῦ
3389 1903 3710 1970 ὑποφεύγει,
3745 1905 3819 1966 ὡς
3844 1908 3871 1957 ὁ

2303 1996 2682 2064 δανεισάμενος
2709 1995 2800 2046 τοῦ
2832 1997 3064 2066 χρήστου
3101 1995 3213 2064 (55)
3249 1994 3346 2057 τὰς
3390 1995 3704 2063 συντυχίας,
3738 1997 3870 2064 πρὸς

2306 2087 2486 2148 κίονας
2528 2086 2622 2138 καὶ
2666 2084 2873 2154 τοίχους
2908 2086 3251 2150 ἀποσκιάζων
3299 2085 3395 2155 τὴν
3449 2084 3714 2153 κεφαλήν.
3753 2086 3869 2148 Πῶς

2302 2171 2395 2227 οὖν
2424 2174 2722 2242 διατραφῶ,
2752 2175 2914 2243 φησίν
2939 2190 2953 2239 ;
2989 2176 3168 2242 Ἔχεις
3197 2178 3385 2245 χεῖρας
3404 2213 3418 2237 ,
3463 2174 3607 2243 ἔχεις
3642 2173 3866 2244 τέχνηνο

2306 2264 2619 2336 μισθαρνοῦ,
2655 2264 2922 2319 διακόνει·
2957 2265 3146 2316 πολλαὶ
3175 2265 3404 2318 ἐπίνοιαι
3437 2264 3532 2317 τοῦ
3565 2264 3708 2334 βίου,
3743 2266 3867 2316 πολ-

2303 2357 2390 2409 λαὶ
2423 2356 2682 2426 ἀφορμαί.
2732 2356 2867 2407 Ἀλλ’
2897 2356 3168 2419 ἀδυνάτως
3199 2356 3373 2426 ἔχεις;
3405 2355 3693 2426 προσαίτει
3725 2355 3867 2424 παρὰ

2302 2447 2410 2499 τῶν
2437 2448 2806 2516 κεκτημένων.
2850 2449 2985 2501 Ἀλλ’
3009 2448 3230 2518 αἰσχρὸν
3261 2448 3321 2500 τὸ
3344 2450 3547 2511 αἰτεῖν;
3577 2448 3868 2516 Αἰσχρότε-

2306 2556 2397 2608 ρον
2434 2538 2530 2608 μὲν
2559 2535 2648 2590 οὐν
2682 2540 2742 2590 τὸ
2770 2539 3148 2608 δανεισάμενον
3179 2541 3517 2611 ἀποστερεῖν.
3548 2541 3625 2594 Οὐ
3656 2541 3866 2601 πάντως

2304 2630 2604 2700 νομοθετῶν
2647 2630 2813 2682 ταῦτα
2850 2631 3009 2696 λέγω,
3045 2631 3152 2682 ἀλλ’
3193 2632 3508 2695 ὑποδεικνὺς
3533 2673 3545 2692 ,
3574 2633 3658 2684 δτι
3695 2633 3867 2685 πάντα

2307 2740 2386 2775 σοι
2415 2721 2507 2774 τοῦ
2551 2719 2883 2783 δανείζεσθαι
2916 2721 3269 2790 φορητότερα.
3313 2722 3370 2773 '0
3406 2721 3630 2792 μύρμηξ
3666 2724 3763 2791 μὲν
3785 2723 3866 2774 δέ.

2305 2833 2480 2875 ναται,
2519 2815 2652 2883 μήτε
2689 2811 3014 2883 προσαιτῶν,
3053 2812 3186 2880 μήτε
3216 2810 3590 2880 δανειζόμενος
3611 2852 3625 2875 ,
3657 2813 3866 2883 61119-5-

2305 2906 2497 2974 φεσθαι
2517 2923 2530 2935 ·
2569 2907 2656 2959 καὶ
2701 2904 2923 2974 μέλισσα
2959 2904 3024 2955 τὰ
3057 2902 3281 2971 λείψανα
3307 2903 3405 2972 τῆς
3429 2905 3638 2966 οἰκείας
3669 2905 3866 2974 τροφῆς

2307 2997 2578 3066 βασιλεῦσι
2607 2996 2920 3065 χαρίζεται·
2956 2989 3036 3058 οἷς
3077 2993 3198 3046 οὐτε
3224 2996 3433 3064 χεῖρας,
3468 2992 3594 3045 οὐτε
3615 2995 3807 3063 τέχνας
3833 2998 3862 3064 ἡ

2307 3085 2466 3154 φύσις
2500 3086 2728 3137 ἔδωκεν·
2781 3086 2842 3137 σὺ
2883 3085 2937 3137 δὲ
2972 3086 3030 3137 τὸ
3079 3085 3380 3155 εὐμήχανον
3422 3084 3559 3148 ζῶον
3601 3087 3628 3139 δ
3668 3086 3867 3157 ἄνθρω-

2307 3193 2404 3239 πος
2437 3175 2562 3245 μίαν
2594 3174 2700 3225 τῶν
2732 3175 2916 3225 πασῶν
2946 3177 3190 3246 μηχανὴν
3211 3176 3306 3244 οὐχ
3331 3176 3583 3246 εὑρήσεις
3612 3175 3752 3246 πρὸς
3775 3175 3865 3245 τὴν

2308 3269 2396 3322 τοῦ
2447 3268 2560 3338 βίου
2603 3267 2903 3336 διαγωγήν;
2957 3269 3147 3320 Καίτοι
3190 3270 3400 3338 ὁρῶμεν
3444 3270 3564 3338 οὐχὶ
3597 3272 3726 3333 τοὺς
3766 3270 3867 3322 τῶν

2305 3356 2614 3424 ἀναγκαίων
2654 3355 2852 3416 ἐνδεεῖς
2894 3357 3219 3424 ἐρχομένους
3254 3359 3344 3408 ἐπὶ
3373 3357 3433 3410 τὸ
3465 3360 3676 3411 δάνειον
3713 3361 3868 3426 (οὐδε

2305 3447 2410 3516 γὰρ
2450 3447 2631 3516 ἔχουσι
2693 3448 2816 3507 τοὺς
2870 3446 3294 3515 πιστεύοντας),
3345 3450 3480 3502 ἀλλὰ
3533 3451 3868 3515 δανείζονται

2306 3540 2595 3610 ἅνθρωποι,
2659 3539 2921 3600 δαπάναις
2979 3539 3291 3608 ἀνειμέναις
3344 3542 3437 3593 καὶ
3499 3543 3869 3606 πολυτελείαις

2307 3631 2572 3699 ἀκάρποις
2623 3631 2843 3692 ἑαυτοὺς
2878 3629 3220 3693 ἐπιδιδόντες,
3259 3633 3306 3682 οἱ
3361 3633 3702 3699 γυναικείαις
3749 3636 3870 3703 ἠδυ-

2308 3724 2557 3786 παθείαις
2590 3723 2946 3785 δουλεύοντες.
3005 3723 3192 3792 Ἐμοὶ,
3228 3723 3410 3794 φησὶν,
3455 3723 3660 3792 ὲσθῆτα
3712 3724 3869 3775 πολυ-

2307 3814 2432 3882 τελή
2484 3817 2577 3866 καὶ
2610 3817 2836 3886 χρυσία,
2871 3819 2980 3879 τοῖς
3031 3816 3260 3878 παιδίοις
3292 3817 3492 3886 κόσμον
3540 3816 3726 3878 αὐτοῖς
3761 3815 3866 3885 (56)

2308 3904 2552 3974 εὐπρεπῆ
2581 3907 2687 3959 τῶν
2727 3906 3053 3974 ἐνδυμάτων,
3085 3906 3218 3958 ἀλλὰ
3247 3907 3340 3958 καὶ
3373 3910 3484 3970 τοῖς
3510 3907 3753 3969 οἰκέταις
3783 3909 3870 3958 άν-

2308 3996 2426 4048 ίῖινὰ
2474 3997 2564 4048 καὶ
2598 3998 2812 4050 ποικίλα
2844 3998 2912 4049 τὰ
2957 3998 3308 4067 περιϐόλαια,
3343 4003 3405 4068 τῇ
3441 4001 3687 4070 τραπέζῃ
3723 4000 3871 4066 Gaz}!-

2307 4087 2473 4139 λειαν.
2541 4086 2597 4137 '0
2643 4086 2711 4138 τὰ
2745 4087 2966 4139 τοιαῦτα
3016 4089 3338 4158 λειτουργῶν
3383 4092 3602 4155 γυναικὶ
3643 4091 3738 4143 ἐπὶ
3779 4095 3868 4143 τὸν

2306 4175 2633 4250 τραπεζίτην
2661 4177 2897 4249 ἔρχεται,
2930 4180 3021 4232 καὶ
3050 4180 3177 4249 πρὶν
3198 4180 3498 4249 χρήσασθαι
3525 4182 3638 4242 τοῖς
3661 4182 3871 4250 ληφθεί-

2310 4291 2427 4332 σιν,
2475 4271 2629 4324 ἄλλον
2677 4271 2736 4337 ἐξ
2791 4271 2947 4323 ἄλλου
3004 4271 3400 4341 μεταλαμῆάνει
3444 4271 3734 4340 δεσπότην,
3780 4277 3870 4326 καὶ

2312 4360 2683 4432 μετενδεσμῶν
2725 4362 2810 4413 ἀεὶ
2852 4363 2975 4423 τοὺς
2998 4360 3364 4424 δανείζοντας,
3397 4364 3459 4431 τῇ
3504 4364 3754 4432 συνεχείᾳ
3779 4362 3868 4415 τοῦ

2914 4453 3102 4524 πορίας
3130 4452 3218 4504 τὸν
3249 4452 3486 4523 ἔλεγχον.
3534 4455 3643 4507 Καὶ
3686 4454 3868 4524 ὥσπερ

2316 4545 2364 4594 οἱ
2411 4543 2724 4615 ὐδεριῶντες
2765 4545 2819 4595 ἐν
2855 4542 3075 4612 ὑπονοίᾳ
3109 4540 3471 4612 πολυσαρκίας
3522 4544 3681 4605 εἰσὶν,
3734 4544 3870 4594 οὕτω

2316 4638 2406 4688 καὶ
2438 4631 2588 4698 οὗτος
2613 4639 2668 4688 ὲν
2700 4636 2965 4704 φαντασία
2996 4636 3306 4704 περιουσίας
3334 4635 3585 4704 ὑπάρχει,
3629 4636 3713 4688 ἀεὶ
3740 4635 3870 4704 λαμ-

2317 4728 2512 4790 ϐάνων,
2568 4728 2659 4780 καὶ
2694 4728 2780 4779 ἀεὶ
2825 4726 3019 4789 διδοὺς,
3063 4727 3154 4778 καὶ
3189 4729 3251 4779 ὲκ
3295 4725 3401 4776 τῶν
3446 4725 3716 4794 δευτέρων
3763 4726 3870 4779 δια-

2391 4912 2498 4980 (55)
2532 4911 2624 4964 llic
2649 4910 2857 4963 variant
2887 4912 3012 4965 editi
3048 4919 3101 4964 et
3133 4925 3260 4980 mss.
3294 4910 3430 4963 inter
3459 4925 3536 4963 se.
3565 4909 3742 4963 Editio
3773 4911 3862 4962 Pa-

2321 4979 2413 5034 ris.
2454 4996 2506 5033 et
2553 4982 2716 5033 (Zoisl.
2754 4981 2844 5034 τοῦ
2899 4979 3192 5034 δανειστοῦ.
3229 4982 3327 5033 Alii
3389 4999 3513 5035 mss.
3573 4980 3864 5047 χρεῶστου,

2323 5053 2453 5104 alter
2483 5052 2762 5122 χρεόστου.
2794 5053 2942 5103 ι;‹›ιι›.
2983 5063 3205 5120 quartus
3251 5050 3507 5122 χρηστοῦ.
3531 5049 3688 5122 _|{eg_.
3721 5066 3867 5114 quar-

2324 5132 2404 5172 tus
2437 5117 2662 5174 etnColb.
2700 5126 2955 5187 septimus
2982 5117 3100 5173 cum
3135 5117 3367 5173 editione
3404 5119 3567 5190 liasil.
3596 5117 3691 5169 τοῦ
3741 5122 3868 5190 χρή-

2324 5207 2471 5244 στου.
2505 5191 2629 5242 Scio
2660 5193 2872 5252 quidem
2925 5191 3054 5243 nihil
3109 5192 3173 5242 ad
3213 5206 3433 5243 sensum
3483 5188 3707 5250 referre,
3754 5188 3866 5242 ntro

2323 5265 2441 5327 quis
2468 5261 2628 5312 modo
2661 5260 2866 5326 legerit,
2917 5259 3191 5313 δανειστοῦ
3222 5277 3287 5310 an
3312 5260 3542 5329 χρήστου
3573 5273 3586 5287 '
3614 5262 3868 5329 iarbitror

2325 5341 2501 5383 tamen
2541 5330 2925 5401 legi_oportere
2967 5333 3224 5401 χρήστου,
3261 5347 3357 5383 nec
3406 5331 3580 5401 aliter
3613 5328 3864 5384 Basiliuin

2321 5401 2620 5468 scripsisse.
2653 5399 2810 5458 Nam,
2841 5409 2895 5452 ιιι
2947 5399 3016 5453 ex,
3052 5399 3207 5452 dictis
3236 5411 3400 5466 patet,
3439 5399 3583 5452 tntilli
3620 5416 3750 5453 mss.
3781 5411 3867 5451 aut

2320 5487 2435 5522 eam
2471 5485 2653 5522 vocem
2684 5471 2842 5536 plane
2872 5472 3147 5528 exhibent,
3174 5480 3427 5522 autccrte
3455 5470 3634 5533 aliam,
3662 5486 3783 5539 quae
3806 5471 3865 5521 ab

2319 5539 2430 5608 ipsa
2463 5555 2564 5590 non
2603 5542 2672 5590 ita
2701 5544 2920 5591 multum
2953 5541 3168 5593 recedit.

2389 5609 2500 5678 (56)
2536 5611 2640 5662 Vox
2670 5609 2851 5671 αὐτοῖς
2890 5611 3038 5678 deest
3068 5609 3117 5660 in
3143 5609 3409 5678 plerisque
3433 5623 3557 5661 mss.
3595 5607 3713 5660 Mox
3749 5617 3865 5660 octo

2321 5695 2449 5734 mss.
2485 5676 2605 5730 eum
2635 5681 2869 5731 editione
2904 5677 3062 5735 Basii.
3095 5680 3187 5731 καὶ
3211 5676 3425 5732 ποικίλα
3448 5679 3534 5732 τά.
3563 5679 3742 5732 Editio
3775 5678 3868 5730 Pa:-

2324 5754 2413 5806 ris.
2452 5748 2696 5801 ποικιλτὰ
2730 5749 2905 5815 περιϐ.
