4068 6318
101 380 271 434 277
1324 386 1661 439 HOMILIAII
1692 388 1757 441 IN
1794 386 2117 441 PSALMUM
2154 387 2293 441 XIV.
3301 381 3399 432 27'!

108 493 326 549 λύων
377 501 493 572 (57)
544 503 612 554 τά
668 500 964 568 φθάσαντα,
1008 500 1104 569 τὴν
1159 500 1293 569 πρὸς
1346 502 1406 554 τὸ
1457 502 1748 572 λαμϐάνειν

1858 518 1951 569 per
1982 504 2137 567 dans,
2173 510 2228 553 et
2255 516 2316 553 ex
2352 501 2740 569 posterioribus
2771 498 2946 567 priora
2985 495 3304 556 dissolvi-ns,
3330 515 3341 545 :
3368 506 3407 548 t.

110 587 529 652 ἀξιοπιστίαν
563 596 625 644 ἐκ
651 591 751 661 τῆς
792 594 881 645 τοῦ
926 591 1095 645 κακοῦ
1132 594 1410 663 συνεχείας
1441 595 1749 663 περιποιού-

1856 607 1956 659 que
2006 590 2117 660 jugi
2168 588 2291 641 mali
2326 594 2666 645 successione
2695 588 3003 657 requisitam
3041 587 3105 638 ad
3135 586 3336 652 accipie
3377 611 3404 622 -

114 695 348 748 μενος
380 684 577 751 ἐαυτῷ.
623 679 751 737 Εἶτα
780 684 967 752 ὥσπερ
1000 683 1092 735 ἐπὶ
1118 683 1217 752 τῆς
1246 686 1469 755 χολέρας
1498 684 1546 736 οἱ
1576 685 1635 737 τὸ
1665 686 1749 739 ἀεὶ

1856 685 1974 737 ilum
2011 686 2166 737 [idem
2194 682 2292 735 sibi
2326 682 2435 749 ipse
2486 694 2822 751 comparans.
2860 678 3053 731 Deinde
3083 678 3221 731 sicut
3256 677 3288 729 ii
3316 692 3347 743 q
3392 677 3405 728 i

118 777 586 845 προϊστάμενον
633 776 937 847 ἐξερῶντεοο
965 775 1111 847 (58),
1160 778 1253 829 καὶ
1301 778 1428 847 πρὶν
1479 776 1748 840 παντελῶς

1856 776 2068 830 cholera
2102 776 2361 836 laborant,
2403 773 2450 825 id
2506 789 2717 844 semper
2768 772 2906 843 quod
2966 781 3091 824 ante
3133 781 3402 838 sumptum

120 866 527 937 καθαρθῆναι
557 867 806 937 δευτέραν
857 870 1058 941 τροφὴν
1086 868 1561 940 ἐπεμϐαλλόμενοι,
1593 869 1750 921 πάλιν

1856 878 1932 921 est
1980 866 2223 936 ejit-iont,
2274 874 2328 918 et
2389 867 2833 933 quemadmodum
2881 863 2924 916 si
2973 871 3095 915 ante
3142 862 3402 929 integram

124 958 383 1021 ὲμοῦσι
424 959 537 1028 μετ’
582 958 769 1031 ὀδύνης
798 962 887 1014 καὶ
920 961 1276 1031 σπαραγμῶν·
1317 959 1457 1012 οὕτω
1487 958 1579 1011 καὶ
1606 957 1750 1013 οὗτοι

1856 959 2223 1029 purgationem
2270 958 2447 1010 cibmn
2496 956 2718 1008 alterum
2760 957 2999 1026 capiunt,
3037 957 3175 1007 hunc
3220 968 3406 1007 rursus

122 1047 381 1111 τόκους
429 1051 491 1101 ἐκ
520 1050 690 1103 τόκων
738 1051 1257 1123 μεταλαμσάνοντες,
1301 1052 1392 1103 καὶ
1428 1052 1554 1121 πρὶν
1584 1054 1750 1104 ἐκκα-

1856 1067 1969 1106 cum
2021 1051 2224 1115 dolore,
2276 1060 2329 1103 et
2387 1065 2508 1101 cum
2564 1063 2847 1101 nervormn
2891 1046 3237 1104 convolsione
3278 1061 3403 1098 evo-

128 1139 354 1211 Οᾶραι
400 1142 467 1197 τὰ
519 1144 739 1215 πρῶτα,
771 1143 1018 1211 δεύτερον
1059 1144 1436 1210 ἐπεισάγοντες
1468 1144 1748 1214 δάνεισμα,

1856 1152 2003 1194 umnt
2035 1159 2048 1193 :
2081 1141 2150 1193 ita
2177 1150 2228 1194 et
2262 1141 2314 1194 hi
2351 1139 2523 1191 laetius
2553 1136 2756 1191 {tenore
2781 1149 3189 1197 comminantes,
3219 1144 3272 1189 et
3308 1151 3404 1188 an-

134 1235 387 1306 μικρὸν
430 1235 617 1304 χρόνον
648 1238 757 1295 τοῖς
799 1232 1095 1303 ἀλλοτρίοις
1130 1233 1563 1304 ἐναὸρυνόμενοι,
1594 1235 1750 1287 ὓστε-

1856 1240 2068 1298 tequam
2101 1230 2307 1297 pricres
2336 1242 2512 1281 usurae
2552 1237 2863 1296 purgentur.
2887 1227 3105 1284 alteram
3140 1228 3405 1297 adjicien-

137 1340 276 1393 ρον
316 1328 413 1377 καὶ
450 1324 519 1375 τὰ
548 1326 719 1376 οἰκεία
745 1323 1034 1394 ὠδύραντο.
1072 1326 1133 1376 Ὦ
1175 1326 1368 1390 πόσους
1407 1324 1651 1379 ἀπώλεσε
1684 1325 1753 1377 τά

1856 1331 1955 1382 les,
1997 1333 2284 1388 parumper
2310 1318 2363 1371 in
2420 1316 2613 1369 alienis
2653 1315 2885 1382 gloriati,
2928 1326 3035 1365 tum
3078 1317 3285 1367 demum
3328 1313 3403 1367 rei

132 1415 445 1487 ἀλλότρια
470 1415 676 1483 ἀγαθάὲ
706 1416 863 1470 Πόσοι
888 1419 1017 1488 ὄναρ
1045 1417 1439 1488 πλουτήσαντες
1473 1418 1753 1490 ὑπεραπή-

1856 1414 2009 1464 etiam
2039 1409 2321 1463 familiaris
2368 1411 2635 1478 iacturam
2695 1408 2895 1476 lugent.
2930 1404 2974 1460 Ο
3008 1415 3135 1472 quot
3165 1406 3410 1459 homines

136 1502 397 1556 λαυσαν
422 1504 520 1574 τῆς
549 1504 775 1577 ζημίαςί
819 1507 976 1560 Ἀλλά
1012 1506 1210 1568 πολλοὶ,
1251 1511 1403 1577 φησὶ,
1447 1511 1537 1561 καὶ
1576 1512 1637 1561 ἐκ
1670 1508 1753 1559 δα-

1856 1501 2200 1569 perdiderunt
2230 1499 2402 1552 aliena
2439 1500 2607 1554 hooal
2654 1498 2796 1566 Quot
2831 1497 2880 1550 in
2917 1497 3119 1551 somnis
3152 1496 3329 1557 ditati,
3354 1497 3406 1549 in

139 1596 495 1665 νεισμάτων
528 1599 879 1669 ἐπλούτησαν.
918 1597 1138 1659 Πλείους
1171 1596 1248 1660 δὲ,
1282 1594 1455 1667 οἶμαι,
1491 1600 1584 1651 καὶ
1633 1599 1753 1668 βρό-

1856 1608 2119 1649 ίεηιιηηεε
2162 1602 2215 1646 et
2264 1592 2597 1647 calamitates
2643 1590 2903 1651 maximas
2952 1589 3278 1643 incideruntl
3314 1588 3408 1640 At-

143 1704 300 1755 χων
346 1688 574 1757 ἥψαντο.
611 1687 682 1741 Σὺ
723 1689 779 1740 δέ
808 1690 929 1749 τοὺς
960 1687 1057 1756 μέν
1088 1686 1486 1757 πλουτήσαντας
1521 1688 1751 1757 βλέπεις,

1856 1686 1965 1755 qui,
2008 1685 2207 1754 inquis,
2258 1682 2409 1735 multi
2456 1684 2617 1735 etiam
2650 1680 2853 1734 {tenore
2882 1678 3007 1733 facti
3034 1677 3365 1731 suutdivites
3392 1695 3405 1731 :

141 1778 316 1838 τοὺς
367 1778 423 1828 δέ
461 1777 875 1845 ἀπαγξαμένους
920 1775 1019 1827 οὑκ
1066 1776 1351 1847 ἀριθμεῖς,
1396 1778 1466 1841 οἶ,
1522 1778 1616 1848 τὴν
1662 1780 1753 1832 ἐπὶ

1856 1789 1906 1829 at
1937 1791 2064 1830 vero
2121 1774 2323 1843 plures,
2368 1773 2620 1834 arbitror,
2662 1773 2729 1825 ad
2761 1770 2981 1839 laqueos
3027 1776 3409 1836 pervenerunt.

150 1869 313 1950 3:11;
363 1868 715 1936 ἀπαιτήσεσιν
770 1867 1027 1937 αἰσχύνην
1080 1869 1153 1941 μὴ
1204 1869 1455 1941 φέροντες
1489 1870 1619 1940 (59),
1665 1870 1753 1923 τὸν

1856 1869 1930 1922 Tu
1960 1881 2120 1935 porro
2152 1867 2348 1921 ditatos
2378 1864 2591 1931 quidem
2625 1862 2869 1931 respicis,
2894 1859 3258 1926 strangulatos
3280 1873 3409 1913 vero

153 1948 248 2008 δι’
297 1958 530 2027 ἀγχόνης
574 1958 795 2012 θάνατον
838 1960 929 2012 τοῦ
977 1961 1349 2024 ἐπονειδίστως
1392 1961 1489 2032 ζῇν
1539 1962 1753 2033 προετί-

1856 1973 1959 2012 ιιοη
1992 1970 2259 2021 numeras,
2314 1954 2405 2023 qui
2441 1952 2735 2007 exactiouis
2777 1952 3010 2005 dedecus
3055 1949 3273 2002 minime
3324 1948 3405 2002 l‘e-

158 2066 396 2118 μησαν.
447 2044 596 2101 Εἶδον
632 2048 738 2117 ἐγὼ
783 2050 1012 2103 ἐλεεινὸν
1056 2052 1252 2121 θέαμα,
1297 2055 1488 2115 παῖδας
1539 2054 1751 2107 ἐλευθέ-

1856 2059 2050 2110 rentes,
2090 2048 2188 2101 sibi
2239 2053 2462 2099 mortem
2516 2044 2818 2096 maluerunt
2875 2043 3065 2110 laqueo
3112 2040 3402 2100 asciscere,

161 2157 318 2209 ρους
356 2140 494 2210 ὑπὲρ
540 2141 712 2209 χρεῶν
753 2142 1031 2210 πατρικῶν
1066 2142 1177 2211 (60)
1218 2143 1538 2211 ἑλκομένους
1587 2148 1664 2208 είς
1693 2148 1753 2199 τὸ

1856 2156 2012 2211 quam
2042 2142 2297 2209 probrose
2327 2140 2528 2190 vivere.
2562 2134 2677 2188 Vidi
2711 2148 2809 2203 ego
2852 2134 3152 2187 miserabile
3195 2141 3406 2201 specta-

158 2236 510 2301 πρατήριον.
576 2232 687 2285 Ούκ
742 2231 883 2301 ἔχεις
954 2233 1272 2286 καταλιπεῖν
1336 2236 1591 2306 χρήματα
1645 2240 1753 2299 τοῖς

1856 2232 2051 2295 culum,
2099 2231 2358 2298 ingenuos
2409 2244 2619 2297 pueros,
2674 2230 2787 2296 qui,
2840 2236 2895 2279 ut
2950 2226 3326 2287 venderentur,
3351 2227 3403 2277 in

164 2325 385 2389 statui;
428 2326 501 2396 μὴ
547 2324 861 2396 προσαφέλῃ
890 2325 983 2379 καὶ
1011 2326 1108 2397 τὴν
1140 2325 1435 2394 εὐγένειαν.
1471 2328 1565 2379 ’Ἑν
1601 2326 1753 2379 τοῦτο

1856 2322 2027 2377 forum
2068 2323 2137 2376 ob
2188 2323 2359 2391 patris
2408 2321 2582 2374 debita
2610 2319 3079 2387 pertrahehantur.
3107 2316 3217 2369 Non
3242 2317 3407 2369 habes

165 2413 513 2485 διατήρησον
540 2417 720 2481 αὐτοῖς
753 2416 812 2469 τὸ
840 2417 1020 2488 κτῆμα
1048 2418 1147 2487 τῆς
1173 2417 1500 2489 ἐλευθερίας,
1522 2419 1619 2491 τὴν
1652 2436 1753 2471 πα-

1856 2416 2130 2485 pecuniam
2162 2430 2322 2485 quam
2357 2413 2623 2481 relinquas
2649 2410 2811 2465 ﬁliis?
2848 2410 2988 2464 Cave
3023 2407 3403 2479 ingenuitatem

174 2506 583 2577 ρακαταθήκην
621 2509 686 2577 ἣν
720 2508 867 2575 παρά
905 2509 1011 2561 τῶν
1051 2509 1249 2578 γονέων
1289 2510 1610 2580 παρέλαϐες.
1652 2511 1753 2563 Οὑς-

1856 2508 1929 2562 eis
1960 2506 2193 2561 auferas.
2246 2505 2417 2561 Unam
2476 2506 2613 2558 hanc
2662 2504 2791 2569 ipsis
2838 2517 3094 2556 conserva
3147 2500 3409 2553 libertatis

166 2598 302 2658 δεῖς
337 2600 522 2649 πενίαν
554 2600 755 2668 πατρὸς
798 2599 1061 2669 ἐνεκλήθη
1105 2600 1264 2653 ποτέ·
1306 2600 1523 2669 ὄφλημα
1561 2602 1615 2652 δὲ
1646 2619 1753 2654 πα-

1856 2601 2263 2671 possessionem,
2301 2598 2601 2665 depositum
2653 2596 2801 2656 illud,
2838 2594 2982 2663 quod
3032 2608 3062 2646 a
3090 2591 3407 2661 parentibus

166 2686 367 2757 ’πρῷον
395 2690 472 2749 είς
512 2688 876 2759 δεσμωτήριον
925 2690 1067 2757 ἄγει.
1101 2691 1190 2758 Μὴ
1230 2692 1531 2761 καταλίπῃς
1576 2709 1753 2761 γραμ-

1856 2690 2127 2758 accepisti.
2154 2687 2365 2741 Nemini
2402 2702 2637 2757 unquam
2671 2685 2836 2755 patris
2865 2695 3150 2754 paupertas
3180 2685 3299 2737 data
3326 2693 3410 2736 est

175 2782 414 2849 ματείον
472 2778 658 2851 ὥσπερ
692 2779 828 2851 ἀρὰν
860 2783 1126 2853 πατρικὴν
1158 2784 1236 2844 εἰς
1261 2782 1454 2846 παῖδας
1499 2782 1753 2835 καταϐαι-

1856 2784 2065 2836 crimini
2101 2800 2115 2835 :
2152 2793 2208 2835 at
2248 2791 2531 2851 paternum
2573 2780 2822 2834 debitum.
2847 2778 2899 2831 in
2941 2792 3211 2832 carcerem
3242 2775 3404 2829 ducit.

172 2889 392 2925 νουσαν
420 2874 512 2927 καὶ
536 2873 789 2941 ἐγγόνους
817 2875 948 2945 (61).

1856 2874 1928 2929 Ne
1961 2875 2230 2944 relinquas
2283 2874 2639 2942 syngrapham
2680 2886 2775 2926 ceu
2823 2879 3103 2941 paternam
3150 2884 3403 2924 exsecra-

1853 2970 2049 3021 tionem
2086 2969 2136 3019 in
2171 2968 2308 3019 lilios
2337 2981 2399 3019 ac
2436 2976 2655 3034 nepotes
2694 2964 3129 3018 descendentem.

262 3050 317 3104 5.
390 3051 657 3117 ’Δκούετε,
704 3055 752 3105 οἱ
797 3052 1069 3116 πλούσιοι,
1108 3056 1265 3106 ὁποῖα
1324 3057 1753 3126 συμϐουλεύομεν

1919 3060 1973 3115 5;
2012 3059 2226 3121 Audite,
2254 3058 2469 3121 divites,
2492 3055 2649 3125 quale
2670 3054 2994 3123 pauperibus
3010 3054 3211 3106 demus
3231 3051 3408 3104 consio

171 3144 303 3203 τοῖς
344 3145 574 3211 πτωχοῖς
613 3142 698 3194 διὰ
742 3143 837 3213 τὴν
882 3144 1149 3214 ὑμετέραν
1194 3145 1618 3216 ἀπανθρωπίανο
1662 3149 1752 3214 ἐγ-

1856 3150 1977 3202 Iium
2007 3151 2074 3203 ob
2102 3161 2329 3202 ve5tram
2354 3144 2825 3211 inhumanitatem,
2846 3157 3053 3210 nempe.
3076 3154 3131 3194 ut
3149 3140 3408 3211 gravissi-

175 3236 478 3304 καρτερεῖν
522 3234 718 3303 μᾶλλον
749 3239 860 3299 τοῖς
892 3236 1101 3300 δεινοῖς,
1143 3238 1175 3309 ἢ
1208 3236 1306 3300 τὰς
1346 3240 1409 3289 ἐκ
1443 3237 1550 3290 τῶν
1578 3238 1750 3291 τόκων

1856 3255 1936 3292 ma
1966 3254 2187 3307 qumque
2215 3245 2524 3291 constanter
2551 3234 2725 3287 ferant
2760 3235 2937 3300 potius
2976 3246 3136 3299 quam
3183 3231 3406 3284 Calami-

179 3325 479 3396 συμφορὰς
508 3326 880 3395 ὑποδέχεσθαι.
915 3329 974 3380 El
1008 3316 1064 3381 δὲ
1110 3328 1387 3382 ἐπείθεσθε
1423 3328 1498 3399 τῷ
1540 3331 1750 3401 Κυρίῳ,

1856 3340 1988 3383 lates
2016 3345 2082 3383 ex
2113 3328 2317 3382 [tenore
2338 3328 2713 3396 provenientes
2735 3325 3118 3392 perpetiantur.
3138 3321 3340 3377 Morem
3360 3322 3405 3376 si

172 3417 272 3477 τίς
305 3418 464 3485 χρεία
511 3416 618 3469 τῶν
648 3416 818 3484 λόγων
850 3419 1081 3483 τούτων;
1117 3420 1211 3489 τίς
1252 3420 1308 3476 δέ,
1357 3421 1501 3473 ἐστιν
1542 3422 1573 3490 ή
1612 3438 1749 3490 συμ-

179 3505 354 3575 εουλὴ
394 3506 484 3557 τοῦ
526 3508 829 3573 Δεσπὸτου;
872 3509 1150 3573 Δανείζετε
1182 3511 1310 3581 παρ’
1356 3504 1429 3563 ὧν
1461 3512 1557 3565 οὐκ
1604 3512 1754 3564 ἐλπί-

181 3600 315 3661 ζετε
340 3598 649 3654 ἀπολαϐεῖν.
686 3601 795 3654 Καὶ
828 3603 996 3666 ποῖον,
1031 3602 1183 3669 φησι,
1213 3600 1369 3653 τοῦτο
1398 3602 1677 3672 δάνεισμα,
1708 3597 1752 3671 ᾧ

181 3689 293 3757 τῆς
337 3688 639 3754 ἀποδόσεως
676 3691 786 3762 (62)
831 3692 985 3754 ἐλπὶς
1025 3693 1085 3744 ού
1124 3691 1499 3756 συνέζευκταις
1542 3694 1751 3763 Νόησον

183 3782 293 3847 τὴν
337 3780 560 3851 δύναμιν
605 3781 697 3834 τοῦ
744 3783 927 3854 ῥητοῦ,
969 3783 1062 3835 καὶ
1105 3782 1401 3853 θαυμάσεις
1434 3784 1530 3853 τὴν
1565 3785 1749 3851 φιλαν-

185 3869 442 3941 θρωπίαν
472 3871 563 3924 τοῦ
585 3872 889 3941 νομοθέτου.
923 3875 1088 3927 Ὅταν
1116 3874 1315 3945 πτωχῷ
1352 3876 1608 3946 παρέχειν
1628 3878 1753 3947 μέλ-

185 3962 291 4031 λῃς
322 3962 406 4014 διὰ
434 3963 523 4014 τὸν
555 3963 778 4033 Κύριον,
816 3962 873 4015 τὺ
920 3965 1048 4016 αὐτὸ
1083 3967 1174 4017 καὶ
1208 3966 1376 4036 δῶρόν
1406 3970 1518 4019 ἐστι
1553 3970 1643 4020 καὶ
1671 3968 1755 4021 δά-

191 4069 426 4121 νεισμα·
454 4054 621 4123 δῶρον
656 4054 752 4123 μὲν
793 4053 879 4107 διὰ
920 4055 1017 4125 τὴν
1049 4056 1389 4111 ἀνελπιστίαν
1428 4061 1523 4122 τῆς
1557 4060 1754 4131 ἀπολή-

187 4143 361 4212 ψεως,
386 4144 647 4214 δάνεισμα
677 4147 733 4198 δέ
762 4146 847 4199 διὰ
880 4146 973 4216 τὴν
1011 4146 1415 4219 μεγαλοδωρεάν
1445 4150 1536 4201 τοῦ
1564 4152 1754 4203 Δεσπό-

187 4251 289 4286 του
325 4233 417 4286 τοῦ
452 4236 829 4299 ἀποτιννύντος
864 4237 1001 4309 ὑπὲρ
1034 4238 1217 4300 αὑτοῦ,
1258 4240 1336 4301 ὃς,
1380 4242 1550 4311 μικρά
1580 4242 1754 4294 λαῦὼν

190 4325 284 4387 διὰ
317 4325 409 4377 τοῦ
448 4327 697 4398 πένητος,
733 4329 939 4398 μεγάλα
969 4330 1107 4400 ὑπὲρ
1147 4331 1321 4383 αὐτῶν
1363 4332 1645 4384 ἀποδώσει.
1694 4334 1755 4385 Ὀ

196 4419 310 4487 γὰρ
348 4420 534 4473 ἐλεῶν
573 4423 809 4489 πτωχὸν
838 4422 947 4491 (65)
991 4420 1237 4482 δανείζει
1286 4424 1425 4489 Θεῷ.
1465 4425 1535 4477 Οὐ
1581 4424 1753 4494 βούλει

1853 3424 2074 3479 Domino
2092 3421 2365 3491 gereretis,
2394 3419 2519 3489 quid
2546 3419 2629 3473 his
2665 3416 2840 3472 verbis
2874 3424 3014 3471 esset
3038 3430 3171 3484 Opus
3187 3415 3209 3467 ?
3225 3414 3407 3481 Quod~

1852 3533 1970 3572 nam
1993 3528 2166 3570 autem
2190 3514 2396 3568 Domini
2425 3511 2704 3566 consilium
2727 3510 2844 3563 est?
2865 3508 3101 3561 Motuum
3124 3508 3248 3559 date
3268 3507 3351 3571 iis,
3377 3520 3407 3557 a

1849 3613 2038 3681 quibus
2066 3626 2172 3663 non
2196 3608 2423 3675 speratis
2457 3617 2763 3672 recepturos
2786 3617 2879 3654 vos
2902 3616 3019 3654 esse
3038 3599 3104 3653 ".
3140 3598 3204 3651 Et
3231 3597 3408 3665 quale,

1852 3703 2040 3769 inquit,
2082 3700 2181 3752 hoc
2208 3709 2471 3758 umtnum,
2503 3695 2585 3748 cui
2622 3693 2933 3746 redditionis
2960 3707 3085 3758 spes
3124 3688 3421 3766 conjuncta.

1851 3808 1953 3845 non
1989 3790 2104 3844 est?
2134 3788 2368 3858 lntellige
2395 3788 2669 3841 sententiae
2695 3786 2821 3845 vim,
2862 3794 2916 3838 et
2972 3782 3291 3851 legislatoris
3318 3780 3386 3831 mi

1855 3882 2038 3935 rabere
2066 3882 2467 3936 humanitatem.
2490 3879 2585 3933 Ubi
2618 3877 2831 3946 pauperi
2869 3874 3071 3927 Domini
3105 3876 3274 3940 gratia
3309 3871 3407 3924 de-

1851 3976 2017 4038 deris,
2051 3976 2184 4029 idem
2213 3984 2267 4027 et
2306 3976 2497 4028 donum
2522 3980 2672 4026 estet
2694 3970 2902 4031 [ωιιυε;
2943 3968 3137 4019 donum
3170 3964 3407 4030 quidem,

1850 4068 1986 4135 quod
2020 4078 2346 4134 recepturum
2372 4078 2420 4116 te
2439 4065 2566 4117 nihil
2594 4078 2710 4116 esse
2740 4074 2950 4128 speras:
2985 4060 3154 4112 {mnus
3174 4070 3319 4117 vero,
3340 4052 3409 4107 ob

1854 4158 2058 4210 Domini
2114 4172 2207 4224 pro
2252 4157 2409 4222 inope
2451 4152 2770 4222 persoluturi
2808 4148 3257 4210 muniﬁcentiam,
3295 4145 3404 4210 qui,

1854 4248 2034 4318 paucis
2054 4264 2145 4317 per
2168 4263 2447 4315 pauperem
2470 4246 2922 4313 acceptistagna
2941 4255 3123 4293 eorum
3148 4238 3262 4291 loco
3284 4241 3403 4290 red-

1854 4341 2058 4391 diturus
2075 4339 2284 4402 δειραὶ
2298 4341 2429 4390 enim
2449 4332 3205 4403 misereturpauperis,fwnerat
3231 4328 3401 4381 Deo".

1856 4431 1966 4485 Non
1990 4432 2070 4485 vis
2097 4433 2459 4484 universorum
2478 4429 2752 4481 Dominmn
2773 4426 3061 4481 obnoxium
3084 4422 3173 4474 tibi
3195 4421 3291 4487 ipsi
3314 4421 3405 4471 ha-

194 4512 288 4563 τὸν
322 4511 534 4564 πάντων
566 4514 839 4583 Δεσπότην
881 4513 1173 4567 ὑπεύθυνον
1206 4515 1346 4584 ἔχειν
1385 4517 1591 4586 σεαυτῴ
1622 4518 1753 4588 πρὸς

1858 4521 1980 4574 bere
1996 4522 2061 4575 ad
2083 4519 2515 4587 persolvendum?
2547 4518 2600 4571 Si
2625 4519 2743 4586 quis
2768 4516 2819 4569 in
2846 4515 3061 4567 civitate
3090 4512 3237 4563 dives
3254 4522 3405 4574 spon-

195 4602 295 4672 τὴν
325 4601 561 4667 ἐκτισιν;
612 4604 682 4655 Ἢ
716 4602 825 4655 τῶν
855 4605 952 4674 μὲν
982 4607 1037 4657 ἐν
1079 4608 1142 4674 τῇ
1180 4606 1329 4658 πόλει
1370 4607 1632 4660 πλουσίων
1662 4610 1755 4661 ἐάν

193 4711 283 4755 τις
315 4695 619 4766 ὁμολογήσῃ
650 4712 731 4747 σοι
778 4695 874 4765 τὴν
920 4696 1059 4765 ὑπὲρ
1112 4697 1309 4767 ἐτέρων
1350 4698 1583 4764 ἔκτισιν,
1629 4700 1753 4769 δέχῃ

198 4784 364 4845 αὑτοῦ
396 4785 492 4856 τὴν
534 4786 763 4859 ἐγγύην;
797 4788 927 4840 Θεὸν
968 4789 1022 4840 δέ
1057 4790 1446 4861 ύπερεκτιστὴν
1474 4792 1580 4843 τῶν
1614 4808 1755 4843 πτω-

200 4874 311 4944 χῶν
351 4876 411 4927 οὺ
447 4878 747 4949 προσίεσαι.
790 4880 887 4944 Δὸς
919 4878 978 4931 τὸ
1012 4881 1133 4949 είκῆ
1182 4882 1429 4952 κείμενον
1476 4883 1752 4953 ἀργύριον,

278 5070 322 5103 ³⁸
342 5071 473 5127 Luc.
512 5089 582 5139 v1,
611 5074 701 5137 54,
727 5074 815 5130 55.
891 5074 934 5106 ³⁷
957 5074 1114 5131 Prov.
1146 5090 1256 5137 xu,
1296 5074 1376 5127 l7.

410 5249 807 5329 golb;oct_avus
838 5255 1060 5329 διαλύει.

278 5318 388 5399 ςβδ)
416 5320 507 5372 Sic
530 5320 691 5399 .Regii
727 5326 916 5399 tertius
941 5338 989 5399 et
1040 5337 1248 5399 sextus.
1286 5326 1416 5398 Reg.
1443 5335 1662 5399 quartus
1708 5335 1762 5379 et

205 5389 667 5471 Colb._.se.pti_u_tus
700 5408 793 5460 pro
830 5394 1120 5471 {gemmea
1173 5389 1392 5471 halient'
1420 5389 1758 5471 ἐξεμοῦντες,

208 5475 315 5510 non
344 5459 609 5537 tliSsilllilln
628 5459 808 5517 sensu.
846 5459 1400 5537 1«.‹1ἰιὶἐξαιροῦντες,“
1438 5459 1594 5519 male.
1650 5469 1759 5518 Ali-

207 5539 551 5609 q'tanloqm's‘t
575 5529 706 5597 Reg.
737 5535 923 5587 tertius
952 5529 1077 5605 πρὶν
1105 5529 1586 5609 ἐκκαρθῆναι.Μοιι
1621 5538 1756 5590 idem

208 5598 367 5650 codex
402 5598 580 5651 ἀπώλε
588 5616 703 5654 σαν.

274 5665 482 5743 (59)Αοὶ
535 5670 662 5743 τὴν-
698 5671 795 5725 ἐπὶ
843 5674 969 5741 ταῖς
1013 5675 1409 5741 ἀπαιτήσεσιν
1457 5677 1755 5743 αἰσχύνην·

207 5736 959 5814 μὴ.ξρξὶοίᾷντεες.ίιλιειζειηόιηη⁷
976 5750 1172 5814 potius,
1201 5736 1256 5798 ut
1284 5748 1336 5799 in
1360 5751 1542 5798 eodem
1562 5736 1751 5808 senui,

211 5826 260 5877 p.
283 5808 402 5875 496,
438 5812 823 5881 ἀπαντήσεσιν,
861 5808 1266 5870 vadibronioium
1294 5818 1512 5871 dedecus
1548 5832 1646 5868 non
1677 5815 1752 5883 fc-

1862 4614 1985 4667 deat
2009 4629 2064 4666 se
2088 4614 2179 4666 tibi
2202 4629 2296 4683 pro
2322 4612 2439 4664 aliis
2466 4612 2784 4669 soluturum,
2812 4619 2987 4657 nonne
3011 4599 3403 4666 lidejnssionem

1866 4704 2019 4773 113
2050 4704 2188 4759 illius
2218 4703 2454 4771 accipis?
2490 4713 2543 4754 at
2595 4700 2758 4751 Deum
2809 4712 2905 4749 ceu
2953 4706 3263 4759 sponsorem
3310 4689 3399 4757 qui

1862 4810 1955 4863 pro
1986 4795 2308 4862 pauperibus
2341 4793 2613 4846 soluturus
2644 4792 2732 4853 sit,
2778 4802 2882 4839 non
2926 4782 3179 4836 admittis.
3217 4779 3402 4833 inutile

1862 4885 1955 4938 tibi
1989 4897 2268 4953 argentum
2291 4885 2381 4945 da,
2411 4897 2511 4934 non
2542 4893 2765 4950 gravans
2802 4877 2926 4930 illud
2975 4871 3399 4933 accessionibus;

1864 5266 2050 5308 rentes.
2086 5254 2291 5309 ΜΑειΑΝ.

1936 5326 2045 5395 (60)
2072 5324 2220 5395 Coll).
2257 5334 2471 5395 octavos
2501 5322 2675 5395 χρεῶν
2699 5319 2983 5395 πατρῴων.

1935 5389 2046 5463 (61)
2078 5394 2224 5447 Multi
2271 5410 2406 5456 mss.
2430 5389 2701 5463 ἐγγόνους.
2755 5389 2892 5443 Ειιιιί
2922 5389 3192 5463 ἐκγόνους.
3219 5389 3400 5463 Obiter

1866 5459 1952 5517 hic
1984 5459 2198 5519 monere
2232 5465 2387 5522 libet;
2409 5479 2590 5515 vocem
2614 5462 2831 5527 ἔκγονος
2872 5476 2990 5512 raro
3021 5462 3070 5513 in
3112 5476 3239 5515 mss.
3278 5459 3400 5529 legi.

1864 5533 2061 5587 Ibidem
2087 5535 2298 5599 quidam
2328 5549 2452 5585 mss.
2489 5530 2593 5599 οζα.
2620 5534 2718 5582 Alii
2743 5533 2879 5581 ποῖα.

1933 5602 2043 5671 (6‘2)
2072 5595 2199 5668 Reg.
2234 5605 2495 5656 secundus
2517 5595 2560 5669 ᾧ
2590 5601 2685 5669 τῆς
2713 5602 3121 5661 ἀντοποδὸσεως.

1937 5669 2046 5743 (65)
2083 5673 2206 5738 Reg.
2237 5674 2420 5725 tertius
2456 5672 2639 5735 ἐλεῶν,
2672 5672 2826 5743 φησί.
2849 5671 2954 5725 Nec
2991 5674 3058 5743 ita
3081 5669 3399 5743 multopnst

1863 5740 1989 5796 mss.
2018 5740 2120 5795 tres
2146 5743 2348 5812 ἐτέρου.
2376 5743 2474 5794 Alii
2495 5743 2724 5795 t'llllllluc
2746 5742 2961 5796 ἐτέοων.
3001 5741 3236 5795 Subinde
3266 5740 3395 5809 Reg.

1863 5816 2047 5868 tertius
2080 5813 2107 5864 ὑ
2121 5813 2307 5881 πὰρχει
2339 5812 2417 5868 τό.
