4068 6318
634 359 739 413 1’33

1976 356 2033 406 S.
2074 350 2314 405 BASILII
2356 344 2568 403 MAGNI

3774 364 3812 409 ‘2.
3823 364 3899 410 ἱ(ίὶ

632 489 877 541 sperares
923 473 1085 526 Deum
1137 470 1399 539 placatum
1446 472 1509 523 iri
1541 488 1552 523 :
1582 472 1811 538 Aﬂ'erte,
1858 469 2053 535 inquit,
2104 468 2188 521 υυ·

2309 466 2610 536 προσδοκᾷ-ι
2647 466 2915 519 ίλεοῦσοαι
2942 467 3029 521 τὸν
3053 468 3202 530 Θεὸν,
3246 470 3579 539 Ἐνέγκατε,
3617 476 3774 541 φησι,
3802 467 3897 534 τῷ

632 568 789 626 mino.
839 566 945 633 filii
1004 564 1117 619 Dei.
1165 562 1344 632 Neque
1391 565 1529 616 enim
1590 579 1726 631 opus
1790 561 1898 629 jam
1948 562 2075 625 lilio,
2144 574 2197 612 ut

630 658 795 710 lilium
826 659 997 726 ipsum
1040 654 1253 709 olTeras.
1289 654 1393 708 Sed
1432 656 1474 710 si
1509 654 1649 707 illius
1677 665 1759 707 est
1786 654 2061 723 quidpiam
2089 670 2200 703 ma—

631 766 817 816 gnum,
850 750 1009 800 etiam
1056 749 1104 799 id
1146 748 1285 815 quod
1322 746 1565 809 oll'ertnr,
1599 746 1873 813 quidpiam
1921 760 2195 812 magnum,

632 849 683 891 et
717 838 808 890 lilii
842 838 1103 891 charitate
1145 853 1210 891 ac
1265 848 1485 907 paterna
1522 836 1779 904 dignitate
1812 837 2026 903 dignum
2078 850 2198 889 esse

630 944 806 996 operae
861 931 1089 998 pretium
1144 938 1245 982 est.
1289 928 1485 996 Aﬂ‘erte
1531 929 1725 995 igitur,
1787 926 1997 994 inquit,
2055 926 2197 993 ﬁlios

631 1022 877 1075 arietum.
919 1028 976 1072 ut
1028 1021 1061 1072 ii
1120 1022 1282 1073 etiam
1341 1020 1427 1085 qui
1485 1035 1513 1071 a
1571 1018 1722 1072 vobis
1778 1017 2092 1082 olleruntur,
2129 1034 2197 1072 ex

630 1114 753 1167 liliis
785 1116 1014 1167 arietum
1044 1114 1096 1167 in
1134 1113 1273 1168 ﬁlios
1310 1114 1399 1167 Dei
1433 1121 1877 1165 transmutentur.

700 1205 753 1257 2.
796 1206 953 1257 Aries
1012 1205 1208 1258 animal
1261 1213 1341 1258 est
1397 1204 1751 1273 principatum
1806 1214 2011 1263 tenens.
2056 1205 2194 1272 quod

634 1295 791 1365 115
825 1312 954 1349 oves
990 1296 1257 1348 antecedit
1296 1296 1359 1348 ad
1395 1311 1586 1363 pascua
1614 1297 1828 1364 pabula,
1853 1307 1906 1349 et
1936 1296 1999 1348 ad
2026 1311 2194 1365 aqua-

632 1402 749 1439 rum
780 1387 1043 1446 levamen,
1077 1402 1365 1455 rursusque
1407 1388 1474 1439 ad
1520 1386 1789 1438 stabulum
1819 1396 1872 1439 et
1900 1388 1964 1438 ad
1988 1387 2191 1439 caulas.

630 1478 788 1532 Tales
834 1481 999 1532 etiam
1057 1488 1179 1532 sunt
1223 1479 1441 1547 quidam
1486 1479 1663 1547 gregis
1696 1476 1890 1531 Christi
1936 1478 2192 1546 praefecti,

629 1572 719 1639 qui
757 1569 901 1621 illum
933 1570 996 1621 ad
1022 1570 1207 1621 llorida
1243 1579 1294 1621 et
1327 1568 1596 1622 odorifero
1623 1569 1877 1624 doctrina:
1900 1569 2195 1637 spiritualis

628 1659 818 1730 pabula
855 1661 1141 1722 deducunt,
1172 1675 1235 1712 ac
1270 1658 1474 1727 Spiritu
1520 1670 1706 1713 sancto
1741 1660 2021 1731 largiente,
2055 1676 2191 1728 aqua

627 1752 743 1803 viva
797 1752 1042 1820 irrigant,
1078 1761 1131 1805 et
1165 1753 1399 1820 erigunt,
1434 1762 1487 1805 et
1527 1752 1591 1804 ad
1627 1750 1855 1805 fructum
1898 1754 2195 1820 producen-

2302 559 2512 624 Κυρίῳ,
2547 561 2659 611 υἱοὶ
2699 560 2865 613 Θεοῦ.
2910 561 2983 613 Οὔ
3012 560 3117 632 γὰρ
3150 562 3265 614 υίοῦ
3291 564 3467 633 χρεία,
3498 566 3586 616 ἶνα
3614 566 3734 616 υἱὸν
3782 567 3897 617 αύ-

2303 648 2393 703 τὸν
2428 651 2715 724 προσφέρῃ
2748 652 2881 721 (74),
2914 653 3027 706 ἀλλ’
3060 655 3106 705 εἰ
3143 654 3281 724 μέγα
3316 672 3366 706 τι
3400 658 3427 706 ὁ
3462 657 3597 720 υίὸς,
3634 659 3781 728 μέγα
3833 674 3894 708 τι

2301 742 2392 793 καὶ
2417 742 2634 806 ἐπάξιον
2668 745 2765 815 τῆς
2796 762 2853 797 τε
2884 746 3000 798 υἱοῦ
3025 745 3318 809 διαθέσεως
3352 766 3444 799 και
3467 750 3566 819 τῆς
3597 752 3894 821 πατρικῆς

2301 829 2452 893 ἀξίας
2487 832 2547 884 τὸ
2575 835 3011 904 προσφερόμενον
3047 832 3183 889 εἶναι
3208 838 3505 907 προσῆκεν.
3548 842 3722 907 Υὶοὺς
3752 839 3888 901 οὖν,

2302 926 2483 993 φησιν,
2514 925 2795 995 ἐνέγκατε
2829 925 3040 995 κριῶν·
3091 930 3178 981 ἵνα
3224 929 3316 983 καὶ
3364 932 3514 984 αὐτοὶ
3552 935 3601 985 oi
3634 952 3894 1005 προσ-,ρε-

2302 1015 2519 1084 ρὸμενοι
2554 1019 2680 1087 παρ’
2715 1018 2867 1087 ὑμῶν
2898 1020 3004 1071 άπὸ
3047 1020 3140 1072 τοῦ
3182 1017 3321 1074 εἶναι
3368 1024 3471 1074 υἱοὶ
3503 1024 3676 1094 κριῶν
3705 1026 3786 1087 εἰς
3817 1026 3893 1077 τὸ

2298 1105 2550 1173 γενέσθαι
2580 1110 2682 1161 υἱοὶ
2719 1108 2855 1162 Θεοῦ
2896 1110 3301 1180 μεταϐάλωνται
3342 1115 3475 1184 (75).

2369 1197 2424 1251 2.
2471 1198 2527 1251 Ὀ
2555 1200 2705 1268 κριὸς
2747 1202 2926 1255 τοίνυν
2979 1205 3304 1273 ἡγεμονικόν
3338 1209 3451 1259 ἐστι
3504 1208 3680 1273 ζῶον,
3737 1211 3890 1262 καθα

2294 1289 2429 1359 ηγού
2440 1307 2598 1359 μενον
2622 1292 2725 1360 (76)
2751 1293 2858 1345 τῶν
2876 1296 3158 1365 προϐάτων
3182 1298 3274 1350 ἐπί
3300 1317 3357 1352 τε
3377 1302 3543 1370 νομὰς
3571 1303 3892 1373 τροφίμους

2297 1381 2392 1433 καὶ
2422 1382 2753 1445 ἀναπαύσεις
2790 1384 3014 1451 ὑδάτων,
3064 1387 3156 1440 καὶ
3190 1388 3349 1441 πάλιν
3387 1391 3475 1443 ἐπὶ
3511 1393 3718 1461 σηκοὺς
3774 1394 3887 1444 καὶ

2296 1474 2571 1536 ἐπαύλεις.
2612 1475 2853 1528 Τοιοῦτοι
2890 1478 2945 1530 δέ
2983 1496 3125 1542 τινες
3158 1482 3251 1534 καὶ
3284 1484 3330 1533 oi
3366 1482 3464 1552 τῆς
3493 1484 3732 1555 ποίμνης
3775 1484 3886 1537 τοῦ

2296 1565 2531 1635 Χριστοῦ
2563 1566 2903 1637 προεστῶτες
2922 1585 2935 1597 ⁸
2972 1571 3300 1638 προάγοντες
3341 1576 3437 1643 μὲν
3466 1576 3555 1627 ἐπὶ
3585 1578 3683 1638 τὰς
3711 1577 3891 1627 εὐαν-

2302 1656 2412 1719 θεῖς
2444 1658 2535 1710 καὶ
2580 1658 2799 1721 εὐώδεις
2841 1661 2936 1729 τῆς
2974 1667 3347 1735 πνευματικῆς
3377 1667 3724 1732 διδασκαλίας
3746 1687 3888 1740 τρο-

2298 1748 2423 1816 φὰς,
2465 1754 2556 1802 καὶ
2597 1749 2747 1802 ὕδατι
2784 1750 2945 1814 ζῶντι
2971 1756 3034 1823 τῇ
3075 1755 3399 1827 ἐπιχορηγία
3425 1760 3516 1811 τοῦ
3546 1762 3887 1829 Πνεὺματος

626 1845 753 1895 dum
788 1844 1087 1907 enutriunt,
1132 1844 1546 1912 eonducuntque
1575 1845 1639 1895 ad
1675 1844 1934 1910 requiem,
1970 1857 2031 1894 ae
2071 1858 2188 1895 eum

2297 1838 2545 1906 ἄρδοντες
2567 1842 2657 1893 καὶ
2694 1841 2953 1911 secem;
2990 1845 3237 1916 καὶπρὸς
3270 1852 3637 1919 καρποφορίαν
3670 1852 3886 1921 ἑκτρὲ-

627 1935 696 1987 ab
732 1934 1132 1989 insidiatoribus
1177 1934 1411 1989 efﬁciunt
1462 1950 1735 1990 securum.
1782 1933 1982 1987 Horum
2034 1936 2194 2003 igitur

628 2028 767 2081 lilios
798 2044 825 2080 a
858 2028 949 2081 Dei
1002 2028 1123 2081 ﬁliis
1168 2028 1232 2080 ad
1271 2028 1555 2082 Domimun
1588 2028 1775 2081 adduci
1812 2025 1939 2080 vult.
1969 2026 2117 2091 Quod
2148 2027 2192 2081 si

626 2120 830 2173 arietes
869 2120 1034 2174 duces
1064 2131 1189 2173 sunt
1218 2121 1469 2179 aliorum,
1505 2120 1694 2171 borum
1728 2120 1912 2185 utique
1944 2119 2034 2171 lilii
2080 2118 2193 2172 lue-

628 2212 756 2275 rint,
785 2211 877 2279 qui
937 2226 1034 2279 per
1090 2210 1349 2263 bonorqu
1401 2224 1622 2277 operum
1674 2209 1907 2262 studium
1948 2226 2011 2263 ex
2064 2226 2194 2279 prae-

626 2302 888 2355 fectorum
920 2303 1160 2355 doctrina
1184 2302 1247 2355 ad
1285 2302 1444 2353 vitam
1475 2302 1672 2354 virtute
1702 2312 1943 2354 ornatam
1977 2301 2190 2355 formati

625 2401 771 2447 sunt.
818 2392 1016 2461 A/ferle
1066 2392 1227 2459 igitur
1278 2390 1525 2452 Domino,
1560 2390 1658 2457 lilii
1706 2389 1824 2453 Dei,
1871 2390 2053 2457 afferte
2090 2389 2195 2442 Do-

623 2488 764 2540 mino
791 2485 930 2553 filios
959 2486 1202 2535 arietum.
1242 2482 1487 2535 Uidit-isti
1519 2482 1583 2534 ad
1611 2496 1767 2549 quem
1798 2496 1976 2533 sermo
2005 2481 2195 2534 baltea-

626 2576 747 2628 tur?
782 2574 1019 2628 didicisti
1071 2574 1137 2626 de
1186 2570 1415 2640 quibus?
1460 2570 1657 2638 Aﬂ'erte
1712 2569 1956 2633 Domino,
2000 2569 2191 2637 inquit,

623 2670 848 2739 gloriam
877 2678 923 2720 et
957 2667 1223 2719 honorem.
1259 2664 1541 2732 Quomodo
1573 2665 1736 2733 igitur
1767 2679 1882 2725 nos,
1912 2664 2002 2732 qui
2049 2675 2191 2718 terra

622 2778 810 2816 sumus
853 2772 906 2814 et
954 2761 1089 2813 cinis
1120 2759 1185 2823 “,
1219 2758 1443 2812 Domino
1501 2774 1696 2828 magno
1748 2759 1969 2826 gloriam
2014 2757 2193 2812 aﬂ'eri-

625 2854 781 2907 mus?
811 2852 1079 2923 quomodo
1123 2862 1169 2904 et
1218 2852 1508 2904 honorem?
1547 2851 1786 2905 Gloriam
1828 2852 2064 2920 quidem,
2098 2866 2194 2917 per

624 2945 761 2997 bona
801 2958 984 3011 opera,
1015 2959 1137 2996 cum
1175 2942 1409 2994 luxerint
1442 2956 1604 3011 opera
1642 2952 1818 2994 nostra
1876 2956 2056 2994 coram
2087 2943 2193 2995 lto-

628 3035 883 3097 minibus,
913 3035 1046 3086 adeo
1085 3044 1140 3084 ut
1182 3034 1427 3086 homines
1454 3031 1709 3098 Oporibus
1742 3031 1941 3085 nostris
1974 3046 2194 3101 conspeo

626 3126 728 3178 etis
756 3124 967 3177 Patrem
1012 3134 1253 3175 nostrum
1288 3126 1375 3189 qui
1422 3124 1473 3175 in
1516 3125 1667 3177 caelis
1713 3133 1796 3176 est
1825 3121 2056 3175 alliciant
2085 3124 2190 3191 glo-

2296 1945 2483 1995 φοντες
2503 1948 2514 1959 ·
2545 1933 2863 2003 ὁδηγοῦντες
2896 1936 2952 1988 δὲ
2986 1937 3123 2007 πρὸς
3148 1938 3468 2001 ἀνάπαυσιν,
3507 1945 3594 1993 καὶ
3620 1945 3721 2013 τὴν
3761 1946 3885 1995 ἀπὸ

2296 2020 2402 2074 τῶν
2462 2023 2919 2082 ἐπιϐουλευόντων
2968 2030 3283 2098 ἀσφάλειαν.
3338 2032 3549 2084 Τούτων
3588 2031 3676 2087 οὖν
3736 2037 3883 2098 τοὺς

2295 2114 2443 2176 υἱοὺς
2473 2116 2622 2185 παρὰ
2658 2118 2763 2169 τῶν
2790 2120 2917 2172 υἱῶν
2938 2121 3030 2174 τοῦ
3060 2122 3195 2174 Θεοῦ
3219 2124 3583 2193 προσάγεσθαι
3608 2124 3882 2193 βούλεται

2292 2205 2371 2275 τῷ
2412 2207 2601 2278 Κυρίῳ
2631 2211 2659 2261 ό
2689 2208 2861 2276 λόγος.
2894 2213 2955 2264 El
2984 2214 3039 2266 δὲ
3069 2216 3212 2285 κριοὶ
3242 2216 3290 2267 οἱ
3325 2216 3720 2286 προηγούμενοι
3758 2218 3882 2269 τῶν

2293 2295 2492 2348 λοιπῶν
2537 2298 2670 2366 (77),
2723 2300 2830 2351 υἱοὶ
2864 2300 2927 2353 ἂν
2963 2302 3165 2357 τούτων
3207 2302 3314 2359 εἷεν
3351 2308 3398 2357 οἱ
3440 2306 3569 2375 πρὸς
3602 2306 3688 2357 τὸν
3742 2308 3881 2358 κατ’

2292 2388 2493 2456 ἀρετὴν
2530 2388 2641 2456 βίον
2670 2390 2756 2442 διὰ
2795 2390 2896 2460 τῆς
2923 2391 3031 2444 τῶν
3060 2394 3278 2460 ἀγαθῶν
3322 2394 3495 2465 ἔργων
3526 2395 3765 2464 σπουδῆς
3806 2398 3881 2449 ἐκ

2293 2478 2389 2545 τῆς
2441 2479 2786 2545 διδασκαλίας
2830 2483 2935 2536 τῶν
2998 2486 3352 2555 προεστώτων
3416 2488 3877 2558 μεμορφωμένου

2306 2567 2615 2636 Ἐνέγκατε
2645 2568 2734 2623 οὖν
2752 2574 2831 2637 τῷ
2863 2578 3073 2642 Κιιρίφ,
3106 2579 3222 2631 υἱοὶ
3260 2579 3426 2641 Θεοῦ,
3461 2579 3740 2647 ἐνέγκατε
3786 2579 3881 2644 τῷ

2292 2660 2484 2726 Κυρίῳ
2514 2660 2682 2726 υἱοὺς
2711 2662 2905 2729 κριῶν.
2945 2668 3184 2735 Ἔμαθες
3216 2671 3319 2722 τίνι
3358 2670 3685 2739 διαλέγεται;
3713 2670 3877 2740 ἐμα-

2294 2751 2385 2813 θες
2420 2753 2546 2822 περὶ
2572 2754 2730 2805 τίνων
2762 2754 2907 2823 (78);
2967 2758 3270 2825 Ἐνέγκατε
3312 2760 3390 2825 τῷ
3424 2764 3635 2828 Κιῳίῳ,
3672 2764 3830 2831 φησὶ
3856 2799 3874 2825 ,

2291 2841 2479 2907 δόξαν
2508 2845 2603 2897 καὶ
2632 2844 2827 2915 τιμήν.
2860 2845 2981 2909 Πῶς
3015 2845 3108 2899 οὖν
3149 2851 3326 2917 ἡμεῖς,
3360 2856 3391 2920 ἡ
3421 2854 3489 2921 γῆ
3518 2856 3605 2904 καὶ
3636 2854 3875 2916 σποδὸς,

2289 2928 2367 3004 τῷ
2402 2935 2621 3005 μεγάλῳ
2648 2937 2836 3007 Κυρίῳ
2860 2936 3045 3000 δόξαν
3077 2941 3453 3009 προσφέρομεν
3486 2942 3614 3007 (79);
3646 2942 3775 3003 πῶς
3813 2945 3878 2997 δὲ

2290 3028 2389 3081 καὶ
2426 3028 2641 3096 τιμήν;
2672 3030 2839 3093 Δόξαν
2866 3030 2963 3101 μὲν
2992 3031 3079 3085 διὰ
3114 3032 3220 3085 τῶν
3250 3033 3465 3101 ἀγαθῶν
3498 3033 3683 3103 ἔργων,
3725 3036 3878 3089 ὅταν

2291 3120 2480 3194 λάμπῃ
2522 3122 2590 3174 τὰ
2628 3124 2765 3193 ἔργα
2817 3124 2970 3195 ἡμῶν
3022 3125 3332 3197 ἔμπροσθεν
3384 3126 3489 3177 τῶν
3531 3124 3875 3196 ἀνθρώπων,

627 3219 704 3272 ria
728 3217 793 3269 ".
841 3213 969 3268 Item
998 3229 1094 3285 per
1118 3214 1524 3280 temperantiam
1568 3229 1631 3267 ac
1658 3229 1751 3283 per
1780 3216 2187 3268 sanctimoniam

2294 3212 2431 3266 ὥστε
2463 3215 2669 3277 ἰδόντας
2698 3218 2823 3278 τοὺς
2853 3217 3170 3288 ἀνθρώπους
3197 3219 3265 3270 τὰ
3289 3218 3426 3289 ἔργα
3455 3217 3601 3288 ήμῶν
3628 3216 3878 3283 δοξάσαι

623 3310 691 3364 iis
733 3310 820 3375 qui
878 3308 1131 3376 pietatem
1188 3306 1508 3375 prulitentur
1558 3305 1962 3359 convenientem
2018 3315 2191 3374 petest

623 3401 747 3469 quis
781 3403 884 3453 Deo
924 3399 1148 3468 gloriam
1192 3398 1340 3460 dare,
1370 3398 1525 3467 juxta
1560 3395 1707 3450 Pauli
1742 3396 2187 3458 admonitionem,

624 3492 900 3547 dicentis:
938 3490 1244 3555 Cloriﬁcate
1298 3489 1463 3541 Deum
1517 3492 1569 3542 in
1625 3489 1868 3542 membris
1910 3491 2088 3542 vestris
2120 3488 2184 3542 “.

622 3582 775 3637 Hanc
797 3584 957 3635 etiam
987 3580 1211 3649 gloriam
1246 3581 1502 3632 Dominus
1536 3582 1761 3647 requirit
1792 3582 1857 3631 ab
1899 3582 1985 3643 iis,
2016 3581 2102 3649 qui
2133 3582 2184 3634 itt

625 3678 795 3743 ipsum
840 3676 1089 3739 credunt,
1120 3682 1173 3726 et
1220 3672 1526 3740 adoptionis
1560 3686 1781 3724 munere
1809 3672 2007 3739 dignati
2040 3683 2183 3727 sunt.

628 3766 800 3817 Filius
840 3769 995 3827 enim,
1035 3766 1227 3833 inquit,
1260 3764 1521 3833 glori/icui
1562 3774 1761 3830 patrem
1796 3762 1875 3827 ‘9;
1909 3773 1981 3826 et,
2013 3764 2072 3817 Si
2100 3782 2187 3831 pa-

623 3871 700 3911 ter
724 3873 814 3926 ego
857 3873 1006 3919 sum,
1043 3859 1125 3907 ubi
1180 3867 1253 3907 est
1298 3856 1468 3923 gloria
1510 3871 1622 3906 meo
1649 3853 1713 3906 '°.
1752 3850 2018 3905 Honorem
2060 3866 2188 3905 vero

622 3948 777 4001 all‘ert
809 3948 916 4000 Deo
954 3950 1019 4011 is,
1045 3947 1135 4015 qui
1163 3948 1459 4000 scentulum
1492 3944 1835 3997 Proverbinm
1863 3944 1905 3974 ⁵¹
1941 3959 2004 3996 ex
2029 3941 2189 4009 justis

622 4040 736 4093 suis
776 4040 1047 4092 laboribus
1081 4038 1244 4091 Deum
1284 4038 1531 4097 honorat,
1559 4050 1617 4089 ac
1655 4036 1700 4087 ei
1734 4037 1798 4089 de
1822 4034 2046 4103 iustitiae
2080 4050 2188 4088 sua:

626 4133 889 4186 fructibus
920 4133 1009 4184 dat
1041 4132 1327 4200 primitias.
1361 4130 1424 4183 Et
1450 4130 1691 4198 quisquis
1717 4131 1779 4182 de
1810 4130 1968 4183 rebus
1991 4128 2188 4184 divinis

621 4226 868 4277 ordinate
915 4225 1155 4290 sciteque
1208 4223 1446 4283 disserit,
1495 4223 1628 4274 adeo
1683 4231 1738 4274 ut
1784 4237 1996 4291 semper
2043 4236 2187 4276 reme

624 4314 823 4366 sentiat
872 4315 937 4369 de
986 4312 1171 4379 Patre,
1226 4314 1289 4365 de
1343 4310 1610 4380 Unigeniti
1657 4313 1967 4377 divinitate,
2014 4314 2185 4381 deque

622 4407 857 4475 Spiritus
898 4407 1067 4459 sancti
1120 4407 1308 4475 gloria,
1353 4405 1578 4458 Domino
1623 4402 1825 4457 deferte
1863 4404 2083 4468 gloriam
2133 4418 2185 4459 et

622 4498 905 4551 honorem.
940 4497 1177 4550 Gloriam
1218 4510 1395 4550 autem
1428 4506 1606 4566 auget,
1640 4496 1729 4564 qui
1766 4496 2025 4550 rationem
2062 4500 2181 4552 red-

695 4679 738 4710 “
757 4678 892 4733 Gen.
919 4694 1070 4741 XVIII,
1098 4679 1187 4733 ‘27.
1265 4678 1306 4709 ³⁸⁷
1341 4681 1524 4735 Matth.
1556 4696 1607 4745 ν,
1642 4681 1729 4734 16.

1805 4681 1848 4712 ⁸⁸
1871 4679 1890 4732 ι
1917 4681 2039 4735 Cor.
2074 4697 2144 4746 γι,
2175 4679 2263 4739 9.0.

2292 3304 2384 3356 τὸν
2416 3306 2633 3376 Πατέρα
2668 3306 2823 3376 ἡμῶν
2863 3308 2953 3360 τὸν
2989 3310 3045 3361 ὲν
3072 3312 3182 3373 τοῖς
3204 3311 3470 3383 οὐρανοῖς.
3507 3309 3606 3362 Καὶ
3638 3309 3727 3361 διὰ
3756 3326 3880 3361 σω-

2294 3396 2565 3465 φροσύνης
2606 3398 2699 3448 καὶ
2724 3396 2814 3449 τοῦ
2849 3398 3227 3462 ἐπιϐάλλοντος
3285 3402 3395 3462 τοῖς
3448 3400 3542 3469 τὴν
3573 3396 3878 3451 εὐσέϐειαν

2295 3488 2783 3558 ἐπαγγελλομένοις
2809 3490 3082 3560 άγιασμοῦ
3111 3490 3327 3553 δοξάσαι
3354 3490 3568 3542 δυνατόν
3604 3492 3717 3540 ἐστι
3768 3490 3878 3542 τὸν

2293 3577 2421 3632 Θεὸν
2458 3578 2597 3633 κατὰ
2639 3580 2736 3650 τὴν
2783 3580 2874 3633 τοῦ
2923 3582 3136 3635 Παύλου
3188 3582 3526 3653 παραίνεσιν,
3569 3580 3834 3645 λέγοντος
3860 3598 3873 3611 ·

2291 3669 2593 3732 Δοξάσατε
2617 3669 2692 3735 δὴ
2719 3669 2823 3723 τὸν
2846 3672 2996 3726 Θεὸν
3021 3674 3089 3726 ὲν
3113 3673 3236 3738 τοῖς
3266 3673 3515 3742 μέλεσιν
3534 3667 3692 3738 ὑμῶν
3715 3668 3874 3740 (80).

2292 3762 2505 3834 Ταύτην
2532 3764 2624 3828 καὶ
2646 3764 2863 3816 ἀπαιτεῖ
2895 3763 3046 3834 παρὰ
3067 3765 3173 3818 τῶν
3202 3751 3281 3827 είς
3310 3765 3469 3817 αὑτὸν
3496 3761 3875 3814 πιστευόντων

2293 3856 2385 3907 καὶ
2434 3855 2510 3925 τῷ
2564 3856 2860 3926 χαρίσματι
2906 3860 3005 3926 τῆς
3043 3856 3310 3919 υἱοθεσίας
3350 3855 3717 3927 τετιμημένων
3754 3855 3876 3924 τὴν

2291 3944 2445 4009 δόξαν
2482 3948 2509 3996 ὁ
2543 3945 2764 4017 Κύριος.
2810 3946 2938 4010 Υἱὸς
2963 3945 3092 4014 γὰρ,
3129 3944 3309 4012 φησὶν,
3340 3944 3560 4008 δοξάζει
3587 3941 3823 4009 πατέρα
3853 3960 3869 3973 ⁸

2292 4042 2403 4106 καὶ,
2434 4042 2498 4093 El
2535 4040 2727 4108 πατήρ
2762 4044 2877 4108 εἰμι
2909 4039 3041 4106 ἐγὼ,
3082 4039 3199 4092 ποῦ
3240 4038 3411 4091 ἔστιν
3439 4040 3476 4102 ὴ
3518 4039 3661 4102 δόξα
3690 4056 3872 4108 you;

2293 4132 2465 4202 Τιμὴν
2496 4133 2551 4183 δὲ
2578 4133 2732 4200 φέρει
2759 4130 2833 4200 τῷ
2862 4128 2980 4199 Θεῷ
2999 4131 3026 4181 ό
3058 4130 3197 4182 κατὰ
3226 4130 3323 4199 τὴν
3358 4130 3651 4198 Παροιμίαν
3676 4131 3871 4199 τιμῶν

2293 4223 2379 4275 τὸν
2401 4224 2531 4275 Θεὸν
2558 4224 2662 4274 ἀπὸ
2692 4222 2798 4274 τῶν
2833 4223 3053 4274 δικαίων
3080 4222 3271 4274 ἑαυτοῦ
3302 4222 3499 4282 πόνων,
3541 4222 3631 4273 καὶ
3669 4222 3871 4289 ἀπαρ-

2292 4314 2515 4386 χόμενος
2562 4314 2707 4384 αὐτῷ
2740 4313 2845 4366 ἀπὸ
2892 4314 3113 4386 καρπῶν
3141 4313 3303 4367 αὑτοῦ
3338 4311 3693 4381 δικαιοσύνης.
3744 4309 3871 4365 Καὶ

2293 4410 2399 4471 πᾶς
2421 4408 2478 4460 δὲ
2508 4410 2534 4459 ὁ
2559 4406 2997 4476 ὲπιτεταγμένως
3026 4407 3135 4476 (81)
3180 4405 3444 4474 θεολογῶν
3462 4445 3476 4468 ,
3509 4404 3582 4467 ὡς
3609 4403 3682 4473 μὴ
3708 4404 3868 4456 ἀπο-ι

2293 4501 2509 4554 πίπτειν
2547 4499 2645 4569 τῆς
2679 4496 2843 4567 ὀρθῆς
2885 4500 3009 4570 περὶ
3054 4498 3263 4568 Πατρὸς
3303 4498 3530 4561 ἐννοίας,
3578 4496 3671 4549 καὶ
3718 4497 3869 4567 περὶ

2340 4684 2383 4714 ⁸⁹
2416 4683 2645 4737 Malach.
2679 4684 2737 4744 ti,
2764 4680 2816 4734 6.
2891 4683 2935 4713 ³ο
2970 4679 3101 4735 ibid.
3177 4680 3219 4709 ⁸¹
3248 4678 3405 4733 Prov.
3439 4695 3519 4746 ιιι,
3544 4680 3595 4734 9.

693 4840 1014 4914 (74)‘_‘E<li_tio
1043 4838 1207 4914 Paris.
1241 4838 1325 4890 ἵνα
1361 4838 1472 4914 υίὸν
1495 4837 1652 4914 αὐτὸν
1680 4839 1983 4914 προσφέρῃ.
2018 4840 2188 4914 ΕιΙίιὶο

2362 4840 2474 4912 (77)
2505 4837 2747 4893 Nonnulli
2800 4856 2927 4914 mss.
2958 4838 3129 4893 ἄλλων
3149 4837 3505 4914 Ρτομλοιπῶν.
3536 4836 3649 4914 Mox
3708 4836 3861 4914 Beg.

616 4926 748 4965 vero
786 4908 963 4965 ’Bas‘d.
1005 4922 1058 4963 et
1085 4912 1189 4962 duo
1225 4925 1349 4982 mss.
1386 4909 1482 4982 i'va_
1516 4908 1628 4982 υἱὸν
1678 4908 1991 4982 προσφέρῄ.
2052 4912 2183 4979 Meg.

620 4985 887 5051 settnndus
908 4982 1220 5033 emendatus
1250 4979 1335 5031 ἵνα
1376 4980 1529 5051 κριὸν
1563 4979 1745 5049 αὑτῷζ
1782 4982 1863 5033 Ad
1904 4979 2181 5035 Abraham

622 5053 831 5103 videtur
864 5050 1091 5103 Basilius
1131 5054 1417 5117 respicere.
1450 5052 1562 5104 Hoc
1584 5053 1745 5119 igitur
1784 5054 1961 5104 dicere
1993 5063 2184 5120 putan-

621 5127 719 5173 dus
750 5133 854 5185 est,
894 5139 995 5174 non
1023 5120 1126 5185 iam
1156 5136 1290 5188 Opus
1318 5135 1455 5185 esse,
1486 5132 1541 5173 ut
1569 5122 1690 5190 quis
1718 5122 1963 5186 exemplo
2003 5122 2180 5176 Abra-

623 5194 701 5244 lta:
735 5192 897 5244 lilium
933 5192 1123 5245 oilerat
1161 5209 1172 5243 :
1205 5194 1298 5245 sed
1336 5194 1467 5244 satis
1522 5209 1660 5257 esse,
1711 5193 1753 5245 si
1804 5191 1896 5243 (illi
1948 5203 2177 5247 arietum

616 5264 928 5315 oil'erantur.

692 5332 801 5399 (75)
835 5332 927 5385 llic
958 5336 1166 5383 variant
1197 5340 1406 5384 veteres
1438 5342 1545 5383 tum
1578 5332 1787 5385 calamo
1834 5330 2020 5390 notati,
2058 5341 2167 5384 tum

622 5405 759 5471 typis
792 5404 1040 5469 descripti
1099 5402 1237 5471 libri.
1287 5401 1460 5455 Editio
1514 5401 1685 5456 Paris.
1745 5399 2172 5471 μεταϐάλλωσιν.

623 5470 795 5525 laetitia
822 5474 981 5526 Basd.
1014 5488 1133 5526 eum
1168 5470 1374 5542 duobus
1423 5487 1548 5527 mss.
1595 5470 1989 5542 μεταϐάλωσιν.
2044 5472 2174 5539 lieg.

615 5555 841 5609 quartus
898 5540 1322 5613 μεταϐληθῶσιν.
1385 5544 1533 5611 liein
1585 5540 1854 5596 Secundus
1900 5553 1955 5594 et
1996 5556 2179 5597 sextus

618 5626 738 5663 cum
772 5614 922 5691 (_lo|n.
964 5627 1157 5683 quarto
1204 5614 1637 5680 μεταϐάλωνται,
1679 5624 1733 5669 et
1782 5616 1855 5667 ita
1910 5614 2176 5667 edendum

616 5697 942 5736 curavtmus.

690 5753 799 5818 (76)
827 5753 913 5805 Sic
941 5767 1063 5809 octo
1101 5772 1229 5811 mss.
1262 5756 1398 5810 Editi
1438 5770 1563 5809 vero
1602 5770 1718 5809 tum
1757 5752 1908 5809 Colb.
1950 5754 2176 5822 septimo

618 5824 1045 5894 καθηγούμενος.

2292 4903 2557 4981 secundus
2584 4910 3109 4981 μεταμορφούμενοι.
3145 4909 3381 4963 Subinde
3410 4924 3506 4961 vox
3560 4903 3649 4959 οὖν
3696 4903 3864 4962 deeSt

2288 4980 2340 5033 in
2378 4983 2646 5049 plerisque
2672 4997 2799 5034 mss.

2358 5047 2469 5120 (‘78)
2507 5051 2678 5103 Editio
2710 5064 2935 5120 utraque
2976 5066 3095 5103 cum
3132 5047 3483 5118 interroganti
3528 5057 3671 5111 nota,
3717 5049 3859 5117 mp1

2283 5122 2479 5187 τίνων;
2514 5122 2605 5175 sed
2638 5122 2895 5190 ejusmodi
2930 5133 3052 5177 nota
3096 5122 3146 5174 in
3180 5121 3361 5174 multis
3391 5134 3521 5173 mss.
3553 5133 3653 5171 nan
3699 5134 3864 5186 repe-

2285 5204 2439 5245 l'llltl'.

2354 5263 2462 5333 (79)
2494 5262 2716 5317 Codices
2758 5274 2879 5317 octo
2921 5264 3180 5335 φέρομεν.
3232 5261 3369 5335 Editi
3416 5272 3542 5335 vero
3581 5272 3704 5335 cum
3742 5274 3860 5310 uno

2283 5329 2373 5385 aut
2407 5329 2576 5385 altero
2614 5350 2737 5387 mss.
2787 5329 3185 5405 προσζοέρομεν.
3235 5332 3351 5384 Mox
3416 5329 3705 5383 Colbertiui
3764 5346 3861 5380 se-

2283 5404 3249 5477 υυιιέΙιιε-ςειιιιιιιιιιιδίῶστεςεὶδότας.
3305 5470 3316 5477 _
3399 5468 3479 5477 Α.
3562 5472 3573 5477 _
3683 5465 3709 5477 _
3796 5465 3807 5477 _

2354 5473 2465 5541 (δυ)
2496 5468 2694 5530 Tettius
2722 5494 2845 5531 sane
2875 5476 3144 5541 Δοξάσατε
3177 5475 3238 5528 δὴ
3270 5470 3362 5524 τὸν
3393 5468 3524 5523 Θεὸν
3559 5472 3615 5523 ὲν
3642 5468 3721 5536 τῷ
3746 5468 3859 5518 σῶς

2287 5554 2415 5609 ματι
2441 5542 2612 5613 ὑμῶν.

2356 5607 2585 5687 (ΜΠιὲ
2616 5614 2742 5687 RPg.
2790 5628 3015 5685 quartus
3068 5626 3121 5669 et
3171 5614 3328 5687 Coll).
3367 5621 3550 5666 sextus
3572 5623 3713 5687 _cmn
3751 5607 3858 5659 Ca.

2288 5680 2405 5780 teujt
2450 5680 2720 5740 Corderii:
2742 5680 2960 5741 At’editi
2992 5702 3110 5741 trum
3153 5683 3363 5740 caeteris
3410 5698 3538 5737 mss.
3569 5680 3858 5731 ὲπιτετεθδ

2284 5767 2517 5822 γμενως.
