4098 6324
199 383 313 414 ΘΟἾ

208 419 252 435 ἀ*
265 417 293 434 Ιο

298 385 316 438 ἲ
1299 381 1584 436 HOMILIA
1625 380 1695 436 IN
1733 380 2067 436 PSALMUM
2107 380 2345 436 XXVI".

3357 386 3462 440 283

203 494 312 562 τῆς
333 492 427 546 τοῦ
452 492 787 561 Μονογενοῦς
813 493 1083 563 θεότητος,
1115 491 1206 545 καὶ
1235 493 1364 563 περὶ
1389 494 1487 562 τῆς
1512 492 1606 546 τοῦ
1633 495 1786 561 ἁγίου

1893 495 2018 549 dere
2047 505 2221 564 potest
2254 510 2356 562 qua
2393 504 2570 548 creata
2616 497 2722 549 sint
2769 497 2971 562 omnia,
3004 511 3217 565 quaque
3244 511 3462 552 conser-

207 584 530 655 Πνεύματος
570 585 746 655 δόξης,
793 579 946 648 οὗτος
981 585 1134 654 φέρει
1171 583 1248 653 τῷ
1286 584 1476 655 Κυρίῳ
1507 585 1667 647 δόξαν
1693 587 1788 638 καὶ

207 678 404 745 τιμήν.
439 674 726 728 Ἐπιτείνει
763 675 818 728 δὲ
855 675 950 743 τὴν
987 673 1142 740 δόξαν
1168 676 1196 726 6
1225 674 1518 745 δυνάμενος
1539 678 1664 738 τοὺς
1697 675 1788 728 λό-

207 788 345 839 γους
371 771 678 824 ἀποδιδόναι
711 770 829 823 καθ’
851 769 942 832 οὓς
971 770 1215 822 ἔκτισται
1249 768 1318 820 τά
1352 769 1660 840 σύμπαντα,
1696 770 1790 822 καὶ

209 864 341 916 καθ’
370 863 464 926 οὓς
494 866 897 935 συγκρατεῖται,
926 863 1024 931 τῆς
1046 862 1136 914 ἀπ’
1164 861 1326 915 αὐτοῦ
1355 861 1606 933 προνοίας
1627 861 1788 934 μέχρι

209 952 325 1005 τῶν
348 953 685 1024 μικροτάτων
709 952 1103 1022 διικνουμένης,
1135 952 1228 1004 καὶ
1255 951 1376 1004 καθ’
1404 949 1495 1014 οὓς
1523 951 1659 1021 μετὰ
1689 953 1789 1022 τὴν

208 1041 319 1100 ὧδε
351 1047 659 1116 οἰκονομίαν
707 1044 809 1098 ὑπὸ
840 1045 939 1115 τὴν
977 1045 1158 1116 κρίσιν
1189 1044 1507 1114 ἀχθήσεται.
1558 1043 1620 1097 Ὀ
1660 1062 1791 1116 τρα-

208 1142 327 1202 νοῖς
353 1139 447 1192 καὶ
471 1137 794 1208 ἀσυγχύτοις
824 1137 1101 1206 λογισμοῖς
1139 1136 1300 1198 αὑτός
1328 1153 1386 1188 τε
1417 1135 1693 1205 θεωρῆσαι
1723 1135 1792 1189 τὰ

209 1231 342 1285 καθ’
371 1232 597 1284 ἕκαστον
630 1229 901 1299 δυνηθεὶς,
930 1230 1023 1283 καὶ
1069 1227 1206 1298 μετά
1237 1229 1299 1280 τὸ
1328 1228 1490 1291 αὐτὸς
1519 1228 1791 1300 τεθεωρη-

210 1321 394 1382 κέναι,
424 1320 714 1390 δυνάμενος
747 1320 840 1372 καὶ
871 1319 1074 1388 ἑτέροις
1102 1318 1169 1370 τά
1214 1319 1342 1389 περὶ
1390 1318 1488 1388 τῆς
1524 1317 1791 1388 ἀγαθότη-

207 1431 309 1476 τος
354 1413 449 1465 τοῦ
494 1411 625 1464 Θεοῦ
663 1413 758 1465 καὶ
801 1411 898 1480 τῆς
943 1408 1154 1472 δικαίας
1193 1409 1427 1480 κρίσεως
1478 1409 1589 1480 (82)
1626 1407 1790 1462 αὑτοῦ

209 1508 583 1580 παραστῆσαι,
617 1501 768 1568 οὗτός
801 1507 943 1557 ἔστιν
989 1504 1015 1554 6
1049 1503 1228 1573 φέρων
1278 1502 1354 1572 τῷ
1411 1503 1598 1574 Κυρίῳ
1634 1502 1790 1568 δόξαν

209 1601 312 1653 καὶ
351 1598 531 1668 τιμὴν,
568 1598 658 1650 καὶ
700 1599 726 1648 ό
769 1594 844 1664 τῷ
884 1593 1179 1665 ἀρμόζοντι
1225 1595 1289 1664 τῇ
1327 1592 1553 1666 τοιαύτῃ
1586 1592 1790 1663 θεωρία

208 1687 550 1759 κεχρημένος
597 1687 713 1758 βίῳ.
744 1685 847 1737 Τοῦ
879 1685 986 1754 γὰρ
1036 1684 1275 1736 τοιούτου
1322 1683 1527 1753 λάμπει
1573 1683 1635 1735 τὸ
1677 1681 1790 1752 φῶς

208 1778 522 1849 ἔμπροσθεν
549 1779 654 1830 τῶν
687 1774 1007 1847 ἀνθρώπων,
1049 1777 1141 1829 καὶ
1184 1775 1326 1845 λόγῳ
1358 1777 1450 1828 καὶ
1503 1776 1648 1847 ἔργῳ
1699 1777 1790 1828 καὶ

1890 599 2101 651 rentur,
2135 586 2474 656 providentia
2505 586 2670 655 ipsius
2698 588 2761 638 ad
2802 587 3019 641 minima
3057 603 3224 657 usque
3257 589 3462 658 pertin-

1889 688 2067 746 gente,
2100 689 2154 730 et
2195 693 2298 747 qua
2343 685 2462 745 post
2511 679 2889 745 temporariam
2936 679 3457 734 administrationem

1892 769 1945 823 in
1991 770 2250 840 judicium
2300 769 2655 823 adducantur.
2697 769 2797 836 Qui
2847 769 3008 824 claris
3060 771 3461 842 inconfusisque

1890 862 2308 931 cogitationibus
2358 870 2535 930 potest
2578 869 2633 915 et
2680 861 2788 929 ipse
2831 863 3036 930 singula
3082 863 3367 932 speculari,
3403 874 3458 918 et

1889 965 2240 1021 posteaquam
2284 953 2397 1021 ipse
2447 933 2755 1020 speculatus
2798 953 2977 1016 fuerit,
3011 957 3176 1008 etiam
3212 957 3332 1009 aliis
3367 972 3458 1009 ar-

1889 1059 2020 1097 cana
2060 1045 2313 1098 bonitatis
2343 1045 2434 1098 Dei
2467 1059 2530 1097 ac
2556 1044 2686 1110 justi
2728 1046 2913 1111 judicii
2959 1047 3124 1112 ipsius
3157 1047 3459 1114 patefacere

1890 1145 2086 1203 potest,
2125 1135 2209 1189 hic
2251 1135 2339 1188 ille
2379 1145 2482 1201 est,
2525 1138 2612 1203 qui
2668 1137 2891 1192 Domino
2936 1137 3088 1190 aﬂert
3134 1138 3356 1206 gloriam
3403 1147 3461 1191 et

1891 1227 2168 1289 honorem,
2203 1226 2457 1295 itemque.
2492 1227 2580 1295 qui
2632 1238 2991 1297 congruenter
3024 1228 3284 1298 ejusmodi
3323 1241 3459 1281 con-

1895 1319 2218 1387 templationi
2254 1319 2404 1371 vivit.
2440 1319 2569 1372 Nam
2610 1321 2710 1374 viri
2757 1321 3017 1386 ejusmodi
3064 1321 3151 1373 lux
3204 1318 3461 1374 elucescit

1891 1426 2070 1464 coram
2109 1411 2430 1477 hominibus,
2467 1413 2732 1481 siquidem
2769 1412 2931 1467 Pater
2957 1414 3046 1482 qui
3088 1414 3138 1465 iu
3167 1412 3322 1466 cmlis
3353 1423 3456 1477 est.

1891 1513 1943 1556 et
1976 1504 2138 1556 verbo
2181 1515 2234 1556 et
2274 1519 2459 1572 opere,
2493 1516 2546 1557 et
2589 1521 2684 1574 pr..-
2731 1506 2981 1574 pra'clara
3030 1507 3204 1559 omnis
3246 1506 3460 1577 generis

1895 1595 2131 1650 facinora
2185 1597 2536 1666 gloriﬁcatur.
2578 1599 2691 1652 Non
2741 1609 2918 1654 autem
2970 1601 3194 1654 Domino
3237 1601 3460 1666 gloriam

1891 1702 1944 1744 et
1989 1694 2247 1744 honorem
2303 1692 2477 1755 aﬂ'ert,
2517 1698 2602 1760 ιιιιι
2653 1693 2930 1761 impotenti
2988 1694 3232 1746 [minante
3276 1693 3462 1763 gloriae

1893 1783 2162 1836 desiderio
2206 1781 2438 1851 ﬂagrat;
2474 1797 2579 1836 non
2625 1783 2714 1851 qui
2757 1791 3034 1850 argentum
3071 1784 3228 1837 habet
3261 1783 3310 1835 iu
3342 1797 3462 1851 pre-

206 1870 300 1924 διὰ
349 1869 698 1924 παντοδαπῶν
745 1869 1252 1940 ἀνδραγαθημάτων
1291 1867 1647 1938 δοξαζομένου
1695 1867 1788 1920 τοῦ

1896 1877 1998 1936 tio;
2038 1890 2140 1927 non
2185 1875 2275 1944 qui
2320 1878 2565 1942 corporis
2601 1856 2906 1945 voluptates
2945 1875 3156 1946 plurimi
3191 1875 3337 1939 facit,
3370 1891 3435 1928 ιιε

207 1963 270 2012 ὲν
295 1962 544 2032 οὐρανοῖς
571 1959 801 2030 Πατρός.
832 1960 904 2012 Οὐ
936 1959 1087 2031 φέρει
1116 1959 1170 2011 δὲ
1199 1958 1276 2029 τῷ
1300 1959 1486 2031 Κυρίῳ
1519 1959 1674 2025 δόξαν
1698 1960 1791 2012 καὶ

205 2073 261 2107 τι
271 2056 378 2126 μὴν
407 2058 434 2108 6
459 2054 584 2123 περὶ
609 2052 706 2124 τὴν
731 2052 1073 2124 ἀνθρωπίνην
1103 2051 1433 2122 ἐπτοημένος
1457 2050 1609 2116 δόξαν
1629 2069 1641 2080 ·
1671 2052 1789 2104 οὐδὲ

207 2149 237 2198 6
267 2146 441 2217 τιμῶν
473 2144 731 2216 ἀργύριον
752 2161 764 2174 ’
789 2145 909 2197 οὐδὲ
938 2147 964 2197 6
991 2145 1086 2207 τάς
1136 2143 1328 2214 ἡδονὰς
1356 2143 1528 2213 τιμῶν
1561 2143 1654 2196 τοῦ
1689 2142 1791 2196 σώ-

211 2254 387 2307 ματος
406 2253 418 2266 ο
449 2235 570 2288 οὐδὲ
600 2238 627 2289 6
657 2234 950 2307 θαυμάζων
985 2236 1050 2290 τὰ
1086 2234 1340 2306 ἀλλότρια
1361 2237 1458 2306 τῆς
1482 2234 1788 2296 θεοσεϐείας

205 2329 480 2400 δόγματα.
516 2328 724 2399 ’Ὠσπερ
762 2328 868 2400 γὰρ
913 2327 1003 2380 διά
1029 2327 1136 2380 τῶν
1170 2326 1390 2395 ἀγαθῶν
1424 2327 1600 2398 ἔργων
1632 2325 1788 2390 δόξαν

209 2424 457 2496 φέρομεν
488 2422 564 2493 τῷ
591 2422 800 2494 Κυρίῳ,
831 2423 974 2476 οὕτω
1001 2423 1088 2477 διὰ
1113 2423 1220 2476 τῶν
1250 2422 1502 2495 πονηρῶν
1526 2421 1700 2495 ἔργων
1731 2423 1791 2475 τὸ

212 2517 478 2571 ἐναντίον.
521 2517 644 2579 Τοῖς
679 2515 787 2589 γὰρ
825 2517 1199 2589 ἁμαρτάνουσι
1246 2517 1298 2570 τί
1343 2517 1453 2588 (83)
1490 2516 1673 2584 λέγει;
1720 2513 1790 2569 Τὸ

212 2611 406 2680 ὄνομά
436 2627 554 2678 μου
580 2607 652 2661 δι’
681 2609 837 2678 ὑμᾶς
863 2610 1312 2679 ,βλασφημεῖται
1332 2610 1400 2663 ἐν
1427 2609 1548 2676 τοῖς
1563 2609 1786 2664 ἔθνεσι.

213 2703 329 2755 Καὶ
354 2701 511 2754 πάλιν
535 2703 562 2754 6
608 2701 946 2764 Ἀπόστολος⁸
981 2701 1083 2755 Διά
1117 2701 1224 2769 τῆς
1266 2701 1654 2769 παραϐάσεως
1687 2700 1790 2754 τοῦ

211 2799 406 2865 νόμου
435 2795 541 2846 τιῖνν
568 2793 716 2847 Θεὸν
741 2793 1053 2862 ἀτιμάζεις.
1083 2794 1277 2866 Ὕϐρις
1313 2793 1420 2865 γάρ
1456 2796 1570 2847 ἔστι
1600 2793 1677 2863 τῷ
1706 2810 1792 2846 νο-

217 2887 422 2960 μοθέτῃ
439 2888 471 2958 ἡ
489 2887 597 2940 τῶν
609 2886 787 2958 νόμων
815 2886 1084 2958 ὑπεροψία
1104 2888 1194 2940 καὶ
1225 2886 1649 2957 καταφρόνησις.
1681 2887 1791 2940 Καὶ

214 2979 396 3043 οἰκίας
444 2979 627 3044 κακῶς
669 2979 995 3050 οἰκουμένης
1047 2981 1104 3030 ὲν
1227 2975 1393 3046 θυμὸς
1428 2976 1521 3029 καὶ
1552 2977 1787 3046 κραυγὴ.

215 3072 379 3145 ὕϐρις
406 3075 499 3127 καὶ
530 3074 722 3142 γέλως,
749 3071 926 3143 τρυιρὴ
969 3071 1060 3123 καὶ
1099 3069 1325 3132 ἀσωτία,
1360 3068 1670 3140 ἀκαθαρσία
1699 3071 1791 3122 καὶ

214 3165 496 3232 ἀσέλγεια,
521 3164 612 3217 ἐπὶ
645 3162 736 3216 τὸν
764 3160 1069 3231 κρατοῦντα
1108 3161 1278 3231 αὐτῆς
1322 3163 1355 3232 ἡ
1393 3161 1585 3231 ἀτιμία
1632 3161 1726 3213 καὶ
1755 3162 1785 3230 η

214 3221 448 3324 αῖσχῦνη
485 3221 604 3306 ’τῶν
653 3221 950 3322 γινομένων
1014 3221 1307 3305 ἐπάνεισιν.
1345 3221 1686 3304 ”Λκόλουθον
1727 3221 1785 3304 δέ
1815 3221 1857 3279 c

212 3353 355 3402 νοεῖν
380 3349 544 3417 ἡμᾶς,
583 3347 687 3407 ὅτι.
720 3345 907 3418 ὥσπερ
937 3348 994 3398 ὲν
1019 3350 1130 3410 τοῖς
1157 3347 1381 3415 ἀγαθοῖς
1416 3346 1595 3416 ἔργοις
1629 3345 1783 3411 δοξά-

213 3441 373 3506 ζεται
404 3443 431 3494 6
474 3439 640 3505 Θεὸς,
682 3439 852 3504 οὕτως
903 3441 959 3493 ὲν
1008 3442 1121 3504 τοῖς
1169 3441 1424 3510 πονηροῖς
1450 3437 1726 3503 δοξάζεται
1759 3441 1788 3492 6

212 3535 428 3607 ἐχθρός.
480 3536 648 3590 Ὅταν
692 3537 821 3608 γὰρ,
872 3535 1008 3608 ἄρας
1054 3534 1121 3590 τὰ
1180 3534 1315 3606 μέλη
1369 3532 1463 3588 τοῦ
1518 3533 1785 3607 Χριστοῦ,

212 3632 428 3700 ποιήσω
489 3629 624 3699 μέλη
668 3629 901 3700 πόρνης,
969 3633 1279 3700 μετήνεγκα
1326 3629 1424 3698 τὴν
1483 3627 1641 3694 δόξαν
1697 3628 1789 3679 ἐπὶ

211 3722 306 3773 τὸν
338 3719 639 3772 ἀπολλύντα
669 3737 737 3789 με
767 3721 872 3772 ἀπὸ
907 3720 998 3773 τοῦ
1049 3720 1309 3786 σώζοντός
1345 3739 1433 3791 με.
1465 3723 1571 3774 Καὶ
1599 3724 1627 3774 6
1660 3721 1788 3775 ἀπι-

215 3829 341 3871 ato;
363 3810 718 3882 μεταλλάσσει
744 3813 842 3882 τὴν
865 3813 1020 3877 δόξαν
1036 3813 1128 3866 τοῦ
1163 3814 1442 3886 ἀφθάρτου
1468 3814 1601 3866 Θεοῦ
1627 3815 1682 3865 ὲν
1713 3813 1788 3864 εί-

214 3905 335 3958 κόνι
365 3902 602 3976 φθαρτοῦ
624 3902 931 3975 ἀνθρώπου,
961 3905 1054 3957 καὶ
1081 3906 1364 3968 πετεινῶν,
1400 3907 1492 3958 καί
1524 3904 1788 3976 τετραπό-

213 3995 323 4050 δων
359 3997 451 4050 καὶ
477 3996 722 4068 ἑρπετῶν
743 3997 850 4050 τῶν
877 3999 969 4050 ἐπὶ
1004 3998 1102 4067 τῆς
1135 3997 1258 4067 γῆς.
1291 3998 1400 4050 Καὶ
1439 4000 1467 4050 6
1502 3997 1790 4066 σεϐόμενος

215 4090 359 4142 καὶὸ
390 4089 665 4160 λατρεύων
693 4094 758 4162 τῇ
781 4091 952 4145 κτίσει
983 4093 1132 4162 παρά
1155 4091 1245 4145 τὸν
1278 4093 1535 4145 κτίσαντα
1559 4090 1692 4163 (84),
1729 4091 1787 4144 οὐ

212 4178 296 4251 τῷ
331 4179 449 4250 Θεῷ
485 4181 638 4252 φέρει
677 4183 854 4246 δόξαν,
899 4181 1034 4235 ἀλλά
1065 4186 1179 4248 τοῖς
1223 4185 1536 4254 κτίσμασιν.
1580 4186 1739 4238 ’Ὥστε
1763 4186 1790 4236 6

217 4274 426 4345 κτίσμα
445 4273 616 4343 λέγων
646 4291 720 4339 τι,
742 4269 857 4327 εἶτα
897 4275 1233 4346 προσκυνῶν,
1265 4274 1574 4347 γνωριζέτω
1597 4277 1790 4330 ἑαυτοῦ

213 4368 318 4440 τὴν
355 4367 542 4439 μερίδα
586 4366 701 4438 μεθ’
729 4361 797 4439 ἦς
847 4368 1148 4433 τετάξεται.
1187 4368 1515 4438 Φοϐηθῶμεν
1553 4366 1646 4423 οῦν
1694 4371 1788 4440 μὴ,

215 4460 375 4527 δόξαν
415 4462 508 4513 καὶ
537 4461 796 4532 καύχημα
836 4460 921 4513 διὰ
956 4460 1054 4530 τῆς
1087 4460 1356 4531 ἁμαρτίας
1389 4461 1544 4532 ἡμῶν
1571 4461 1647 4532 τῷ
1676 4461 1790 4514 δια-

1893 1981 1998 2035 (ιιιε
2023 1967 2111 2034 qui
2145 1965 2318 2019 aliena
2354 1984 2380 2018 a
2415 1969 2616 2037 pietate
2642 1969 2890 2035 dogmata
2923 1969 3240 2023 admiratur.
3268 1967 3464 2034 Queru-

1893 2060 2177 2113 admodttm
2221 2061 2363 2112 enim
2413 2075 2507 2128 per
2555 2061 2694 2115 bona
2731 2076 2892 2130 opera
2934 2060 3158 2115 Domino
3190 2060 3464 2114 all'erimus

1892 2153 2116 2219 gloriam
2161 2153 2276 2207 :ita
2324 2169 2417 2219 per
2465 2153 2600 2207 mala
2644 2169 2806 2223 opera
2856 2156 3051 2209 accidit
3101 2154 3458 2209 contrarium.

1893 2244 2026 2306 Quid
2055 2246 2196 2298 enim
2241 2245 2372 2299 dicit
2411 2248 2795 2314 peccantibus?
2829 2249 3032 2302 Nomen
3065 2265 3232 2301 meum
3264 2265 3353 2317 per
3373 2266 3463 2305 vos

1893 2329 2284 2398 blasphematur
2325 2333 2466 2385 inter
2505 2347 2678 2401 gemes
2708 2338 2774 2389 ".
2808 2337 2868 2390 Et
2905 2353 3090 2393 rursus
3128 2339 3412 2407 Apostolus
3440 2359 3454 2372 ·

1896 2419 2000 2474 Per
2035 2424 2521 2489 pra'vuricationem
2555 2424 2682 2493 legis
2716 2427 2879 2480 Deum
2916 2430 3198 2482 inhonorus
3229 2431 3296 2483 ⁸⁸.
3330 2429 3463 2486 Nam

1891 2515 2164 2582 despectio
2208 2514 2382 2584 legum
2427 2525 2585 2585 atque
2634 2527 2970 2584 contemptus
3018 2521 3339 2574 contumelia
3383 2529 3466 2578 est

1894 2605 2207 2674 legislatori.
2239 2606 2544 2671 Quinetiam
2596 2609 2638 2661 si
2686 2610 2876 2664 domus
2929 2612 3066 2666 male
3111 2613 3462 2682 gubernatur.

1894 2697 1944 2750 in
1987 2713 2088 2766 qua
2135 2697 2377 2752 videlicet
2415 2708 2498 2752 est
2529 2699 2631 2761 ira.
2659 2700 2886 2766 clamor,
2921 2704 3266 2766 contumelia.
3305 2704 3466 2776 116

1895 2791 2054 2852 risus,
2089 2790 2266 2853 luxus,
2307 2791 2548 2854 lascivia,
2584 2792 2867 2861 impuritas
2913 2803 2963 2847 et
3017 2795 3333 2863 petulantia,
3369 2813 3464 2850 eo-

1893 2898 2009 2936 rum
2057 2897 2174 2949 quae
2220 2883 2351 2934 ﬁunt
2402 2884 2691 2952 ignominia
2736 2896 2790 2939 et
2833 2888 3108 2954 turpitudo
3139 2887 3189 2940 in
3219 2904 3339 2942 eum
3371 2889 3461 2957 qui

1892 2975 2108 3027 dommn
2184 2985 2453 3041 occupat,
2518 2975 2784 3029 recidunt.
2864 2976 3208 3045 Consequens
3282 2991 3463 3033 autem

1895 3071 2076 3135 fut-rit,
2127 3080 2184 3124 ut
2235 3070 2597 3138 intelligamus
2647 3086 2766 3132 "03',
2813 3072 2953 3139 quod
3011 3077 3460 3140 quemadmodum

1892 3181 1955 3218 ex
2007 3165 2161 3217 bonis
2213 3163 2461 3230 operibus
2517 3163 2814 3216 honoratur
2871 3162 3044 3229 Deus,
3095 3167 3168 3221 ita
3224 3183 3288 3220 ex
3343 3184 3462 3221 ma-

1890 3257 1955 3309 lis
2025 3256 2278 3310 inimicus
2363 3255 2678 3310 honoretur.
2737 3255 2869 3311 Cum
2947 3259 3131 3322 enim,
3208 3260 3464 3314 memliris

1888 3345 2088 3401 Christi
2163 3346 2397 3411 ablatis,
2470 3347 2648 3401 fecero
2723 3348 3025 3402 meretricis
3093 3351 3330 3404 membra
3383 3351 3462 3417 ",

1890 3440 2112 3509 gloriam
2170 3439 2238 3492 ab
2287 3454 2353 3492 eo
2405 3438 2496 3507 qui
2557 3453 2642 3491 me
2697 3448 2896 3499 servat,
2949 3440 3013 3491 ad
3070 3456 3191 3492 eum
3238 3442 3328 3510 qui
3381 3457 3466 3496 me

1890 3532 2104 3600 perdit,
2167 3530 2436 3582 transtuli.
2488 3528 2551 3581 Et
2615 3530 2706 3596 qui
2768 3530 2999 3584 inﬁdelis
3049 3543 3174 3594 est,
3237 3532 3462 3602 gloriam

1891 3621 2315 3692 incorruptibilis
2367 3622 2456 3675 Dei
2509 3622 2560 3675 in
2613 3621 2902 3690 imaginem
2954 3626 3322 3693 corruptibilis
3368 3627 3465 3680 ho-

1890 3715 2069 3778 minis,
2103 3725 2156 3769 et
2186 3715 2462 3769 volucrum
2486 3757 2498 3776 ,
2529 3723 2582 3767 et
2615 3716 3016 3783 quadrupedum
3045 3726 3101 3769 et
3134 3720 3460 3786 serpentium

1890 3809 1941 3860 in
1981 3816 2124 3861 terra
2151 3807 2455 3875 degentium
2485 3806 2901 3860 transmutat".
2936 3806 3001 3859 Et
3048 3807 3294 3875 quisquis
3336 3809 3468 3865 colit

1887 3913 1943 3960 et
1962 3915 2246 3956 veneratur
2266 3912 2591 3965 creaturam,
2616 3901 2890 3968 prarlerito
2917 3911 3185 3966 creatore,
3205 3917 3308 3953 non
3336 3903 3463 3969 Deo,

1891 3997 1983 4051 sed
2013 3993 2275 4049 creaturis
2316 3990 2470 4047 all'ert
2512 3993 2756 4063 gloriam.
2792 3992 2975 4058 Itaque
3025 3991 3114 4059 qui
3163 4002 3467 4049 creaturam

1891 4085 2089 4156 aliquid
2118 4101 2239 4140 esse
2269 4087 2364 4148 ait,
2400 4086 2591 4138 deinde
2626 4085 2835 4147 adorat,
2867 4083 2912 4137 is
2942 4092 3125 4137 noscat
3155 4098 3304 4137 suam
3345 4099 3468 4148 par-

1894 4194 2021 4244 tem.
2056 4197 2176 4235 cum
2203 4195 2305 4248 qua
2335 4178 2691 4232 ordinabitur.
2730 4177 3040 4232 Timeamus
3071 4179 3234 4249 igitur
3263 4194 3327 4231 ne
3349 4177 3468 4245 glo-

1894 4275 2026 4327 riam
2059 4283 2115 4325 et
2165 4270 2572 4324 exsultationem
2623 4270 2834 4323 diabolo
2870 4285 2963 4338 per
3002 4285 3240 4322 nostrum
3281 4284 3471 4338 pecca—

1895 4375 2005 4419 tum
2055 4363 2375 4428 afferentes,
2414 4381 2514 4416 nua
2568 4380 2688 4416 cum
2743 4364 2857 4432 ipso
2903 4362 3206 4430 ignominia:
3254 4372 3471 4417 mter-ua:

1894 4460 2228 4513 atldicamur.
2262 4455 2414 4524 Quod
2460 4458 2602 4509 enim
2646 4467 2918 4524 peccatum
2956 4464 3194 4506 nostrum
3250 4455 3302 4507 in
3359 4456 3470 4519 glo-

217 4552 360 4622 σόλῳ
391 4552 788 4626 προσφέροντες
816 4551 947 4620 (85).
977 4554 1093 4621 μετ’
1118 4553 1281 4613 αὑτοῦ
1304 4557 1366 4624 τῇ
1390 4554 1581 4625 diluvia
1605 4552 1791 4623 αἰσχύ-

1897 4552 2030 4605 riam
2057 4553 2215 4605 cedat
2248 4551 2381 4617 ejus,
2409 4550 2496 4618 qui
2528 4548 2664 4601 illius
2696 4549 2745 4598 in
2794 4548 2945 4600 nobis
2977 4559 3164 4600 auctor
3189 4558 3292 4612 est,
3323 4547 3371 4600 id
3405 4562 3473 4603 ex

215 4660 285 4717 νει
320 4642 729 4715 παραδοθῶμεν.
759 4644 882 4696 Ὀτι
915 4642 1023 4715 γάρ
1051 4645 1083 4714 ἡ
1118 4646 1359 4714 ἁμαρτία
1387 4644 1543 4716 ἡμῶν
1563 4645 1686 4709 δόξα
1716 4643 1794 4715 τῷ

216 4737 528 4807 ὲνεργοῦντι
559 4736 727 4809 αὐτὴν
767 4739 823 4792 ἐν
853 4739 982 4810 ἡμῖν
1010 4739 1237 4808 γίνεται,
1280 4737 1466 4808 νόησον
1501 4733 1566 4789 δι’
1594 4737 1799 4800 εἰκόνος

215 4830 280 4883 τὸ
312 4829 622 4900 λεγόμενον.
657 4831 761 4884 Δύο
785 4831 1104 4904 στρατηγῶν
1135 4829 1494 4885 ἀντεπιόντων
1525 4828 1796 4898 ἀλλήλοις,

216 4925 349 4976 ὅταν
396 4921 494 4992 μὲν
541 4922 697 4976 τοῦτο
728 4927 853 4996 νικᾷ
904 4925 964 4977 τὸ
1008 4925 1226 4995 τάγμα,
1263 4926 1290 4976 6
1323 4923 1798 4995 στρατοπεδάρχης

220 5011 389 5067 αὑτοῦ
436 5010 531 5082 τὴν
560 5012 714 5076 δόξαν
751 5015 1000 5084 φέρεται·
1032 5018 1157 5068 ὅταν
1203 5015 1258 5068 δὲ
1304 5013 1363 5066 τὸ
1412 5014 1649 5066 ἐναντίον
1679 5016 1799 5066 ἐπι-

220 5106 423 5176 κρατῇ,
455 5103 539 5157 ἐπ’
571 5104 776 5157 ἐκεῖνον
812 5106 1028 5176 πάλινή
1065 5104 1200 5176 τιμὴ
1238 5105 1583 5173 μεταπίπτει.
1614 5105 1796 5166 υῦτως

220 5196 282 5247 ἐν
317 5199 416 5264 μὲν
445 5196 558 5258 τοῖς
579 5192 799 5263 ἀγαθοῖς
844 5212 934 5246 σου
969 5198 1148 5267 ἔργοις
1178 5195 1379 5268 Κύριός
1415 5196 1559 5247 ἔστιν
1586 5198 1612 5248 6
1653 5193 1800 5258 δοξα·

295 5316 342 5347 "
375 5315 529 5371 Rom.
569 5333 631 5382 ιι,
666 5313 754 5372 24.
831 5314 878 5345 ⁸³
907 5313 1035 5367 ibid.
1066 5313 1155 5366 23.
1232 5313 1279 5344 "‘
1311 5310 1478 5367 ltlor.
1510 5325 1583 5372 vt,
1614 5310 1698 5363 15.

297 5434 414 5506 (82)
444 5434 801 5511 Reg._te_rtius
830 5450 937 5511 uno
969 5433 1132 5511 verbo
1165 5429 1582 5511 δικαιοκρισίας,
1627 5443 1683 5511 ιιι
1728 5433 1799 5511 ita

225 5499 425 5575 legitur
464 5499 601 5568 apud
644 5506 979 5574 Apostolum,
1042 5501 1196 5557 Rom.
1241 5521 1301 5567 ιι,
1358 5499 1410 5554 5.
1463 5499 1579 5555 Mox
1646 5503 1796 5556 Colb.

225 5576 765 5650 quartusoépwvaq)
791 5575 935 5650 Θεῷ.

298 5650 412 5716 (85)
451 5642 603 5703 Deest
628 5647 680 5700 τί
708 5642 756 5700 in
790 5642 918 5713 lteg.
947 5645 1203 5700 secundo.
1238 5644 1393 5700 Deest
1424 5660 1489 5712 με
1526 5643 1708 5716 itidem
1744 5642 1794 5716 ia

224 5713 416 5774 eodem
445 5736 544 5773 ms.
571 5730 690 5787 post
715 5717 995 5783 σώζοντος.
1026 5716 1146 5770 Mox
1176 5730 1306 5771 mss.
1339 5714 1623 5768 πετεινῶν.
1651 5713 1796 5768 EJiti

226 5806 356 5862 vero
374 5789 660 5862 πετηνῶν.

299 5861 413 5932 (86)
447 5855 620 5929 Quam
661 5859 914 5916 facillime
963 5857 1092 5914 mihi
1136 5856 1448 5929 persuaderi
1485 5857 1674 5928 possit,
1726 5855 1792 5911 il-

1899 4645 2254 4698 similitudine
2278 4643 2531 4710 intellige.
2557 4641 2936 4692 Adorientibus
2970 4655 3028 4693 Se
3058 4640 3286 4693 invicem
3319 4641 3469 4696 duci:

1900 4736 1996 4790 bus
2021 4735 2246 4798 duobus,
2266 4748 2384 4784 cum
2424 4732 2522 4784 huc
2550 4745 2737 4798 aguien
2767 4731 2952 4793 vincit,
2990 4732 3282 4799 imperator
3308 4729 3474 4794 ipsius

1901 4824 2065 4879 refert
2107 4823 2330 4890 gloriam
2371 4838 2384 4874 :
2434 4836 2554 4872 cum
2607 4835 2798 4887 agmen
2850 4823 3180 4872 contrarium
3230 4829 3473 4885 superat,

1907 4931 2092 4970 rursus
2132 4917 2304 4970 honor
2335 4916 2399 4969 ad
2439 4915 2580 4968 illius
2611 4919 2798 4968 ducem
2836 4912 3174 4966 transfertur.
3212 4909 3478 4964 Similiter

1907 5018 1961 5060 ιιι
1995 5007 2249 5059 Dominus
2294 5016 2374 5059 est
2410 5006 2499 5072 qui
2554 5006 2604 5058 in
2643 5004 2797 5058 bonis
2857 5003 2959 5054 luis
3022 4999 3276 5067 operibus
3306 5001 3477 5071 gloria:

1904 5098 2129 5154 allicitur
2170 5118 2183 5153 :
2211 5102 2282 5153 ita
2312 5100 2362 5153 in
2387 5099 2670 5153 contrariis
2705 5095 2952 5163 operibus
2980 5092 3249 5151 inimicus.
3287 5095 3353 5149 Et
3387 5108 3474 5156 ne,

1904 5204 2102 5259 quzcso,
2145 5189 2417 5243 existimes
2453 5190 2631 5242 hostes
2663 5186 2817 5255 longe
2846 5200 2873 5238 a
2907 5194 2955 5238 te
2982 5200 3101 5240 esse
3127 5184 3365 5250 dissitas,
3390 5198 3455 5237 ne

1777 5311 1822 5341 ⁵⁵
1856 5307 2012 5361 Rom.
2049 5322 2087 5373 I,
2117 5307 2207 5362 25.

1899 5427 2010 5490 Iud,
2043 5428 2194 5498 παρά
2220 5426 2309 5477 τὸν
2356 5423 2642 5498 κτίσαντα,
2684 5423 2913 5498 positth
2954 5421 3043 5498 hic
3078 5435 3197 5475 esse
3225 5435 3321 5490 pro
3359 5420 3480 5474 ἀντὶ

1897 5499 1991 5550 τοῦ
2016 5491 2320 5560 κτίσαντος,
2369 5491 2714 5562 arbitrorque
2770 5508 2798 5545 ε
2847 5491 3142 5561 δειὶιιιιιιάδ
3176 5508 3336 5546 sensu
3371 5506 3477 5544 non

1899 5572 2276 5622 aberraturum
2314 5567 2405 5637 qui
2443 5569 2520 5619 sic
2574 5568 3028 5637 interpretaretur
3065 5581 3078 5615 :
3125 5562 3380 5637 Quisquis.
3429 5569 3478 5612 et

1896 5641 2018 5693 colit
2044 5652 2090 5694 et
2130 5631 2403 5691 venerat-ur
2435 5647 2730 5689 creaturam
2785 5652 2878 5701 pro
2912 5633 3178 5693 Creatore,
3208 5647 3324 5694 seu,
3364 5631 3478 5684 loco

1895 5713 2180 5764 Creatoris.
2237 5712 2458 5764 Duc-.eus
2485 5721 2542 5760 ut
2571 5708 2726 5770 alias,
2766 5708 2834 5759 ita
2883 5708 2968 5760 hic
3013 5718 3225 5775 quoque
3275 5703 3475 5774 optima

1895 5784 2074 5836 docet.

1969 5851 2075 5923 (83)
2109 5849 2244 5921 Reg.
2280 5849 2470 5905 tertius
2492 5846 2768 5919 φέροντες.
