4068 6318
582 332 684 385 287

1913 315 1971 369 S.
2014 308 2257 367 BASlLll
2298 310 2509 366 MAGNI

3733 305 3845 358 288

588 460 648 498 ve
675 445 839 497 duces
875 441 1057 512 procul
1080 450 1260 508 specta
1299 453 1311 489 :
1351 437 1442 491 sed
1470 445 1522 488 te
1563 435 1677 503 ipse
1707 433 1929 501 inspice,
1960 442 2016 485 et
2041 447 2156 486 om-

2276 430 2478 500 ξάμενος
2499 469 2513 493 ,
2540 431 2595 481 ἐν
2621 429 2678 481 δέ
2703 431 2812 489 τοῖς
2837 427 3094 490 ἐναντίοις
3117 429 3145 478 ὁ
3174 427 3429 490 ἐναντίος.
3463 427 3570 480 Καὶ
3615 427 3701 496 μὴ
3737 443 3850 494 ετα-

585 552 706 590 nem
740 535 1112 589 similitudinis
1141 534 1420 586 veritatem
1450 528 1710 582 invenies.
1747 523 1876 578 Nam
1906 539 2026 577 cum
2063 537 2146 575 ra-

586 629 659 681 tio
678 642 798 681 cum
845 627 1140 695 cupiditate
1185 623 1414 677 luctatur
1463 621 1505 674 si
1537 634 1632 687 per
1671 616 2062 670 contentionem
2101 623 2156 667 et

585 717 938 771 attentionem
960 713 1248 780 vicerit,de
1275 711 1568 780 cupiditate
1590 707 1868 760 victoriam
1895 705 2076 766 refert,
2103 713 2156 757 et

588 809 755 862 Deum
788 823 887 878 per
906 823 965 862 se
993 807 1153 860 veluti
1178 815 1430 865 coronat;
1456 815 1576 854 cum
1611 813 1738 853 vero
1765 796 1998 853 emollita
2033 811 2153 849 suc-

587 901 813 964 cumbit,
838 898 1089 967 voluptati
1116 905 1458 966 peccatorum
1487 889 1674 946 eﬁ‘ecta
1706 905 1856 944 serva
1875 927 1890 952 ,
1920 888 2156 956 captiva-

588 1004 712 1058 que,
732 989 976 1058 gloriam,
1008 986 1460 1054 jactationemque
1495 989 1547 1037 et
1580 978 1842 1048 superbia:
1879 977 2159 1032 materiam

589 1080 897 1135 adversario
927 1079 1190 1149 congerit.

2261 524 2396 589 κράν
2421 539 2506 590 μοι
2531 520 2765 591 περινὸει
2794 520 2901 589 (86)
2935 521 3058 582 τοὺς
3090 518 3403 589 πολεμίους,
3447 519 3579 590 μηδὲ
3607 519 3850 587 πόρρω-

2261 613 2352 667 θεν
2388 614 2686 665 ἀποσκόπει
2723 613 2848 675 τοὺς
2882 612 3247 684 στρατηγούς’
3284 611 3415 665 ἀλλὰ
3448 612 3676 664 σεαυτὸν
3715 611 3848 662 ἐπί-

2258 706 2471 774 σκεψαι,
2507 707 2598 758 καὶ
2621 708 2797 759 πᾶσαν
2815 707 2911 775 τὴν
2939 704 3188 775 ἀλήθειαν
3211 707 3306 773 τῆς
3328 705 3524 766 εἰκόνος
3547 704 3841 772 εὑρήσεις.

2260 800 2427 852 Ὅταν
2459 799 2566 871 γὰρ
2591 798 2710 860 νοῦς
2755 797 2959 869 παλαίῃ
3001 796 3080 866 τῷ
3108 797 3264 849 πάθει
3285 836 3298 860 ,
3334 794 3426 846 ἐὰν
3455 795 3544 865 μὲν
3571 794 3634 846 δι’
3674 793 3845 844 εὐτο-

2258 891 2377 954 νίας
2429 893 2523 944 καὶ
2581 890 2900 962 προσεχείας
2958 889 3259 959 ἐπικρατῇ,
3296 887 3512 956 φέρεται
3559 885 3707 937 κατά
3738 881 3843 934 τοῦ

2262 980 2463 1042 πάθους
2507 979 2574 1032 τὰ
2624 980 2942 1048 νικητήρια,
2977 980 3070 1032 καὶ
3122 978 3282 1030 οἱονεὶ
3317 978 3559 1045 στεφανοῖ
3596 976 3666 1028 δι’
3706 977 3846 1026 ἐαυ-

2261 1071 2351 1124 τοῦ
2379 1071 2468 1124 τὸν
2503 1070 2653 1124 Θεόν.
2685 1071 2850 1122 Ὅταν
2878 1069 2932 1121 δὲ
2965 1068 3454 1140 καταμαλακισθε“ι;
3477 1066 3744 1137 ὑποκύψῦ
3771 1068 3841 1134 τῇ

589 1173 746 1242 ἡδονῇ
773 1211 787 1235 ,
838 1170 1022 1233 δοῦλος
1058 1169 1153 1222 καί
1203 1165 1539 1237 αίχμάλωτος
1583 1165 1705 1226 ταῖς
1744 1161 2038 1233 ἁμαρτίαις
2074 1161 2388 1232 γενόμενος,
2431 1164 2693 1233 καύχημα
2725 1163 2816 1216 καὶ
2856 1162 3079 1231 ἔπαρσιν
3116 1164 3206 1216 καὶ
3249 1161 3610 1231 ὑπερηφανίας
3645 1174 3852 1229 προσ-

588 1269 766 1340 τίθησι
791 1267 869 1337 τῷ
895 1265 1091 1336 ἐχθρῷ.

660 1364 714 1417 '5.
751 1361 977 1414 Adorate
1011 1359 1284 1412 Dominum
1316 1357 1371 1409 in
1406 1355 1527 1408 aula
1558 1364 1738 1407 sancta
1770 1353 1902 1420 ejus.
1939 1348 2065 1404 Post
2094 1350 2164 1403 al-

595 1456 731 1509 latos
756 1453 960 1507 fructus
989 1466 1174 1504 earum
1229 1463 1408 1503 rerum
1447 1463 1565 1514 qua;
1601 1445 2038 1514 requirebantur,
2073 1459 2166 1495 ne-

595 1548 828 1604 cessaria
851 1554 932 1600 est
970 1544 1232 1598 adoratio.
1270 1540 1525 1594 Adoratio
1566 1548 1766 1600 autem,
1798 1549 1901 1588 non
1936 1549 1997 1587 ea
2047 1546 2165 1601 quae

597 1640 654 1694 [it
685 1647 836 1694 extra
868 1633 1290 1696 ecclesiam,sed
1319 1647 1435 1699 qme
1475 1631 1524 1683 in
1559 1630 1666 1700 ipsa
1704 1627 1792 1680 Dei
1844 1625 1961 1679 aula
2006 1623 2166 1693 perii-

595 1733 752 1788 citur.
793 1730 868 1783 Ne
889 1729 1042 1789 milii,
1079 1725 1271 1795 inquit,
1305 1724 1539 1794 privatas
1582 1722 1733 1774 aulas
1779 1729 1872 1772 aut
1911 1718 2166 1772 ecclesias

596 1821 935 1892 excogitetis.
965 1819 1079 1875 Una
1109 1831 1189 1873 est
1212 1816 1330 1871 aula
1379 1825 1566 1870 sancta
1616 1814 1729 1867 Dei.
1761 1811 2040 1882 Synagoga
2070 1809 2164 1864 ,1η-

599 1917 835 1968 datorum
882 1911 1028 1980 pritts
1083 1910 1201 1962 aula
1252 1914 1369 1960 erat
1404 1925 1418 1960 :
1454 1906 1547 1958 sed
1599 1915 1713 1974 post
1769 1903 2056 1956 admissum
2113 1902 2163 1954 in

598 2007 870 2060 Christum
921 2013 1197 2073 peccatum
1237 1999 1374 2052 facta
1429 2006 1511 2051 est
1560 1995 1821 2050 habitatio
1847 2008 2029 2048 eorum
2071 1993 2164 2046 de-

598 2108 740 2152 serta
771 2098 837 2150 ⁸⁶.
868 2097 1203 2162 Quapropter
1231 2101 1284 2145 et
1317 2089 1570 2144 Dominus
1601 2105 1614 2141 :
1646 2087 1711 2140 Et
1755 2087 1889 2139 alias
1926 2102 2039 2139 oves
2075 2086 2170 2136 lia-

601 2191 713 2254 beo,
736 2205 849 2260 qua:
872 2205 974 2241 non
1009 2195 1216 2240 suntex
1245 2186 1338 2237 hoc
1371 2182 1490 2236 ovili
1521 2184 1586 2237 ⁵⁷.
1618 2182 1749 2236 Cum
1788 2192 1964 2234 autem
1990 2179 2170 2246 loqua-

602 2293 690 2337 tur
727 2282 792 2335 de
828 2281 893 2334 iis
933 2280 1022 2348 qui
1058 2294 1122 2331 ex
1160 2277 1407 2346 gentibus
1459 2276 1523 2329 ad
1565 2273 1788 2327 salutem
1830 2269 2166 2340 prteordinati

603 2379 750 2430 sunt,
766 2369 939 2420 aulam
961 2366 1227 2433 propriam
1261 2363 1775 2432 prasterludxorum
1795 2361 1972 2414 aulam
1995 2371 2172 2413 osten-

603 2461 700 2515 dit.
731 2459 843 2512 Non
869 2457 1037 2526 igitur
1079 2464 1230 2508 extra
1268 2464 1508 2507 sanctam
1553 2455 1690 2506 hanc
1729 2451 1902 2504 aulam
1951 2452 2173 2504 adorare

603 2557 834 2619 oportet,
865 2549 956 2602 sed
992 2546 1129 2599 intra
1161 2546 1327 2615 ipsam
1366 2561 1381 2609 ;
1424 2559 1488 2598 ne
1515 2543 1635 2613 quis
1658 2553 1810 2596 extra
1848 2544 2016 2612 ipsam
2046 2557 2176 2597 con-

603 2643 844 2705 stitutus,
880 2650 973 2693 aut
1001 2639 1068 2693 ab
1115 2639 1180 2692 iis
1208 2637 1300 2707 qui
1333 2648 1485 2692 extra
1525 2637 1665 2690 illam
1709 2645 1857 2700 sunt,
1891 2643 2171 2698 attractus,

605 2737 659 2789 in
683 2734 802 2787 aula
831 2732 1038 2786 Domini
1065 2745 1185 2785 esse
1205 2731 1434 2784 desinat.
1467 2729 1737 2784 lutersunt
1765 2733 1906 2784 enim
1941 2730 2089 2784 multi
2120 2730 2172 2783 in

606 2825 795 2880 babitu
839 2823 1054 2892 quidem
1111 2822 1454 2890 precationis,
1492 2838 1589 2874 nec
1630 2831 1754 2874 sunt
1804 2832 1979 2875 tamen
2018 2823 2173 2892 117

607 2916 659 2968 in
683 2915 800 2968 aula
841 2914 908 2967 ob
938 2912 1129 2966 mentis
1159 2912 1557 2981 evagationem,
1587 2922 1640 2964 et
1672 2912 1834 2964 animi
1867 2926 2049 2966 eorum
2085 2915 2177 2967 ab.

605 3005 949 3070 errationem,
979 3017 1044 3057 ex
1074 3003 1224 3056 vanis
1260 3017 1322 3056 ac
1361 3001 1636 3055 inutilibus
1673 3001 1817 3054 curis
1846 3009 2172 3055 nascentem.

2334 1354 2386 1407 5.
2426 1353 2897 1422 Προσκυνήσατε
2937 1351 3014 1416 τῷ
3042 1353 3232 1419 Κυρίῳ
3268 1352 3337 1404 ἐν
3366 1349 3519 1417 αὑ.ιῇ
3553 1349 3697 1418 ἁγίᾳ
3727 1349 3848 1401 αὐ-

2265 1444 2388 1497 τοῦ.
2417 1445 2568 1498 Μετὰ
2587 1445 2684 1515 τὴν
2711 1441 3081 1514 καρποφορίαν
3101 1440 3205 1493 τῶν
3230 1442 3655 1512 ἐπιζητουμένων
3689 1439 3844 1508 (87),

2267 1536 2536 1602 ἀναγκαία
2573 1538 2604 1606 ὴ
2635 1534 3021 1608 προσκύνησις.
3049 1535 3416 1605 Προσκύνησις
3443 1535 3550 1603 ὃέἡ
3582 1535 3683 1585 οὐκ
3729 1533 3844 1597 ἔξω

2265 1627 2365 1695 τῆς
2403 1626 2747 1697 Ἑκκλησίας,
2767 1626 2880 1679 ἀλλ’
2907 1629 2963 1678 ἐν
2981 1627 3117 1696 αὐτῇ
3145 1629 3208 1695 τῇ
3231 1625 3363 1696 αὐλῇ
3383 1625 3471 1678 τοῦ
3487 1625 3615 1678 Θεοῦ
3641 1625 3846 1678 telae-'-

2198 1770 2238 1823 Β
2273 1721 2429 1791 μένη.
2448 1721 2536 1789 Μή
2563 1738 2669 1790 μοι,
2693 1723 2874 1790 φησὶν,
2901 1721 3034 1782 ἰδίας
3065 1718 3229 1782 αὐλὰς
3251 1721 3344 1773 καὶ
3376 1718 3845 1787 συναγωγὰςλὸε)

2268 1816 2549 1867 ἐπινοεῖτε.
2596 1814 2707 1866 Μία
2749 1814 2893 1866 ἐστὶν
2926 1813 3060 1886 αὐλὴ
3099 1813 3225 1881 ἁγία
3255 1813 3347 1865 τοῦ
3376 1812 3525 1864 Θεοῦ.
3558 1810 3659 1866 Ἦν
3689 1812 3848 1884 αὐλὴ

2270 1906 2529 1978 πρότερον
2561 1905 2594 1975 ἡ
2624 1903 2728 1956 τῶν
2762 1906 3027 1958 Ἰουδαίων
3057 1905 3372 1974 συναγωγή·
3410 1904 3538 1957 ἀλλὰ
3568 1907 3704 1974 μετὰ
3737 1906 3847 1976 τὴν

2269 2001 2345 2062 εἰς
2368 1997 2598 2067 Χριστὸν
2631 1997 2900 2066 ἁμαρτίαν
2929 1998 3143 2065 ἐγένετο
3175 1998 3208 2067 ἡ
3241 1995 3462 2058 ἔπαυλις
3488 1995 3658 2048 αὐτῶν
3691 1998 3851 2067 ἠρη-

2274 2091 2516 2161 μωμένη.
2564 2087 2663 2142 Διὰ
2707 2087 2864 2141 τοῦτο
2895 2090 2986 2141 καὶ
3026 2093 3054 2143 ὁ
3096 2089 3325 2160 Κύριος·
3360 2088 3464 2140 Καὶ
3491 2087 3646 2141 ἄλλα
3685 2090 3852 2158 πρό-

2271 2184 2415 2234 ϐατα
2439 2181 2575 2250 ἔχω,
2606 2180 2642 2232 ἂ
2671 2181 2780 2233 οὐκ
2809 2181 2977 2233 ἐστιν
3001 2181 3066 2233 ἐκ
3088 2180 3196 2249 τῆς
3215 2180 3410 2247 αὐλῆς
3429 2183 3658 2248 ταύτης.
3687 2183 3850 2246 Τοὺς

2271 2275 2376 2328 ἀπὸ
2407 2274 2512 2327 τῶν
2551 2274 2716 2327 ἐθνῶν
2755 2274 3197 2344 προωρισμὲνους
3223 2277 3300 2336 είς
3336 2274 3600 2344 σωτηρίαν
3633 2274 3848 2342 λέγων,

2271 2367 2535 2418 δείκνυσιν
2568 2365 2700 2418 ίδίαν
2743 2365 2910 2435 αὐλὴν
2960 2365 3108 2435 παρὰ
3138 2366 3235 2435 τὴν
3283 2365 3390 2418 τῶν
3428 2366 3704 2420 Ἰουδαίων.
3763 2371 3849 2420 Οὐ

2272 2458 2446 2509 τοίνυν
2473 2457 2575 2522 ἔξω
2598 2457 2697 2527 τῆς
2721 2456 2878 2526 ἁγίας
2905 2456 3106 2527 ταύτης
3129 2457 3296 2526 αὐλῆς
3323 2460 3635 2529 προσκυνεῖν
3660 2474 3849 2528 προσ-

2273 2549 2375 2617 ῆκε
2397 2547 2473 2617 τῷ
2495 2548 2610 2617 Θεῷ
2635 2548 2765 2617 (89),
2796 2548 2906 2601 ἀλλ’
2932 2548 3075 2601 ἔνδον
3107 2547 3274 2616 αὐτῆς
3294 2550 3575 2619 γενόμενον
3595 2566 3608 2579 ·
3645 2551 3732 2602 ἴνα
3768 2552 3848 2622 μὴ

2276 2640 2378 2705 ἔξω
2403 2655 2486 2700 τις
2515 2639 2680 2704 αὐτῆς
2702 2640 2794 2692 ὢν,
2823 2640 2954 2710 μηδέ
2980 2640 3265 2710 ἑλκόμενος
3290 2639 3392 2693 ὑπὸ
3433 2642 3538 2694 τῶν
3565 2642 3696 2709 ἐξω,
3729 2643 3838 2695 ἀπ-

2275 2727 2435 2799 ολέσῃ
2460 2725 2519 2778 τὺ
2543 2720 2681 2777 εἶναι
2702 2727 2759 2778 ἐν
2786 2727 2917 2796 αὐλῇ
2944 2729 3168 2798 Κυρίου.
3199 2730 3386 2784 Πολλοὶ
3414 2732 3519 2803 γὰρ
3541 2733 3756 2785 ἑστᾶσιν
3787 2734 3850 2784 ἐν

2278 2818 2516 2887 σχήματι
2552 2816 2648 2886 μὲν
2686 2816 3010 2885 προσευχῆς,
3041 2817 3140 2870 οῦκ
3177 2821 3281 2872 είσι
3311 2821 3367 2873 δέ
3393 2825 3448 2873 ἐν
3475 2826 3537 2894 τῇ
3571 2823 3726 2893 αὐλῇ,
3753 2823 3849 2876 διὰ

2275 2912 2373 2980 τὴν
2404 2910 2498 2963 τοῦ
2527 2909 2618 2963 νοῦ
2662 2909 2960 2980 περιφορὰν
2991 2910 3084 2962 καὶ
3113 2911 3201 2962 τὸν
3241 2912 3581 2985 ἀφελκυσμδν
3603 2917 3702 2986 τῆς
3734 2917 3840 2970 δια-

2279 3003 2423 3064 νοίας
2459 3002 2636 3054 αὐτῶν
2691 3002 2794 3056 ὑπὸ
2834 3002 2932 3072 τῆς
2971 3002 3027 3054 ἐν
3071 3004 3136 3072 τῇ
3197 3005 3510 3074 ματαιότητι
3553 3008 3846 3078 μερίμνης.

611 3098 748 3165 Quin
775 3098 937 3150 etiam
969 3097 1085 3147 aula
1108 3109 1266 3148 sensu
1299 3094 1471 3147 adhuc
1494 3092 1788 3147 sublimiori
1817 3100 1991 3161 potest
2029 3093 2171 3148 cmle.

2283 3095 2512 3149 Δυνατὸν
2563 3095 2618 3148 δὲ
2649 3095 2815 3164 αὐλὴν
2859 3095 2933 3148 ἐτι
2981 3094 3462 3165 ὲπαναϐεϐηκὸτως
3502 3097 3609 3165 (90)
3653 3101 3849 3168 νοῆσαι

612 3187 710 3242 Stis
738 3184 997 3238 habitatio
1038 3183 1279 3249 intelligi.
1311 3183 1642 3249 Quapropter
1681 3183 1769 3250 qui
1818 3182 1903 3236 hic
1941 3181 2178 3236 Plantati

607 3275 661 3324 in
693 3271 846 3323 domo
867 3279 991 3324 sunt
1020 3268 1247 3332 Domini,
1274 3285 1394 3339 quis
1413 3280 1496 3322 est
1527 3269 1762 3323 Ecclesia
1800 3271 1890 3323 Dei
1924 3271 2178 3338 viventis,

607 3363 716 3416 illic
744 3364 797 3415 in
825 3361 975 3414 atriis
1011 3359 1103 3413 Dei
1126 3361 1288 3413 nostri
1319 3359 1574 3427 ﬂorebunt
1596 3359 1662 3413 ⁵⁸.
1696 3359 1797 3425 Qui
1835 3370 2012 3413 autem
2046 3376 2177 3414 ven-

610 3463 768 3515 trem,
800 3462 890 3503 aut
920 3451 1163 3519 gloriam,
1190 3461 1282 3504 aut
1315 3461 1616 3518 argentum,
1647 3460 1738 3505 aut
1779 3451 1990 3519 quidvis
2013 3450 2176 3514 aliud,

609 3544 747 3612 quod
786 3543 1003 3612 reliquis
1026 3543 1273 3596 Omnibus
1297 3542 1461 3611 pluris
1490 3544 1742 3609 aestimat,
1772 3544 1932 3598 Deum
1967 3543 2174 3607 fecerit,

612 3636 659 3690 is
689 3649 862 3703 neque
887 3636 1074 3688 adorat
1099 3633 1402 3697 Dominum,
1432 3648 1601 3700 neque
1632 3634 1682 3686 in
1713 3634 1831 3686 aula
1863 3646 2044 3689 sancta
2072 3646 2174 3700 est,

612 3727 824 3781 etiamsi
853 3726 1096 3778 videatur
1125 3741 1242 3779 esse
1278 3727 1488 3794 dignus,
1517 3727 1606 3794 qui
1645 3728 1709 3780 ad
1738 3726 2019 3782 sensibiles
2048 3743 2176 3782 cutt-

612 3829 804 3874 ventus
825 3817 1156 3872 admittatur.
1181 3815 1343 3869 Vens.
1372 3819 1423 3869 5.
1458 3815 1568 3869 Vox
1588 3816 1795 3871 Domitii
1821 3835 1974 3884 super
1990 3835 2172 3888 aquas.

615 3911 816 3964 Nomen
867 3908 1012 3961 vocis
1058 3906 1300 3959 invenias
1348 3906 1526 3959 multis
1572 3909 1622 3959 in
1675 3907 1808 3961 locis
1841 3919 2174 3978 usurpatum.

616 4002 798 4069 Itaque
831 4011 885 4052 ut
908 3998 1266 4067 intelligamus
1316 4012 1433 4065 quae
1482 3999 1550 4051 sit
1585 4013 1690 4054 vox
1742 3999 1971 4062 Domini,
2001 4016 2176 4070 operae

617 4093 844 4161 pretium
881 4090 1061 4153 fuerit,
1082 4108 1141 4143 ea
1183 4106 1299 4158 quae
1325 4093 1388 4144 de
1425 4107 1554 4145 voce
1575 4093 1771 4160 scripta
1798 4101 1938 4154 sunt,
1965 4107 2060 4160 pro
2095 4096 2176 4144 vi-

621 4185 763 4236 ribus
820 4196 883 4236 ex
936 4195 1086 4233 sacra
1146 4181 1418 4247 Set-iptura
1460 4183 1753 4250 colligere;
1794 4181 1935 4236 velut
1993 4184 2042 4234 in
2091 4184 2177 4237 illo

616 4274 759 4344 quod
787 4274 1095 4328 Abraliamo
1146 4272 1325 4326 datunt
1377 4282 1460 4326 est
1493 4277 1709 4326 oraculo
1735 4293 1747 4326 :
1778 4272 1842 4327 Et
1881 4277 2054 4328 statim
2084 4292 2180 4330 v0.1:

689 4410 734 4442 "
766 4407 903 4461 Psal.
936 4423 1126 4469 vattt,
1158 4404 1248 4460 26.
1325 4407 1370 4438 ³⁵⁷
1404 4403 1559 4461 Joan.
1595 4422 1647 4469 Χ,
1683 4408 1765 4461 16.

2280 3185 2375 3256 τὴν
2399 3185 2715 3256 ἐπουράνιον
2752 3187 3041 3257 διαγωγήν.
3078 3186 3176 3239 Διὰ
3212 3185 3368 3240 τοῦτο
3403 3189 3448 3240 οἱ
3476 3190 3848 3257 Πεφυτευμέ-

2280 3293 2373 3327 rat
2419 3273 2649 3327 ἐνταῦθα
2693 3275 2762 3326 ἐν
2793 3273 2872 3338 τῷ
2915 3276 3057 3340 οἴκῳ
3085 3277 3336 3344 Κυρίου,
3379 3277 3500 3346 ἥτις
3537 3279 3680 3331 ἐστὶν
3723 3279 3846 3332 Ἐκ·-

2281 3369 2474 3438 κλησία
2503 3369 2634 3420 Θεοῦ
2665 3368 2884 3431 ζῶντος,
2908 3371 3021 3420 ἐκεῖ
3058 3372 3110 3421 Ἐ
3118 3388 3151 3422 ν
3180 3371 3304 3438 ταῖς
3329 3373 3540 3439 αὐλαῖς
3563 3373 3667 3427 τοῦ
3695 3377 3850 3430 Θεοῦ

2280 3459 2444 3528 ἡμῶν
2465 3458 2928 3524 ἐξω-θήσουσιν.
2977 3462 3032 3513 Ὀ
3055 3460 3110 3513 δὲ
3150 3461 3407 3517 θεοποιῶν
3430 3467 3633 3520 κοιλίαν
3657 3511 3672 3534 ,
3698 3468 3731 3538 ἢ
3758 3469 3824 3522 δά

2283 3552 2396 3616 ξαν,
2429 3551 2460 3621 ἢ
2497 3551 2776 3622 ἀργύριον,
2803 3553 2834 3621 ἢ
2862 3553 2987 3605 ἄλλο
3014 3570 3087 3616 τι,
3116 3554 3143 3606 ὃ
3165 3555 3375 3608 πάντων
3409 3557 3605 3627 μᾶλλον
3632 3563 3832 3632 τετίμη

2282 3663 2396 3709 κεν,
2421 3642 2543 3697 οὔτε
2569 3647 2862 3715 προσκυνεῖ
2883 3645 2958 3716 τῷ
2981 3647 3189 3717 Κυρίῳ,
3223 3645 3342 3698 οὗτε
3370 3649 3424 3699 ἐν
3457 3651 3523 3718 τῇ
3561 3651 3694 3722 αὐλῇ
3729 3655 3850 3706 ἐστι

2281 3740 2343 3807 τῇ
2377 3737 2528 3807 ἁγία,
2573 3735 2676 3790 κᾶν
2713 3736 2862 3802 ἄξιος
2912 3736 3018 3790 τῶν
3071 3737 3340 3808 αἰσθητῶν
3396 3738 3667 3804 συνάξεων
3714 3739 3851 3796 εἶναι

2280 3828 2616 3898 δοκῇ.Φωνὴ
2653 3829 2870 3895 Κυρίου
2902 3829 2998 3880 ἐπὶ
3041 3827 3159 3881 τῶν
3190 3829 3440 3883 ὑδάτων.
3478 3830 3745 3900 Πολλαχοῦ
3783 3833 3851 3886 ἂν

2283 3916 2457 3986 εῦροις
2485 3917 2546 3968 τὸ
2571 3918 2667 3986 τῆς
2697 3918 2877 3986 φωνῆς
2897 3917 3063 3986 ὄνομα
3099 3917 3368 3988 κείμενον.
3395 3921 3556 3974 Ὥστε
3586 3923 3722 3994 ὑπὲρ
3752 3922 3852 3976 τοῦ

2281 4007 2488 4074 νοῆσαι,
2517 4005 2600 4068 τίς
2627 4009 2741 4058 ἐστι
2770 4007 2861 4058 τοῦ
2888 4007 3092 4075 Κυρίου
3135 4009 3166 4076 ἡ
3195 4010 3363 4078 φωνὴ,
3394 4010 3541 4073 ἄξιόν
3581 4014 3696 4065 ἐστι
3728 4031 3853 4066 συν-

2285 4103 2508 4169 αγαγεῖν
2539 4103 2685 4171 ἡμᾶς
2710 4101 2849 4152 κατὰ
2879 4101 2937 4152 τὸ
2960 4101 3178 4153 δυνατὸν
3213 4102 3276 4154 ἐκ
3316 4104 3413 4172 τῆς
3453 4104 3603 4167 θείας
3629 4106 3852 4176 Γραφῆς

2283 4195 2350 4247 τὰ
2378 4194 2731 4264 γεγραμμένα
2753 4194 2879 4263 περὶ
2899 4194 3098 4262 φωνῆς·
3130 4193 3204 4254 ὡς
3240 4195 3295 4245 ἐν
3317 4194 3394 4263 τῷ
3429 4196 3562 4264 πρὸς
3603 4197 3853 4268 Ἀϐραὰμ

2285 4284 2644 4356 χρηματισμῷ
2663 4303 2676 4315 ·
2701 4285 2806 4339 Καὶ
2838 4285 3054 4350 εὐθέως
3078 4284 3244 4354 φωνὴ
3277 4285 3510 4354 ἐγένετο
3547 4285 3816 4356 λέγουσα
3838 4309 3852 4322 ·

1843 4411 1889 4442 ⁸⁸
1921 4411 2056 4465 Psal.
2087 4417 2285 4481 ηιμ.

693 4542 806 4622 (εδξ
839 4541 970 4622 Reg.
1007 4555 1276 4622 secunnus
1307 4558 1394 4610 μοι
1422 4542 1553 4596 νόει.
1585 4543 1782 4597 Ibidem
1826 4542 1956 4616 Reg.
1996 4551 2184 4604 tertius
2217 4558 2259 4612 D
2289 4568 2341 4606 ae
2379 4551 2696 4622 ferunt,_nec
2743 4557 2934 4613 tamen,
2969 4560 3072 4622 etc.
3126 4552 3194 4605 At
3247 4553 3416 4607 libens
3462 4570 3761 4622 quaererem
3817 4572 3852 4611 ι

621 4613 860 4686 περινρει
892 4611 1017 4686 τους
1048 4610 1335 4686 πολέμους.

694 4680 1000 4758 (8ἷὶίΜετὰ
1042 4680 1156 4758 τὴν·
1188 4680 1596 4758 καρποφορίαν
1646 4684 1762 4738 τῶν
1804 4686 2181 4758 ἐπιζητουμέ-

622 4769 763 4807 νων.
786 4748 952 4828 Χθτιθ
983 4766 996 4801 :
1032 4748 1155 4802 Post
1193 4748 1504 4805 oblationem
1529 4770 1705 4807 eorum
1741 4775 1858 4826 qua:
1883 4748 2039 4826 petita
2067 4748 2182 4828 fue-

625 4833 764 4877 :‘uttt.
783 4819 991 4874 MARAN.

695 4891 804 5027 (88)
831 4889 961 4958 Reg.
999 4889 1265 4941 secundus
1310 4903 1359 4942 et
1396 4891 1547 4946 Colb.
1579 4903 1759 4947 st-xtus
1789 4913 2183 4967 παρασυναγω-

695 4979 746 5025 ς,
796 4960 935 5010 altas
964 4976 1272 5026 synagogas.
1305 4960 1442 5013 Etliti
1472 4973 1524 5014 et
1557 4966 1643 5014 :tlii
1679 4980 1864 5017 novem
1897 4983 2024 5018 mss.
2052 4973 2181 5021 sitn-

624 4967 746 5032 γάς,
773 4960 935 5027 fatuus
964 4976 1272 5032 synagogas.
1305 4960 1442 5013 Ειὶίιὶ
1472 4973 1524 5014 et
1557 4966 1643 5014 alii
1679 4960 1880 5017 ιιονειιί
1897 4983 2024 5018 mss.
2052 4960 2181 5021 siut-

628 5029 832 5104 plieiter
856 5031 1191 5104 συναγωκίᾲς,
1224 5029 1342 5104 Mnx
1371 5033 1532 5104 editio
1564 5032 1736 5086 Paris.
1773 5037 1868 5104 μία
1907 5038 2053 5089 ἐστὶν
2077 5040 2178 5091 αὑ-

710 5100 838 5168 ἁγία
861 5099 953 5179 τοῦ
973 5098 1105 5151 Θεοῦ
1133 5100 1424 5179 Ἐκκλησία
1457 5112 1566 5179 ¹ενοι]
1595 5114 1692 5156 tux
1723 5098 2013 5176 Ἐκκλησία
2036 5111 2184 5162 abest

626 5176 694 5293 ab
736 5172 988 5289 amnibus
1041 5172 1235 5223 nostris
1280 5174 1524 5225 undecim
1581 5189 1708 5227 mss.
1745 5188 1799 5229 et
1849 5172 1916 5231 ab
1948 5179 2185 5233 editione

674 5256 746 5293 “Si
777 5277 787 5288 .

674 5256 787 5293 ilSII.

699 5308 806 5379 (89)
840 5309 969 5376 lieg,
1003 5309 1202 5380 tertius
1251 5312 1490 5380 προσῆκε
1519 5313 1608 5364 τὸν
1653 5311 1801 5367 Θεόν.
1845 5313 1957 5377 Illa,
1990 5316 2184 5370 Πολλώ⁸

628 5378 736 5451 γὰρ
760 5380 973 5431 ἑστᾶσιν
998 5378 1055 5429 ἐν
1084 5378 1317 5454 σχηματι
1355 5378 1450 5452 μέν
1478 5383 1799 5454 προσευχῆς,
1839 5388 1913 5438 sic
1946 5398 2180 5442 verterat

633 5450 896 5524 interpres
932 5461 1100 5512 vetus,
1139 5450 1320 5524 t’tut'es
1351 5450 1485 5504 enim
1517 5450 2008 5518 Specieiit'oratioms
2043 5474 2179 5524 pra:-

629 5521 764 5589 [errc
788 5521 1042 5594 videntur,
1066 5521 1165 5594 qui
1189 5529 1382 5586 tamen,
1418 5534 1521 5576 etc.
1563 5524 1663 5576 Sed
1696 5521 2177 5594 cunqtteriturDtt-

631 5605 772 5644 caus
799 5593 1053 5642 omissum
1097 5592 1259 5643 luisse
1288 5597 1528 5658 corporis
1568 5606 1785 5657 statum,
1814 5592 1969 5661 {luent
2000 5607 2174 5650 tamen

631 5671 1298 5730 expressnm‘uportuerat.
1326 5665 1394 5715 ob
1413 5665 1567 5730 idque
1596 5665 1751 5716 verba
1784 5665 1866 5716 illa
1888 5668 1963 5717 sic
1992 5667 2176 5718 Latine

635 5725 886 5794 reddidit,
930 5725 1085 5781 nam
1111 5731 1248 5782 enim
1286 5725 1759 5788 stantes-orationis
1804 5737 2020 5804 speciem
2066 5754 2174 5804 pm:

2292 4625 2406 4675 viro
2452 4620 2780 4695 doctissimo,
2825 4635 2951 4695 num
2994 4621 3181 4695 ii_soli
3241 4624 3328 4676 hic
3377 4620 3691 4695 arguantur,
3757 4629 3852 4695 qui

2291 4700 2494 4745 stantes
2519 4703 2621 4742 non
2660 4689 2744 4755 pie
2763 4689 3007 4742 orabant.
3049 4689 3180 4757 lmo,
3209 4694 3308 4747 nisi
3352 4693 3506 4746 valde
3546 4689 3724 4758 fallor,
3757 4689 3852 4748 ar-

2290 4773 2524 4830 guumur
2548 4759 2799 4832 ltoc__loco
2838 4770 2945 4811 tum
2979 4761 3072 4823 illi,
3111 4765 3201 4830 qui
3237 4773 3442 4816 stantes
3472 4765 3687 4832 nou,pie
3725 4780 3853 4818 ora-

2292 4829 2426 4892 rent,
2454 4840 2563 4880 tum
2595 4829 2682 4879 alii
2707 4829 2899 4902 quivis.
2929 4832 3015 4896 qui
3035 4829 3351 4901 quOcunque
3381 4829 3617 4900 tempore
3639 4845 3690 4889 et
3715 4853 3854 4902 quo-

2290 4915 2499 4968 cunque
2533 4900 2772 4973 corporis
2802 4901 2982 4973 liabitu
3022 4903 3159 4953 male
3203 4900 3273 4956 et
3306 4903 3602 4970 irreligiose
3654 4900 3851 4973 preca-

2296 4967 2495 5042 rentur.
2533 4967 2644 5021 Non
2679 4968 2838 5036 igitur
2881 4971 3018 5022 ullus
3065 4973 3305 5039 corporis
3351 4967 3564 5027 habitus
3615 4967 3852 5042 eipritni

2290 5040 2488 5112 debuit,
2521 5053 2640 5092 cum
2663 5054 2800 5112 unus
2832 5056 2934 5091 non
2961 5042 3129 5112 magis
3147 5059 3302 5110 quam
3327 5042 3461 5095 alter
3496 5040 3849 5112 intelligatur,

2289 5111 2382 5162 sed
2412 5123 2598 5180 omnes
2647 5109 2863 5161 omnino
2903 5111 3104 5175 pariter
3148 5109 3692 5180 comprehendantur:
3734 5109 3848 5169 Nec

2294 5195 2389 5230 vox
2424 5179 2638 5230 ἑστᾶσιν
2660 5192 2979 5246 quemquam
3010 5195 3222 5235 movere
3247 5179 3421 5235 debet.
3457 5181 3678 5238 Constat
3701 5186 3849 5238 enim

2290 5249 2510 5301 verbum
2554 5248 2797 5310 ἑστάναι,
2835 5264 2929 5314 pro
2959 5264 3022 5302 eo
3061 5253 3199 5316 quod
3241 5261 3341 5314 est,
3373 5252 3574 5316 adesse,
3618 5271 3736 5319 seu,
3770 5259 3853 5308 in-

2295 5329 2643 5394 teressettto‘n
2675 5322 2966 5394 raroapud
3010 5321 3243 5394 Optimos
3283 5336 3524 5391 quosque
3552 5327 3852 5394 scriptores

2287 5389 2552 5462 usurpari.
2597 5387 2703 5442 Nec
2751 5387 2904 5462 aliter
2936 5392 3001 5462 de
3045 5387 3206 5442 verbo
3235 5387 3372 5444 stare
3434 5387 3573 5462 apud
3628 5387 3852 5449 Latinos

2281 5457 2785 5526 jmlicandnm,cum
2822 5458 2947 5510 illud
2983 5473 3079 5526 pro
3101 5473 3164 5514 eo
3191 5464 3329 5528 quod
3361 5457 3698 5528 estfadesse,
3730 5481 3849 5528 Seu,

2283 5530 2546 5588 interesse,
2587 5530 2780 5595 Saepius
2810 5529 3036 5596 positum
3071 5531 3358 5585 videamus.

2354 5597 2781 5678 (9'U-)_t;olbertini
2829 5602 3016 5678 tertius
3057 5611 3126 5678 ⁵εει
3177 5603 3848 5678 ουᾼπιυψέπαναὸεϐηκό-

2280 5683 2393 5729 τας.
2428 5670 2526 5722 Alii
2552 5683 2679 5723 mss.
2715 5684 2836 5722 cum
2868 5671 3023 5726 editis
3054 5670 3561 5742 ἐπαναϐεϐηκότως.
