4068 6318
95 352 232 406 289

1213 353 1493 409 IIOIIILIA
1533 353 1598 407 IN
1639 351 1966 408 PSALMUM
2005 353 2241 411 XXVIII.

3247 357 3350 412 296

95 472 203 523 Οὐ
233 471 670 541 κληρονομήσει
701 483 774 524 σε
795 462 1001 535 οὗτος·
1038 469 1132 522 καὶ
1174 471 1264 522 ἐπὶ
1303 471 1545 523 Μωῦσεί·
1580 471 1683 524 Καὶ

1790 471 1928 538 facta
1953 481 2027 524 est
2060 474 2236 524 dicens
2271 485 2287 522 :
2317 471 2438 526 Non
2480 473 2805 525 Ita'reditabit
2838 483 2885 526 te
2928 474 3018 526 iste
3041 474 3104 525 ".
3138 474 3267 528 Item
3297 477 3348 527 iu

91 564 234 629 πᾶς
286 567 316 614 ὀ
345 563 491 627 λαὸς
515 561 663 630 ἐώρα
697 561 808 628 τὴν
844 561 1052 630 φωνὴν
1075 562 1170 615 καὶ
1199 561 1306 626 τὰς
1337 561 1654 629 λαμπάδας
1674 580 1686 591 ·

91 656 214 708 καὶ
253 653 398 723 παρὰ
419 654 498 722 τῷ
529 655 724 724 Ἡσαΐᾳ
772 653 929 706 πάλιν
958 672 970 684 ·
1008 653 1178 721 Φωνὴ
1202 654 1506 724 λέγοντος·
1539 656 1688 721 Βόη-

93 763 259 800 σον.
301 747 364 798 Ἦ
390 747 487 816 μὲν
520 745 611 798 οὖν
639 746 762 816 παρ’
791 749 918 816 ἡμῖν
951 746 1098 816 φωνὴ
1136 747 1167 818 ἢ
1200 747 1308 817 ἀήρ
1339 749 1452 800 ἐστι
1487 749 1692 817 πεπλη-

93 838 346 907 γμένος,
381 837 413 908 ἢ
459 837 520 889 τὸ
558 838 840 907 γινόμενον
866 833 1002 900 εἶδος
1033 838 1157 908 περὶ
1186 837 1274 890 τὸν
1311 838 1474 909 ἀέρα,
1504 839 1637 909 πρὸς
1665 840 1692 892 ὃ

95 927 238 997 (91)
266 927 510 996 βούλεται
539 926 739 980 τυποῦν
774 930 801 980 6
834 926 1107 994 ἐκφωνῶν.
1147 928 1209 979 Τί
1232 924 1324 981 οὖν
1357 931 1388 998 ἡ
1425 931 1572 1001 φωνὴ
1598 932 1691 984 τοῦ

95 1020 368 1091 Κυρίους
401 1020 624 1090 πότερον
647 1019 824 1089 πληγὴ
858 1021 981 1091 περ).
1006 1020 1096 1073 τὸν
1122 1021 1258 1090 ἀέρα
1289 1025 1490 1086 νοοῖτο;
1527 1023 1559 1094 ἦ
1587 1024 1691 1095 ἀὴρ

95 1113 504 1183 πεπληγμένος
537 1110 748 1180 φθάνων
801 1110 961 1180 μέχρι
1000 1112 1098 1181 τῆς
1137 1113 1302 1182 ἀκοῆς
1339 1112 1430 1165 τοῦ
1465 1115 1599 1184 πρὸς
1634 1116 1692 1167 ὃν

95 1202 334 1269 γίνεται
365 1205 397 1272 ἡ
430 1203 576 1271 φωνή
600 1217 612 1263 ;
640 1201 708 1252 Ἦ
738 1201 1016 1271 οὐδέτερον
1049 1203 1272 1264 τούτων,
1307 1203 1417 1256 ἀλλ’
1446 1205 1691 1276 ἑτερογε-

97 1296 218 1364 νής
244 1295 328 1358 τίς
357 1296 498 1347 ἐστιν
535 1291 700 1361 αὕτη,
743 1292 1198 1363 φαντασιουμένου
1238 1295 1330 1347 τοῦ
1363 1297 1688 1365 ἡγεμονικοῦ

95 1385 231 1438 τῶν
277 1385 574 1458 ἀνθρώπων
622 1383 714 1448 οὒς
765 1384 832 1438 ἂν
874 1385 1089 1438 ἀκούειν
1130 1386 1382 1457 βούληται
1423 1391 1521 1458 τῆς
1559 1389 1692 1452 ἰδίας

101 1479 310 1548 φωνῆς
341 1481 368 1530 6
399 1479 526 1541 Θεός
545 1495 559 1509 ο
589 1477 724 1530 ὥστε
751 1475 1036 1546 ἀναλογίαν
1075 1477 1216 1548 ἔχειν
1257 1482 1354 1552 τὴν
1395 1483 1692 1550 φαντασίαν

99 1569 327 1638 ταύτην
356 1568 488 1639 πρὸς
505 1568 602 1639 τὴν
630 1571 687 1621 ἐν
714 1572 824 1631 τοῖς
852 1569 1074 1640 ὀνείροις
1096 1570 1386 1641 γινομένην
1414 1574 1688 1636 πολλάκις.

105 1663 336 1730 ’Ὠσπερ
360 1660 488 1732 γὰρ,
519 1663 579 1714 οὑ
609 1662 974 1730 πληττομένου
1013 1662 1106 1714 τοῦ
1135 1663 1312 1733 ἀέρος,
1348 1663 1690 1733 λαμϐάνομέν

101 1770 242 1806 τινα
288 1754 346 1804 ἐν
377 1756 495 1815 ταῖς
527 1753 646 1806 καθ’
697 1754 859 1807 ὕπνον
912 1753 1019 1823 (9‘2)
1068 1755 1385 1822 φαντασίαις
1433 1756 1688 1824 ῥημάτων

99 1844 283 1897 τινῶν
317 1845 410 1898 καὶ
440 1846 687 1915 φθόγγων
725 1847 964 1917 μνήμην,
995 1846 1054 1898 οὐ
1087 1845 1173 1897 διὰ
1204 1849 1301 1915 τῆς
1337 1847 1504 1914 ἀκοῆς
1535 1846 1687 1911 δεξά-

106 1951 279 2004 μενοι
316 1933 414 2006 τὴν
448 1937 648 2006 φωνὴν,
678 1935 789 1988 ἀλλ’
840 1935 1007 2002 αὐτῆς
1036 1935 1132 2004 τῆς
1161 1935 1381 2005 καρδίας
1417 1936 1571 2006 ἡμῶν
1597 1955 1692 1990 τυ-

110 2027 428 2098 πωθείσης·
458 2027 708 2097 τοιαύτην
734 2028 853 2078 τινὰ
886 2026 989 2097 χρὴ
1019 2024 1256 2096 νομίζειν
1291 2029 1384 2080 καὶ
1417 2029 1514 2100 τὴν
1543 2029 1692 2100 παρὰ

101 2119 216 2172 τοῦ
251 2120 387 2173 Θεοῦ
432 2120 612 2189 φωνὴν
658 2119 965 2186 ἐγγίνεσθαι
1002 2121 1114 2183 τοῖς
1164 2121 1485 2190 προφήταις.
1521 2119 1689 2187 Φωνὴ

106 2214 345 2280 Κυρίου
368 2214 464 2266 ἐπὶ
499 2210 614 2264 τῶν
655 2208 902 2264 ὑδάτων.
944 2211 1031 2274 Ὠς
1058 2211 1153 2281 μὲν
1175 2210 1310 2281 πρὸς
1334 2211 1393 2264 τὸ
1417 2211 1687 2280 αἰσθητὸν,

107 2306 314 2376 ἐπειδὴ
344 2307 399 2358 αἱ
424 2304 661 2373 νεφέλαι,
690 2303 904 2356 ἐπειδὰν
934 2302 1122 2367 ὓδατος
1145 2298 1244 2356 ὦσι
1273 2303 1516 2373 πλήρεις,
1560 2300 1692 2374 ἦχον

109 2399 219 2454 καὶ
247 2400 418 2468 ψόφον
453 2395 770 2450 ἀποτελοῦσι
809 2396 1232 2466 συγκρουόμεναι
1281 2395 1412 2466 πρὸς
1439 2396 1688 2467 ἀλλήλας,

112 2489 324 2557 Φωνὴ,
351 2487 501 2556 φησὶ.
525 2485 743 2553 Κυρίου
778 2484 1010 2537 ἐπὶτῶν
1040 2483 1290 2537 ὑδάτων.
1335 2484 1492 2536 Ἀλλὰ
1521 2485 1616 2538 καὶ
1644 2485 1696 2536 εἴ

113 2599 228 2634 που
275 2580 387 2646 (95)
438 2577 606 2646 ψόφος
646 2574 851 2630 ὑδάτων
891 2575 1408 2646 περιρῤηγνυμένων
1447 2578 1558 2628 τισὶ
1584 2577 1691 2630 τῶν

115 2669 433 2725 ἀντιτύπων
459 2669 714 2738 γίγνοιτο,
753 2667 844 2719 καὶ
874 2668 920 2720 εί
955 2668 987 2736 ἡ
1015 2667 1253 2720 θάλασσα
1289 2667 1553 2737 πνεύμασι
1594 2685 1690 2722 ra-

123 2759 440 2831 ρασσομένη
470 2759 803 2828 κυμαίνοιτο,
829 2759 920 2812 καὶ
952 2758 1121 2828 βίαιον
1144 2754 1274 2828 ἦχον
1301 2758 1592 2827 ἐκπέμποι,
1625 2758 1693 2811 τὰ

112 2851 312 2920 ἄψυχα
340 2848 513 2902 ταῦτα
542 2849 639 2919 τὴν
661 2848 810 2919 παρὰ
830 2847 923 2900 τοῦ
953 2846 1153 2917 Κυρίου
1188 2847 1298 2916 ἔχει
1343 2845 1523 2916 φωνὴν
1546 2887 1560 2909 ,
1585 2848 1693 2898 δει-

116 2944 350 3006 κνύντος
371 2941 464 2996 τοῦ
493 2942 671 3011 λόγου,
699 2942 779 2994 ὅτι
823 2941 969 2991 πᾶσα
1000 2941 1032 3006 ὴ
1071 2938 1246 3001 κτίσις
1287 2938 1561 3008 μονονουχὶ
1596 2938 1694 3008 βοᾷ

112 3037 213 3090 τὸν
248 3036 447 3105 ἐαυτῆς
474 3034 798 3104 δημιουργὸν
821 3030 1242 3099 ἀναγγέλλουσα.
1274 3029 1389 3083 Κᾶν
1418 3029 1607 3100 βροντὴ
1636 3032 1692 3083 δὲ

116 3129 234 3182 ἀπὸ
282 3127 456 3195 νεφῶν
491 3125 599 3194 (94)
634 3125 862 3192 ἐκραγῇ,
897 3121 995 3174 οὐκ
1040 3121 1166 3174 ἄλλο
1192 3138 1244 3174 τι
1292 3119 1394 3190 χρὴ
1430 3121 1688 3190 νομίζειν,
1717 3153 1759 3210 C

115 3222 155 3292 ἢ
185 3223 268 3274 ὅτι
289 3223 316 3272 6
333 3220 458 3280 Θεὸς
475 3218 570 3286 τῆς
597 3215 752 3285 δόξης
776 3215 1085 3286 ἐϐρόντησε,
1112 3214 1204 3268 καὶ
1227 3215 1306 3266 ὃτι
1329 3213 1526 3282 Κύριός
1545 3217 1688 3267 ἐστιν

115 3315 147 3364 6
186 3313 288 3380 τὴν
319 3308 487 3378 ὑγρὰν
514 3306 672 3374 φύσιν
717 3307 952 3376 συνέχων
987 3306 1052 3358 δι’
1089 3304 1298 3358 ἐαυτοῦ.
1338 3307 1557 3372 Κύριος
1592 3307 1688 3359 ἐπὶ

117 3402 362 3455 ὑδάτων
392 3395 652 3451 πολλῶν.
705 3396 1106 3467 Μεμαθήκαμεν
1153 3394 1258 3466 γὰρ
1295 3396 1350 3446 ἐν
1383 3398 1448 3466 τῇ
1488 3413 1686 3466 κοσμο-

118 3490 311 3561 γενεία
343 3490 485 3560 ὕδωρ
516 3491 697 3544 ἐπάνω
724 3489 829 3542 τῶν
857 3486 1120 3558 οὐρανῶν,
1155 3486 1298 3558 ὕδωρ
1328 3486 1485 3540 πάλιν
1509 3488 1569 3539 το
1591 3489 1688 3557 τῆς

117 3585 387 3646 ἀεύσσου,
428 3585 612 3654 ἕτερον
649 3582 715 3633 τὰ
755 3581 1070 3649 συστήματα
1116 3579 1222 3632 τῶν
1256 3579 1554 3632 Θαλασσῶν.
1596 3579 1688 3642 Τίς

118 3672 218 3728 οὖν
248 3677 394 3728 ἐστιν
423 3677 450 3727 6
483 3672 800 3743 συγκρατῶν
829 3668 998 3722 ταῦτα
1019 3710 1033 3732 ,
1077 3671 1169 3721 καὶ
1205 3670 1278 3738 μὴ
1319 3669 1420 3720 ἐῶν
1453 3670 1590 3722 αὐτὰ
1619 3672 1684 3738 τῇ

121 3772 332 3838 φυσικῇ
368 3769 504 3836 ῥοπῇ
533 3765 790 3836 φέρεσθαι
822 3761 957 3831 πρὸς
996 3758 1064 3811 τὰ
1090 3761 1237 3812 κάτω
1285 3760 1413 3830 (93),
1458 3761 1489 3830 ἢ
1519 3763 1545 3813 6
1575 3760 1682 3812 Κύ-

124 3878 243 3931 ριος
274 3861 302 3912 6
349 3862 460 3920 τοῖς
508 3859 667 3909 πᾶσιν
709 3851 1053 3925 ἐμϐεϐηκὼς,
1090 3849 1147 3913 ὃς
1193 3852 1286 3903 καὶ
1329 3852 1435 3904 τῶν
1484 3852 1688 3904 ὑδάτων

121 3953 240 4021 ἔχει
275 3950 335 4002 τὸ
381 3950 614 4017 κράτος;
644 3948 793 4014 Τάχα
825 3947 881 3998 δὲ
918 3947 1009 3998 καὶ
1051 3942 1479 4014 μυστικώτερον,
1517 3943 1686 4013 Φωνὴ

119 4043 346 4108 Κυρίου
377 4040 474 4093 ἐπὶ
503 4039 617 4092 τῶν
640 4038 889 4099 ὑδάτων,
914 4039 1005 4105 ξ’ιὲ
1038 4035 1381 4107 βαπτισθέντι
1410 4038 1488 4107 τῷ
1516 4039 1686 4106 Ἰησοῦ

120 4134 347 4201 ἐγένετο
372 4131 574 4186 ἄνωθεν
595 4131 766 4201 φωνὴ,
790 4131 870 4183 ὅτι
891 4125 1072 4193 Οὗτός
1099 4129 1267 4181 ἐστιν
1289 4130 1321 4180 ό
1350 4128 1478 4191 Υἱός
1504 4146 1621 4195 μου
1656 4132 1687 4182 o'

120 4225 452 4294 ἀγαπητός.
503 4223 632 4275 Τότε
665 4222 773 4292 γὰρ
816 4222 844 4272 6
882 4219 1081 4290 Κύριος
1118 4219 1215 4288 μὲν
1244 4215 1310 4288 ἦν
1359 4219 1446 4271 ἐπὶ
1485 4219 1688 4271 ὑδάτων

122 4317 358 4376 πολλῶν,
403 4315 640 4382 ἁγιάζων
679 4314 745 4366 τὰ
774 4313 939 4365 ὕδατα
975 4311 1059 4364 διὰ
1092 4310 1184 4364 τοῦ
1227 4312 1624 4381 βαπτίσματος·
1661 4315 1688 4365 ό

118 4407 182 4462 δί
211 4409 342 4470 Θεὸς
384 4408 481 4476 τῆς
509 4408 662 4477 δόξης
705 4408 770 4475 τῇ
831 4403 1208 4474 μεγαλοφωνίᾳ
1254 4404 1350 4472 τῆς
1388 4404 1687 4474 μαρτυρίας

1794 561 1972 632 Moyse
2010 563 2114 618 :Et
2138 564 2302 615 omnis
2345 562 2564 631 populus
2610 563 2813 617 videbat
2854 580 3023 617 vocem
3068 577 3116 619 et
3148 564 3353 634 lampa-

1791 655 1878 704 des
1904 653 1966 705 ⁸ο.
1985 652 2048 705 Et
2070 653 2207 721 apud
2232 651 2418 706 Isaiam
2447 667 2657 705 rursus:
2685 651 2801 706 Vox
2823 654 3060 719 dit-eatis,
3083 652 3268 708 Clama
3284 655 3351 708 ".

1791 741 1902 797 Vox
1929 745 2140 812 quidem
2193 752 2276 796 est
2316 745 2453 812 apud
2501 759 2596 797 nos
2653 753 2746 797 aut
2793 758 2886 797 aer
2920 758 3223 806 percussus,
3261 755 3356 798 aut

1792 836 1999 903 species
2014 835 2252 903 qua-dam
2285 834 2335 888 in
2367 849 2490 889 aere
2517 835 2798 904 impressa,
2817 852 2975 906 quam
2998 838 3084 906 qui
3115 852 3356 906 pronun-

1793 928 1920 992 tiat,
1951 927 2250 994 exprimere
2293 925 2424 980 vult.
2471 925 2607 991 Quid
2638 927 2803 994 igitur
2849 937 2932 982 est
2973 943 3074 982 vox
3099 927 3354 984 Domini?

1793 1020 2136 1089 percussione
2164 1019 2215 1072 in
2248 1033 2372 1074 aere
2393 1018 2611 1087 intelligi
2643 1019 2818 1081 debet,
2839 1034 2906 1072 an
2930 1034 3024 1072 aer
3047 1034 3350 1088 percussus.

1791 1111 1857 1164 ad
1898 1124 2054 1164 aures
2083 1125 2251 1178 usque
2286 1111 2603 1180 perveniens
2637 1111 2784 1179 ejus,
2817 1111 2880 1162 ad
2917 1125 3073 1180 quem
3116 1112 3174 1165 Ilt
3200 1113 3348 1166 vox?

1793 1200 1985 1256 Utrum
2024 1211 2273 1255 neutrum
2323 1203 2534 1263 horum,
2585 1205 2678 1256 sed
2735 1203 2953 1257 alterius
3001 1206 3211 1274 generis
3240 1204 3355 1260 haec

1792 1308 1892 1346 vox
1930 1303 2032 1360 est,
2065 1309 2183 1362 quae
2210 1294 2258 1347 in
2290 1305 2469 1348 mente
2493 1295 2747 1350 horumce
2769 1295 3043 1351 hominum
3081 1313 3216 1367 quos
3244 1301 3356 1354 vult;

1793 1385 1932 1440 Deus
1971 1401 2120 1439 suam
2159 1400 2342 1439 vocem
2393 1387 2594 1449 audire,
2628 1388 2944 1456 recipiatur,
2981 1390 3354 1458 consignetur-

1791 1492 1914 1546 que,
1945 1479 2015 1530 ita
2049 1488 2105 1531 ut
2158 1478 2270 1531 haec
2319 1477 2595 1545 phantasia
2639 1494 2759 1533 cum
2809 1495 2872 1533 ea
2917 1495 3036 1548 quae
3077 1481 3269 1551 smpius
3302 1483 3353 1536 in

1790 1569 1992 1622 somnis
2021 1570 2096 1631 Iit,
2115 1569 2698 1636 habeatcognationem
2724 1581 2881 1641 atque
2902 1573 3350 1627 convenientiam.

1792 1659 2248 1726 Quemadmodum
2278 1661 2442 1725 enim,
2470 1675 2594 1716 aere
2617 1677 2719 1715 non
2751 1677 3033 1731 percusso,
3066 1665 3352 1732 quamdam

1794 1751 2076 1805 verborum
2105 1761 2159 1805 et
2186 1767 2436 1805 sonorum
2479 1753 2791 1806 memoriam
2835 1753 2886 1807 in
2927 1753 3223 1823 phantasiis
3257 1771 3356 1823 per

1793 1857 2036 1895 somnum
2068 1841 2378 1911 accipimus,
2403 1857 2703 1911 quanquam
2735 1859 2834 1896 vox
2859 1860 2954 1912 per
2981 1846 3215 1900 auditum
3248 1862 3350 1899 non

1794 1931 2082 1999 recipitur,
2119 1932 2210 1984 sed
2269 1931 2320 1983 in
2375 1933 2489 2000 ipso
2541 1933 2701 1986 corde
2763 1944 2945 1987 nostro
2992 1935 3351 2002 imprimitur;

1791 2021 1952 2073 etiam
1983 2020 2240 2088 ejusmodi
2273 2034 2451 2074 vocem
2477 2021 2528 2074 in
2550 2023 2822 2090 prophetis
2848 2038 2876 2076 a
2907 2024 3013 2078 Deo
3035 2027 3353 2092 productam

1793 2109 1956 2165 fuisse
2012 2111 2232 2165 credere
2266 2127 2363 2180 par
2393 2121 2493 2166 est.
2551 2111 2661 2166 νοτ
2712 2113 2924 2168 Domini
2967 2133 3122 2181 super
3165 2122 3350 2186 aquas.

1793 2201 1942 2268 Quod
1969 2203 2178 2271 quidem
2207 2205 2270 2257 ad
2315 2204 2566 2258 sensibile
2601 2206 2794 2258 attinet
2841 2225 2854 2271 ;
2888 2211 3139 2277 quoniam
3183 2211 3352 2264 nubes

1792 2295 1947 2347 simul
1981 2299 2037 2348 ut
2071 2296 2220 2365 aquis
2254 2295 2511 2351 conferta:
2536 2308 2681 2359 sunt,
2714 2312 2900 2351 sonum
2943 2301 3350 2370 strepitumque,

1792 2388 1916 2439 dum
1949 2388 2090 2442 inter
2111 2403 2168 2441 se
2197 2388 2544 2453 colliduntur,
2581 2393 2766 2454 edunt,
2805 2393 2922 2446 ideo
2954 2395 3030 2445 ait
3062 2405 3075 2446 :
3115 2385 3226 2447 Vox
3255 2395 3355 2447 Do-

1793 2479 1920 2530 mini
1943 2495 2096 2547 super
2121 2496 2302 2548 aquas.
2337 2479 2441 2535 Sed
2471 2490 2527 2533 et
2572 2482 2743 2536 sicubi
2781 2483 2872 2537 fiat
2897 2485 3149 2554 strepitus
3184 2499 3354 2554 aqua-

1794 2585 1909 2623 rum
1938 2570 2005 2625 ob
2050 2573 2370 2626 renitentem
2422 2572 2649 2641 aliquem
2682 2573 2890 2628 obicem
2918 2576 3274 2644 diruptarum,
3300 2589 3354 2630 et

1792 2661 1835 2716 si
1869 2676 2016 2715 mare
2037 2662 2211 2715 ventis
2236 2663 2489 2731 agitatum
2519 2673 2802 2729 extestuet,
2829 2675 2881 2718 et
2908 2665 3194 2720 violentum
3230 2661 3355 2722 edat

1793 2766 2002 2816 sonum,
2041 2753 2121 2806 hie
2153 2767 2239 2806 res
2269 2754 2572 2806 inanimatae
2594 2769 2622 2806 a
2652 2754 2877 2809 Domino
2904 2757 3097 2810 habent
3127 2771 3308 2812 vocem
3335 2776 3350 2812 :

1791 2841 1985 2910 quippe
2022 2841 2256 2894 ostendit
2280 2840 2578 2908 Scriptura,
2612 2857 2798 2896 omnes
2839 2859 2925 2897 res
2959 2855 3169 2899 creatas
3195 2847 3354 2915 Opili-

1792 2945 1907 2985 cem
1935 2947 2088 2985 suum
2116 2933 2494 2988 anrumtiautes
2516 2943 2717 2986 lautum
2744 2950 2846 2988 non
2869 2936 3099 2992 clamare
3117 2939 3179 2991 θ’.
3202 2938 3352 3003 Quod

1793 3022 1837 3074 si
1862 3023 2057 3075 tonitru
2087 3037 2153 3076 ex
2187 3023 2415 3077 nubibus
2435 3025 2714 3092 obstrepit,
2740 3026 2868 3079 nihil
2893 3026 3032 3079 aliud
3061 3030 3350 3096 putandum

1792 3123 1892 3179 est,
1921 3116 2022 3168 nisi
2056 3117 2194 3184 quod
2253 3116 2394 3169 Deus
2442 3117 2736 3184 majestatis
2787 3119 3094 3184 intonuerit,
3125 3130 3177 3174 et
3210 3122 3350 3188 quod

1795 3207 2046 3261 Dominus
2072 3210 2160 3272 sit,
2195 3209 2284 3278 qui
2336 3224 2430 3279 per
2476 3211 2708 3279 seipsum
2765 3211 3035 3265 humidam
3080 3214 3354 3268 contineat

1791 3309 2054 3354 naturam.
2086 3299 2338 3354 Dominus
2371 3318 2524 3369 super
2571 3314 2734 3372 aquas
2779 3303 2991 3356 multas.
3021 3304 3352 3372 Agnovimus

1788 3391 1928 3444 enim
1988 3391 2039 3444 in
2100 3392 2278 3444 mundi
2316 3393 2680 3459 procreationc
2736 3407 2928 3460 aquam
2980 3409 3140 3462 super
3164 3395 3348 3458 caelos,

1789 3495 1978 3548 aquam
2038 3497 2223 3534 rursus
2269 3482 2477 3550 abyssi,
2511 3483 2634 3536 item
2689 3481 2849 3536 aliam
2902 3499 3126 3548 aquam,
3160 3501 3352 3555 nempe

1790 3571 2228 3640 congregationes
2259 3572 2419 3624 maris
2441 3572 2503 3624 ⁸³.
2523 3570 2654 3639 Quis
2676 3573 2834 3640 igitur
2860 3583 2942 3628 est
2967 3576 3056 3643 qui
3086 3575 3197 3629 haec
3223 3591 3352 3629 con-

1789 3664 1974 3724 tineat,
2005 3677 2103 3717 nec
2125 3677 2184 3716 ea
2219 3663 2356 3717 sinat
2384 3664 2611 3716 naturali
2642 3665 2876 3733 pondere
2906 3666 3151 3718 deorsum
3195 3667 3350 3728 ferri,

1789 3756 1892 3809 nisi
1928 3757 2305 3825 Dominus,qui
2335 3756 2463 3809 nihil
2489 3771 2592 3808 non
2626 3756 2900 3826 pertingit,
2943 3756 3144 3825 quique
3189 3772 3350 3825 aqua-

1791 3866 1904 3904 rum
1934 3851 2095 3904 habet
2122 3850 2399 3917 imperium
2427 3849 2666 3904 ?Forsan
2692 3865 2817 3906 vero
2845 3861 2899 3905 et
2927 3853 3092 3920 magis
3124 3853 3348 3922 mystice

1796 3941 1910 3995 Vox
1936 3941 2146 3994 Domini
2195 3957 2350 4010 super
2377 3959 2540 4011 aquas
2582 3954 2730 4005 erat,
2764 3958 2881 3996 cum
2918 3943 3186 4011 baptizato
3222 3942 3346 3997 Jesu

1789 4036 1925 4088 facta
1963 4042 2048 4088 est
2094 4049 2326 4102 superne
2364 4049 2508 4088 vox:
2553 4033 2652 4086 llic
2685 4043 2758 4087 est
2807 4033 2979 4086 Filius
3024 4051 3164 4087 meus
3221 4037 3350 4087 diie-

1789 4139 1898 4180 ειυς
1941 4126 2003 4178 ⁸⁵.
2041 4126 2190 4182 Tunc
2240 4129 2380 4180 enim
2435 4129 2684 4179 Dominus
2740 4141 2901 4193 super
2952 4127 3146 4181 multas
3190 4128 3350 4197 118

1788 4234 1953 4288 aquas
1986 4230 2104 4273 erat
2134 4238 2145 4273 :
2176 4219 2367 4286 quippe
2391 4219 2478 4286 qui
2518 4233 2613 4288 per
2658 4218 2984 4286 baptismum
3014 4220 3166 4286 aquis
3220 4235 3352 4271 cor-

1790 4311 1955 4366 ferret
1993 4312 2328 4364 sanctitatem
2367 4327 2380 4361 :
2415 4309 2554 4362 Deus
2599 4322 2776 4364 autem
2813 4311 2994 4378 gloriae
3043 4310 3149 4362 alta
3198 4313 3349 4363 testi-

1789 4403 2048 4456 moniisui
2074 4417 2200 4456 voce
2232 4404 2458 4472 desuper
2486 4403 2925 4470 intonuit.Atque
2964 4403 3125 4458 etiam
3158 4403 3347 4458 relicta

121 4497 331 4551 ἄνωθεν
367 4496 748 4567 ἐπεὸρόντησε.
793 4495 901 4547 Καὶ
957 4497 1067 4556 τοῖς
1101 4494 1508 4564 βαπτιζομένοις
1552 4496 1607 4547 δὲ
1652 4499 1683 4564 ή

1792 4511 1819 4548 a
1870 4497 2093 4551 Domino
2146 4511 2245 4550 vox
2306 4511 2467 4564 super
2521 4494 2853 4562 baptizandis
2911 4497 3286 4564 pronuntiatur
3331 4513 3346 4548 :

120 4588 278 4659 παρὰ
313 4587 406 4640 τοῦ
462 4587 664 4658 Κυρίου
699 4585 1114 4654 καταλειφθεῖσα
1161 4587 1307 4656 φωνὴ
1342 4587 1682 4654 ἐπιλέγεται·

121 4681 520 4748 Πορευθέντες
560 4678 691 4748 τὰρ,
734 4680 896 4749 φησὶ,
923 4679 1234 4741 ﬁam-itere
1274 4681 1362 4742 εἰς
1399 4680 1461 4732 τὸ
1501 4680 1686 4750 ὄνομα

121 4770 233 4823 τοῦ
265 4770 510 4837 Πατρός,
541 4770 637 4823 καὶ
686 4769 790 4823 τοῦ
824 4768 986 4831 Υὶοῦ,
1015 4769 1113 4823 καὶ
1147 4770 1250 4824 τοῦ
1298 4773 1467 4840 ἁγίου
1500 4775 1684 4826 Πνεύ-

121 4881 328 4931 ματος.
357 4862 526 4930 Φωνὴ
563 4857 676 4917 οὖν
702 4863 917 4930 Κυρίου
956 4863 1052 4915 ἐπὶ
1103 4861 1220 4915 τῶν
1267 4863 1515 4915 ὑδάτων.
1563 4866 1688 4915 Συν-

195 4980 242 5011 ⁸⁹
269 4978 403 5032 Gen.
441 4993 530 5037 xv,
559 4976 612 5029 4.
689 4976 732 5006 ⁸⁸
773 4973 938 5029 Exod.
988 4991 1077 5036 xx.
1123 4975 1212 5029 48.

123 5049 172 5082 "
199 5049 386 5103 Matth.
419 5061 604 5110 xxvm,
636 5045 718 5100 19.

197 5161 308 5233 (9|)
339 5159 581 5233 Sic_mss.
616 5158 988 5233 _cum_edi_tione
1017 5153 1376 5233 DasiILEditio
1409 5168 1535 5208 vero
1567 5154 1669 5233 Pa.-

126 5225 225 5286 ris.
258 5225 393 5302 πρὸς
420 5230 498 5302 ὃν,
528 5229 684 5282 male.
706 5229 912 5302 _Statim
944 5229 1112 5302 codex
1137 5225 1506 5302 portlerianus
1541 5227 1672 5302 πρό-

124 5318 280 5371 τερον
305 5296 406 5371 pro
427 5299 668 5369 πότερον,
706 5299 845 5371 haud
896 5307 1056 5351 recte.
1087 5296 1332 5363 Alioquin
1363 5298 1670 5371 enimscri-

127 5365 249 5441 ptor
279 5365 570 5441 aIIirmaret
592 5370 731 5436 quod
769 5380 907 5441 mox_
927 5375 1215 5441 negaturus
1252 5375 1352 5416 est.
1384 5365 1670 5441 qutlerius

128 5435 257 5497 I’alsa
274 5439 540 5505 scriptura
570 5435 841 5502 deceptus,
869 5435 945 5505 sic
971 5437 1351 5505 interpretatur
1387 5453 1397 5485 :
1435 5435 1666 5487 Primum

126 5503 547 5579 percussioicirca
570 5524 736 5561 aerem
765 5503 1108 5579 intelligatur,
1133 5503 1209 5555 vel
1234 5515 1478 5579 aer,__etc.

196 5580 308 5652 (92)
343 5577 441 5652 εἰς
477 5590 620 5652 _r_n_ss.
665 5587 742 5652 eL
755 5577 919 5652 editio
959 5573 1306 5652 Ba-silecnsis.’
1335 5571 1662 5652 Illud,__x10‘

127 5640 311 5714 ὕπνον,
342 5650 394 5702 in
426 5645 661 5700 editione
707 5645 881 5698 Paris.
930 5645 1186 5698 omissum
1237 5640 1401 5698 fuisse
1458 5647 1671 5700 videtur

125 5721 405 5789 oscitantis
435 5715 902 5786 typographorum.

191 5793 300 5863 (95)
334 5785 470 5843 Ειιίιί
496 5785 559 5842 et
589 5800 718 5840 mss.
752 5799 854 5836 non
889 5786 1040 5855 pauci
1070 5785 1123 5838 εἴ
1159 5807 1282 5857 που,
1321 5788 1474 5861 φησί.
1513 5787 1671 5852 Illud,

395 5886 674 5948 ΡΑτιιοι..
706 5883 820 5942 Gn.
853 5882 904 5940 Χ
923 5880 1097 5944 XIX.

1291 4977 1334 5007 ⁶¹
1360 4976 1458 5028 lsa.
1497 4975 1652 5040 “,6.
1730 4976 1772 5005 ⁶¹
1807 4972 1945 5028 Psal.
1990 4987 2144 5036 xvm,
2173 4975 2229 5028 2.

1789 4591 1984 4641 Euntes
2007 4590 2164 4648 enim,
2199 4589 2385 4654 inquit,
2416 4587 2675 4650 baptizata
2723 4587 2779 4638 in
2820 4588 3025 4639 nomine
3072 4585 3273 4649 Patris,
3301 4598 3346 4639 et

1793 4677 1942 4743 Filii,
1967 4691 2012 4731 et
2043 4679 2266 4747 Spiritus
2299 4677 2465 4728 sancti
2500 4676 2564 4730 ⁸⁵.
2606 4675 2718 4731 Vox
2759 4680 2917 4747 igitur
2944 4677 3154 4732 Domini
3197 4694 3350 4743 super

1792 4788 1972 4840 aquas.
2016 4771 2102 4823 Fit
2144 4778 2319 4821 autem
2372 4769 2604 4832 tonitru,
2647 4770 2857 4837 quando
2909 4770 3128 4839 spiritus
3173 4769 3348 4821 siccus

1796 4873 1850 4916 et
1887 4861 2171 4922 violentus,
2198 4861 2250 4915 in
2303 4863 2458 4916 nubis
2505 4875 2741 4916 concavo
2778 4861 3035 4924 inclusus,
3081 4874 3144 4914 ac
3187 4861 3346 4914 vehe-

2307 4975 2351 5005 ⁸³
2381 4973 2513 5030 Gen.
2546 4991 2584 5037 ι,
2617 4973 2769 5026 7-10.
2845 4972 2890 5002 ⁸⁸
2917 4970 3104 5028 Matth.
3143 4988 3222 5039 tu,
3259 4973 3344 5026 17.

1778 5157 1932 5224 φησί,
1960 5174 2058 5212 nec
2085 5159 2135 5211 in
2167 5158 2296 5225 Reg.
2337 5157 2591 5220 secundo,
2620 5173 2716 5212 uec
2738 5157 2792 5211 in
2822 5160 2970 5215 Colb.
3003 5167 3155 5213 sexto
3187 5173 3339 5226 repo-

1777 5227 1932 5298 ri_tur,
1967 5231 2124 5293 idque
2163 5229 2372 5281 melius.
2405 5228 2600 5280 Ibidem
2629 5243 2761 5282 mss.
2788 5231 2891 5284 duo
2914 5231 3083 5298 ψόφος
3109 5229 3202 5281 ἐπὶ
3229 5229 3338 5281 τῶν

1777 5296 2002 5350 ὑδάτων.
2032 5299 2222 5350 Statim
2281 5297 2517 5350 nonnulli
2563 5313 2692 5352 mss.
2725 5314 2844 5353 cum
2901 5296 3058 5353 editis
3107 5299 3336 5366 γένοιτο.

1775 5367 1875 5418 Alii
1901 5370 2116 5436 γίνοιτο.
2145 5370 2247 5421 Alii
2269 5381 2490 5420 munero
2522 5368 2703 5436 plures
2727 5369 2985 5437 γίγνοιτο.

1847 5439 1954 5506 (9t)
1995 5438 2137 5509 liegii
2169 5438 2434 5492 secundus
2470 5447 2524 5492 et
2544 5448 2771 5507 quartus
2793 5441 2900 5492 ἀπὸ
2937 5439 3195 5509 νεφελῶν.
3230 5438 3335 5491 Ibi-

1775 5505 1892 5580 dem
1929 5505 2292 5580 Regii’tertius
2321 5515 2376 5559 et
2409 5505 2628 5580 quartus
2651 5509 2756 5580 χρὴ
2786 5513 2946 5566 νοεῖν.
2982 5505 3202 5580 Rursus
3233 5511 3335 5560 hnc

1782 5577 1894 5642 ipso
1919 5582 1967 5630 iu
1997 5578 2110 5649 loco
2141 5579 2273 5645 Reg.
2312 5579 2503 5649 tertius
2551 5577 2828 5644 aliquanto
2861 5581 3034 5636 fusius
3078 5578 3339 5649 ἐϐρόντη-

1782 5663 1870 5699 σεν
1898 5651 1988 5700 ἐπὶ
2011 5648 2216 5716 ὑδάτων
2247 5647 2477 5708 πολλῶν,
2506 5659 2615 5702 etc.

1853 5720 1960 5790 (95)
1988 5720 2139 5775 Coll).
2166 5730 2390 5788 quartus
2418 5719 2550 5789 πρὸς
2583 5720 2642 5771 τὸ
2673 5719 2840 5774 κάτω.

3001 5884 3069 5942 10
