4098 6324
174 342 287 396 ῗῦὅ

1273 340 1554 395 ιιοὲιιιιιιι
1593 337 1660 394 IN
1699 339 2028 397 PSALML’M
2069 341 2304 398 XXVlll.

3310 351 3410 403 29-1

177 463 431 532 πράξεων
481 463 776 533 ἐνεργείας,
833 465 860 515 ό
892 462 1126 524 τοιοῦτος
1182 462 1367 514 ἀκούει
1410 462 1746 532 μεγαλοπρε-

1855 460 2128 515 affectibus
2164 461 2322 514 fuerit
2362 460 2548 522 libera,
2584 462 2960 529 acceperitque
2989 465 3407 534 magnitudinem

176 556 310 624 πής,
345 555 508 607 Ὅταν
530 552 620 607 οὖν
652 555 794 625 ψυχὴ
825 555 1118 616 ἀδούλωτος
1212 554 1287 624 τῷ
1323 556 1624 625 φρονήματι
1654 553 1750 622 τῆς

177 646 402 715 σαρκδς,
462 645 686 715 μέγεθος
726 646 782 698 δὲ
821 649 916 699 κα¹ι
951 645 1027 711 (9.)
1077 644 1290 714 ἀξίωμα
1320 645 1524 714 πρέπον
1585 646 1749 714 ἑαυτῇ

175 735 245 786 ἐκ
275 736 371 805 τῆς
402 737 798 807 συναισθήσεως
832 738 936 789 τῶν
979 737 1285 806 προσόντων
1319 738 1451 806 αὑτῇ
1483 736 1586 788 ἀπὸ
1617 736 1748 787 Θεοῦ

175 827 449 900 ἀναλάϐῃ,
491 831 545 880 ὲν
575 830 743 900 ταύτῃ
773 829 978 896 γίνεται
1034 831 1064 899 ή
1099 828 1249 898 φωνὴ
1279 827 1369 881 τοῦ
1426 829 1649 896 Κυρίου.
1689 829 1750 878 Οἱ

174 915 276 970 οὖν
317 920 673 989 μεγαλοφυεῖς
716 920 811 990 μὲν
840 919 1052 989 ἔχοντες
1075 921 1173 982 τάς
1208 921 1334 992 περὶ
1360 919 1492 971 Θεοῦ
1524 918 1747 980 ἐννοίας,

179 1011 404 1080 ind/nlo);
443 1011 498 1064 δὲ
545 1012 943 1082 τεθεωρηκότες
976 1013 1102 1074 τοὺς
1127 1013 1252 1082 περὶ
1289 1010 1515 1089 κτίσεως
1539 1009 1747 1077 λόγους,

179 1105 280 1155 καὶ
313 1103 628 1172 δυνηθέντες
671 1103 762 1154 ἐπὶ
802 1103 966 1154 ποσὸν
997 1102 1125 1170 γοῦν
1158 1101 1430 1154 ἐπιϐαλεῖν
1462 1100 1539 1169 τῷ
1564 1099 1749 1168 ἀγαθῷ

176 1194 280 1264 τῆς
310 1194 402 1248 τοῦ
424 1195 554 1247 Θεοῦ
582 1195 853 1264 προνοίας,
889 1197 982 1246 καὶ
1013 1193 1233 1266 προσέτι
1260 1193 1316 1244 ἐν
1336 1194 1453 1253 ταῖς
1489 1192 1750 1252 δαπάναις

177 1287 440 1355 ἀφειδεῖς,
482 1287 572 1338 καὶ
620 1285 980 1355 μεγαλόδωροι
1027 1288 1082 1338 ἐν
1111 1283 1186 1354 τῷ
1224 1284 1319 1346 τὰς
1361 1283 1468 1335 τῶν
1509 1282 1750 1350 ἀδελφῶν

177 1381 373 1448 χρείας
406 1377 852 1448 ἐπανορθοῦσθαι,
882 1372 1027 1430 οῦτοί
1050 1378 1184 1429 εἰσιν
1207 1378 1255 1428 οί
1295 1376 1746 1446 μεγαλοπρεπεῖς,

175 1469 237 1520 ὲν
287 1466 429 1538 οἷςή
467 1469 614 1539 φωνὴ
672 1468 764 1520 τοῦ
801 1469 998 1538 Κυρίου
1049 1467 1478 1537 ἐμπολιτεὺεται.
1515 1465 1602 1536 Τῷ
1640 1467 1750 1519 ὄντι

175 1563 288 1630 γάρ
317 1563 344 1611 ὁ
394 1560 810 1631 μεγαλοπρεπὴς
858 1562 1097 1630 ὑπερορᾷ
1125 1560 1301 1613 πάντα
1336 1561 1403 1612 τά
1442 1559 1746 1628 σωματικά,

175 1651 388 1712 οὐδενὸς
416 1648 550 1704 εἶναι
595 1652 717 1715 ἄξια
765 1652 959 1719 κρίνων
988 1653 1144 1720 λόγου
1189 1656 1253 1721 τῇ
1299 1651 1597 1721 παραθέσει
1643 1651 1748 1703 τῶν

177 1743 443 1812 ἀοράτων.
487 1743 588 1794 Τὸν
637 1744 1026 1814 μεγαλοπρεπῆ
1070 1744 1291 1812 οὐδεμία
1328 1743 1553 1811 λυπήσει
1595 1743 1750 1813 περίο

178 1851 401 1896 στασις·
445 1836 562 1888 οὑδὲ
608 1837 742 1899 ὅλως
787 1836 958 1899 πάθος
999 1853 1048 1888 τι
1078 1835 1239 1888 αὑτὸν
1287 1833 1594 1902 ἐκταράξει,
1630 1836 1748 1887 οὐδὲ

175 1922 569 1995 ἀνθρωπαρίων
632 1925 850 1993 φαύλων
891 1924 982 1976 καὶ
1041 1924 1532 1994 εὑκαταςρρονήτων
1573 1925 1750 1995 ἀμαρ-

173 2014 394 2082 τήματα
447 2017 654 2085 κινήσει
676 2034 689 2046 ο
729 2015 848 2067 οὑδὲ
881 2013 1188 2083 ἀκαθαρσία
1231 2015 1329 2084 τῆς
1360 2015 1558 2086 σαρκὸς
1591 2016 1751 2067 αὑτὸν

173 2107 518 2161 ταπεινώσει.
555 2108 916 2178 Διοσπῴσιτος
953 2109 1061 2178 γάρ
1092 2110 1205 2160 ἐστι
1261 2113 1370 2170 τοῖς
1433 2127 1752 2161 ταπεινωτι-

174 2201 293 2262 κοῖς
347 2200 590 2258 πάθεσιν.
645 2200 762 2252 οὑδὲ
811 2200 1171 2270 προσϐλέπειν
1232 2200 1378 2271 αὐτῷ
1433 2201 1749 2272 δυναμένοις

172 2290 264 2343 διὰ
293 2292 354 2344 τί)
385 2291 518 2358 ῦψος
541 2291 637 2360 τῆς
658 2290 898 2361 γνώμης.
926 2293 1153 2360 Λέγεται
1182 2293 1238 2344 δέ
1271 2310 1351 2355 τις
1380 2292 1470 2344 καὶ
1493 2291 1626 2345 Θεοῦ
1658 2309 1750 2362 με·

173 2385 580 2458 γαλοπρέπεια·
635 2384 710 2448 ὼς
771 2385 851 2447 τὸ,
897 2385 1149 2455 Ἐπήρθη
1208 2387 1245 2452 ἡ
1277 2384 1751 2454 μεγαλοπρέπειά

174 2495 295 2529 σου
323 2476 593 2543 ὑπεράνω
623 2476 743 2530 τῶν
771 2477 1060 2546 οὐρανῶν.
1097 2479 1158 2530 Οἱ
1187 2473 1277 2528 οὖν
1300 2476 1367 2527 τά
1392 2477 1600 2546 μεγάλα
1626 2478 1752 2548 περὶ

174 2566 314 2618 Θεοῦ
348 2565 677 2631 δοξάζοντες,
710 2564 852 2621 οῦτοι
894 2567 1277 2637 ὑπεραίρουσιν
1311 2567 1474 2619 αὑτοῦ
1514 2566 1610 2637 τὴν
1657 2585 1751 2637 με·

174 2657 600 2727 γαλοπρὲπειαν.

245 2747 298 2800 5.
329 2749 499 2816 Φωνὴ
534 2750 753 2816 Kt-pt'ov
789 2748 1216 2814 συντρίϐοντος
1243 2747 1512 2815 κέδρους.
1569 2748 1632 2798 ’ll
1663 2747 1752 2799 κέ-

170 2840 296 2910 δρος
329 2841 456 2893 ποτὲ
501 2841 598 2907 μὲν
623 2840 696 2903 ὡς
730 2840 973 2909 μόνιμον,
1018 2841 1111 2890 καὶ
1148 2839 1361 2907 σήψεως
1399 2839 1625 2908 βέλτιον,
1659 2837 1752 2890 καὶ

173 2932 394 2995 εὑῶδες,
436 2933 529 2985 καὶ
584 2931 788 3000 σκέπην
825 2932 1002 2984 ἱκανὸν
1052 2930 1388 2999 παρέχεσθαι
1450 2929 1596 2998 παρὰ
1655 2929 1750 2998 τῆς

174 3024 399 3095 Γραφῆς
427 3027 756 3077 ἐπαινεῖται·
794 3024 919 3076 ποτὲ
952 3024 1006 3074 δὲ
1024 3024 1096 3083 ὡς
1117 3024 1364 3092 ἄκαρπον
1396 3024 1486 3075 καὶ
1510 3023 1749 3090 δυσκαμ-

176 3116 273 3179 πὲς
297 3115 659 3174 διαϐάλλεται,
693 3114 766 3175 ὡς
789 3114 880 3164 καὶ
904 3112 1084 3164 εἰκόνα
1115 3111 1352 3181 πληροῦν
1380 3111 1473 3163 τοῦ
1500 3111 1744 3173 ἀσεϐοῦς.

1855 568 1916 606 ac
1947 553 2283 622 dignitatem,
2305 568 2422 619 qnte
2466 553 2625 623 119
2655 570 2750 621 pro
2778 554 3088 608 facultatum
3119 573 3146 608 a
3193 556 3299 608 Deo
3323 575 3409 608 ae-

1857 657 2135 710 ceptarum
2184 643 2490 710 cOgnitione
2521 645 2618 696 sibi
2653 646 2955 707 conveniat,
2994 655 3102 698 tum
3135 647 3186 698 in
3217 647 3302 699 illa
3355 648 3412 699 fit

1855 747 1954 784 vox
1979 733 2209 786 Domini.
2236 733 2592 797 Quamobrem
2628 735 2717 801 qni
2757 737 3041 804 magnifice
3076 738 3316 804 cogitant
3347 741 3412 789 de

1857 822 1963 876 Deo
1996 865 2010 886 ,
2053 833 2106 875 et
2159 824 2449 878 creationis
2501 827 2738 878 rationes
2797 827 2902 880 alte
2954 827 3205 895 speculati
3263 838 3408 887 sunt,

1851 926 1905 968 et
1951 917 2280 982 aliquantum
2341 916 2532 969 saltem
2583 917 2876 971 bonitatem
2926 919 3271 986 providentia:
3321 921 3408 974 Dei

1853 1010 2063 1075 assequi
2091 1019 2333 1077 potuere,
2388 1009 2716 1079 insnperque
2747 1011 2890 1078 parci
2923 1027 3027 1064 non
3077 1021 3201 1066 sunt
3248 1014 3297 1065 in
3337 1013 3413 1066 fa-

1851 1099 2059 1152 ciendis
2106 1100 2426 1164 sumptibus,
2465 1108 2517 1150 et
2565 1100 2615 1151 in
2669 1100 3009 1152 sublevandis
3058 1099 3282 1154 fratrum
3317 1119 3410 1155 ne.-

1851 1191 2193 1244 cessitatibus
2213 1191 2459 1244 liberales
2472 1201 2614 1255 sunt;
2636 1191 2710 1257 hi,
2733 1192 3107 1259 inquam,snnt
3123 1195 3412 1263 magnifici,

1853 1282 1903 1335 in
1941 1283 2135 1350 quibus
2184 1297 2283 1334 vox
2319 1282 2522 1336 Dmnini
2578 1282 2862 1335 inhabitat.
2896 1284 3108 1338 Etenim
3157 1288 3247 1354 qni
3288 1302 3414 1340 vere

1853 1374 2170 1441 magnificus
2199 1384 2302 1438 est,
2338 1390 2422 1428 res
2452 1389 2641 1428 omnes
2668 1389 2952 1442 corporeas
2971 1387 3314 1444 aspernatur,
3345 1394 3410 1428 ac.

1851 1479 1958 1531 piae
1988 1465 2342 1518 invisibilibns
2386 1480 2477 1517 eas
2531 1464 2661 1519 facit
2714 1466 2883 1518 nihili.
2924 1466 3238 1521 Advers’las
3269 1467 3410 1520 nulla

1852 1556 2190 1621 magnificum
2210 1556 2402 1610 afficiet
2434 1557 2675 1619 tristitia,
2707 1556 2850 1610 nulla
2882 1573 3097 1626 prorsus
3129 1559 3266 1612 mala
3290 1569 3414 1613 sunt

1851 1645 1997 1699 illum
2039 1649 2415 1713 perlurbatura
2447 1665 2464 1703 :
2498 1663 2667 1716 neque
2711 1651 3073 1718 improborum
3132 1662 3185 1705 et
3235 1654 3412 1720 despi-

1849 1739 2160 1793 ciendorutn
2205 1741 2646 1794 homunculornm
2693 1752 2905 1808 peccata
2951 1758 3070 1796 eum
3108 1758 3410 1798 commove-

1786 1833 2027 1896 Bbunt,
2085 1848 2256 1902 neque
2305 1833 2482 1901 ipsum
2545 1836 2807 1905 deprimet
2864 1838 3043 1891 carnis
3105 1836 3408 1905 impuritas.

1853 1923 2176 1980 Alfectiones
2246 1927 2388 1980 enim
2447 1943 2566 1995 qua:
2630 1929 2970 1991 demittunt,
3023 1927 3409 1998 abjiciuntqnc,

1852 2018 1938 2070 vix
2000 2017 2202 2069 aditum
2254 2019 2320 2071 ad
2379 2018 2525 2070 illum
2576 2018 2896 2080 inveniunt,
2923 2034 3042 2072 cum
3076 2034 3142 2074 ne
3171 2021 3414 2088 aspicere

1852 2108 2064 2178 quidem
2147 2109 2318 2179 ipsum
2381 2110 2450 2163 ob
2529 2111 2725 2164 mentis
2787 2111 3118 2164 altitudinem
3186 2122 3409 2180 queant.

1857 2201 2062 2253 Dicitur
2109 2209 2286 2252 autem
2340 2208 2395 2253 et
2445 2201 2689 2268 qtttedam
2739 2200 2830 2254 Dei
2887 2201 3319 2269 magnificent’a,
3358 2213 3415 2253 ιιι

1853 2291 1905 2343 ἰη
1963 2293 2065 2344 hoc
2115 2290 2280 2344 loco:
2314 2289 2530 2345 Elerata
2576 2303 2649 2346 est
2700 2293 3090 2362 magniﬁcentia
3134 2303 3223 2347 tua
3262 2310 3416 2361 διενει-

1851 2382 2004 2435 caelos
2025 2382 2093 2434 ".
2161 2381 2258 2448 Qui
2317 2383 2479 2452 igitur
2519 2400 2711 2454 magna
2751 2386 2817 2438 de
2872 2386 2980 2439 Deo
3026 2385 3297 2449 sentiunt,
3361 2386 3412 2439 hi

1855 2472 2026 2541 ipsius
2059 2471 2321 2526 extollunt
2351 2475 2826 2543 magnificentiam.

1924 2742 1974 2795 ὅ.
2010 2744 2168 2796 Vens.
2204 2744 2254 2798 5.
2311 2745 2419 2800 Vox
2446 2746 2658 2799 Domini
2686 2749 3056 2818 ron/'ringentic
3080 2751 3282 2804 cedros.
3316 2752 3416 2808 Ce-

1852 2830 1982 2884 drns
2015 2834 2173 2886 modo
2213 2843 2271 2886 ut
2324 2851 2410 2888 res
2465 2838 2694 2901 stabilis,
2751 2848 2802 2892 et
2856 2843 3153 2906 putredinis
3195 2858 3414 2913 expers.

1853 2920 2208 2991 odorataqne,
2239 2933 2293 2978 et
2350 2926 2414 2978 ad
2450 2929 2789 2995 pra'bcndnm
2833 2940 3042 2998 tegmen
3071 2941 3192 3000 apta
3217 2949 3245 2987 a
3273 2935 3416 2989 Serio

1850 3025 2004 3082 plura
2058 3014 2344 3082 laudatur;
2408 3018 2566 3072 modo
2632 3027 2689 3072 ut
2747 3019 3080 3075 infructuosa
3152 3034 3206 3078 et
3268 3041 3412 3095 aegre

1854 3103 2102 3160 ﬂexibilis
2139 3109 2494 3177 vituperatur,
2520 3113 2654 3164 adeo
2680 3121 2737 3164 ιιι
2765 3112 2909 3182 impii
2935 3114 3095 3168 etiam
3126 3115 3412 3185 imaginem

177 3206 359 3262 Εἶδον
384 3209 490 3274 γὰρ
521 3207 625 3258 τὸν
644 3203 830 3272 ἀσεϐῆ
859 3180 1354 3271 ὺπερυψούμενον
1383 3205 1478 3255 καὶ
1515 3204 1746 3269 ἐπαιρό-

1855 3199 2033 3262 fcrat,
2089 3198 2436 3269 impleatque.
2495 3200 2616 3253 Vidi
2662 3204 2796 3254 enim
2843 3180 3079 3270 impium
3101 3209 3411 3272 exaltatum,

170 3320 361 3370 μετ’ον
386 3301 465 3365 ὼς
503 3301 608 3366 τὰς
637 3298 880 3367 κέδρους
912 3299 1016 3353 τοῦ
1047 3298 1320 3353 Λιϐάνου.
1359 3298 1493 3350 Καθ’
1533 3298 1561 3349 ὃ
1589 3298 1661 3364 (5,)
1689 3295 1749 3349 τὸ

177 3391 572 3460 σημαινόμενον
632 3393 726 3443 καὶ
778 3389 870 3444 νῦν
921 3390 1263 3461 παρελήφθη.
1322 3391 1385 3442 Ἠ
1440 3390 1547 3460 γὰρ
1597 3388 1747 3459 φωνὴ

174 3484 268 3537 τοῦ
319 3484 520 3554 Κυρίου
570 3484 842 3556 συντρίϐει
884 3484 1124 3552 κέδρους.
1192 3483 1402 3552 ’Ὠσπερ
1435 3481 1543 3550 γὰρ
1588 3481 1644 3531 ἐν
1681 3481 1746 3549 τῇ

179 3577 581 3648 μεγαλοπρεπεῖ
638 3578 780 3647 ψυχῇ
824 3577 1048 3644 γίνεται,
1111 3573 1251 3627 οὕτω
1299 3577 1421 3636 τοὺς
1481 3573 1603 3642 εἰκῆ
1655 3591 1751 3640 φυ-

180 3670 519 3737 σιουμένους,
560 3671 685 3730 τοῦς
743 3668 1064 3736 ἐπαίροντας
1115 3665 1338 3727 ἑαυτοὺς
1400 3666 1455 3716 ὲν
1496 3668 1606 3727 τοῖς
1660 3682 1747 3716 νο-

182 3757 494 3825 μιζομένοις
531 3755 785 3825 ὑψώμασι
845 3756 936 3807 τοῦ
983 3756 1186 3824 κόσμου
1233 3753 1438 3816 τούτου,
1495 3753 1744 3817 πλούτου,

178 3849 208 3916 ἦ
261 3845 440 3914 δόξης.
471 3845 502 3911 ἦ
535 3845 867 3909 δυναστείας,
913 3846 944 3916 ἢ
1007 3845 1233 3909 κάλλους
1263 3843 1531 3914 σώματος,
1590 3844 1622 3914 ἢ
1654 3845 1745 3896 δυ-

178 3939 412 4006 νάμεως,
460 3937 492 4005 ἥ
553 3937 752 4006 ἰσχύος,
805 3936 1108 4006 συντρίϐειν
1153 3935 1388 4002 λέγεται.
1435 3936 1545 3988 Καὶ
1596 3951 1747 3988 συν-

177 4032 371 4099 τρίψει
413 4033 622 4096 Κύριος
657 4030 762 4095 τὰς
803 4030 1052 4096 κέδρους
1091 4029 1196 4083 τοῦ
1231 4026 1506 4082 Λιϐάνου.
1543 4031 1604 4080 Ol
1637 4032 1748 4092 τοῖς

175 4121 475 4190 ἀλλοτρίοις
505 4124 814 4192 πράγμασιν
863 4122 1248 4184 ἐπιϐαίνοντες,
1277 4121 1370 4172 καὶ
1401 4121 1494 4173 ἀπ’
1523 4122 1748 4172 ἐκείνων

179 4214 393 4275 ἑαυτοῖς
422 4213 518 4280 τὴν
545 4211 860 4274 ἀλαζονείαν
886 4212 1227 4278 συνάγοντες,
1254 4204 1397 4263 οῦτοί
1427 4211 1532 4262 εἰσι
1567 4210 1746 4279 κέδροι

176 4307 270 4358 τοῦ
312 4304 558 4358 Λιϐάνου.
599 4304 807 4373 ’Ὠσπερ
827 4305 934 4376 γὰρ
959 4305 1013 4357 αἱ
1044 4303 1244 4374 κέδροι,
1272 4303 1392 4355 καθ’
1429 4302 1624 4364 ἑαυτὰς
1656 4298 1746 4354 οῦ-

181 4414 268 4450 σαι
301 4397 517 4467 ὑψηλαὶ,
541 4395 617 4467 τῷ
646 4397 729 4448 ἐπ’
755 4395 911 4465 ὅρους
951 4394 1151 4466 ὑψηλοῦ
1191 4394 1514 4461 πεφυκέναι,
1561 4395 1623 4445 ὲκ
1650 4394 1748 4463 τῆς

1850 3300 1899 3342 et
1934 3291 2187 3344 eleuatum
2216 3293 2348 3345 sicut
2401 3296 2581 3348 cedros
2612 3294 2878 3349 Libani".
2912 3301 3023 3363 Qua
3060 3301 3112 3354 in
3146 3302 3415 3370 significa-

1853 3381 1996 3437 tione
2055 3385 2215 3438 etiam
2261 3402 2404 3441 nunc
2456 3402 2676 3458 accepta
2717 3399 2821 3444 est.
2857 3389 2970 3447 Vox
3029 3395 3173 3448 enim
3206 3397 3410 3450 Domini

1851 3476 2144 3544 confringit
2208 3481 2418 3533 cedros.
2488 3480 2558 3535 Ut
2622 3484 2764 3536 enim
2823 3486 2938 3538 haec
3014 3486 3065 3540 itt
3133 3489 3410 3558 magnifica

1851 3569 2027 3622 anima
2067 3572 2165 3624 tit:
2202 3570 2273 3624 ita
2313 3571 2559 3627 homines
2601 3582 2802 3629 temere
2827 3575 3057 3645 inflatos,
3087 3580 3176 3648 qui
3210 3580 3414 3649 scipsos

1851 3659 2102 3726 efferunt,
2139 3662 2209 3716 ob
2233 3678 2293 3715 ea
2324 3679 2445 3731 qnaa
2477 3666 2528 3718 in
2570 3666 2599 3718 h
2620 3681 2670 3720 1c
2710 3669 2906 3722 mundo
2928 3668 3034 3722 alta
3059 3685 3123 3724 ac
3165 3671 3410 3725 sublimia

1849 3763 2127 3818 putantur,
2187 3769 2380 3822 nempe
2437 3756 2506 3809 ob
2564 3758 2804 3822 divitias,
2854 3770 2946 3814 aut
3008 3762 3272 3829 gloriam,
3324 3775 3414 3818 aut

1852 3844 2162 3910 imperium,
2220 3855 2314 3898 aut
2368 3849 2614 3915 corporis
2670 3852 3150 3918 pulchritudinem,
3184 3867 3277 3909 aut
3327 3875 3415 3926 po-

1851 3943 2145 4001 teStaIem,
2224 3948 2316 3991 aut
2385 3939 2579 4005 vires,
2646 3943 2844 3996 dicitur
2896 3947 3257 4017 confringere.
3347 3949 3413 4002 Et

1853 4029 2151 4100 confringet
2194 4031 2450 4086 Dominus
2511 4035 2693 4089 cedros
2747 4035 2955 4092 Libani.
3016 4039 3222 4096 Alienis
3258 4043 3418 4096 l'elttts

1849 4120 1940 4188 qui
1988 4122 2254 4184 insident,
2307 4135 2361 4177 et
2423 4141 2489 4178 cx
2529 4128 2610 4180 eis
2665 4128 2890 4194 gloriam
2951 4131 3263 4198 festumque
3317 4137 3414 4186 sibi

1849 4212 2102 4277 conﬂant,
2130 4215 2164 4267 ii
2193 4224 2319 4268 sunt
2352 4217 2496 4270 cedri
2532 4216 2744 4272 Libani.
2780 4219 3240 4286 Quemadmodum
3273 4227 3414 4278 enim

1849 4303 1995 4356 cedri
2048 4319 2144 4371 per
2192 4321 2250 4359 se
2298 4306 2420 4362 alta:
2478 4323 2602 4363 cum
2668 4313 2798 4376 sint,
2872 4321 3074 4377 tamen,
3128 4327 3413 4385 propterea

1850 4394 1989 4461 quod
2049 4395 2100 4446 in
2145 4395 2252 4450 alto
2313 4409 2496 4452 monte
2549 4411 2864 4464 nascuntur,
2917 4401 3054 4456 fiunt
3099 4419 3167 4459 ex
3217 4409 3415 4459 montis

178 4489 493 4559 προσθήκης
522 4487 613 4541 τοῦ
645 4487 800 4558 ὅρους
827 4489 1281 4558 περιφανέστεραι
1303 4487 1540 4553 γίνονται
1562 4504 1573 4516 ’
1608 4485 1746 4538 οὑτω

1853 4488 2162 4542 accessione
2194 4490 2365 4556 magis
2416 4493 2718 4560 conspicua:
2748 4511 2761 4546 :
2797 4495 2876 4548 sic
2907 4511 3122 4564 quoque
3141 4499 3232 4567 qui
3258 4499 3414 4553 ﬂuxis

178 4583 273 4633 καὶ
306 4583 353 4631 οἱ
381 4584 490 4642 τοῖς
524 4581 778 4651 φθαρτοῖς
813 4577 906 4630 τοῦ
947 4577 1152 4644 κόσμου
1189 4577 1502 4648 πράγμασιν
1535 4579 1748 4647 ἐπερει-

176 4672 391 4742 δόμενοι
414 4671 588 4739 κέδροι
614 4672 708 4742 μέν
735 4673 840 4723 εισι
870 4668 956 4721 διά
979 4669 1076 4736 τὴν
1104 4669 1415 4733 ἀλαζονείαν
1447 4671 1538 4721 καὶ
1565 4669 1625 4722 τὸ
1652 4670 1748 4738 τῆς

177 4763 416 4823 διανοίας
455 4761 697 4832 ἔπαρμα,
741 4761 970 4815 Λιϐἀνου
1007 4760 1062 4812 δὲ
1103 4762 1277 4831 κέδροι
1319 4761 1748 4831 προσαγορεύον-

176 4871 290 4914 ται,
321 4852 407 4904 διὰ
439 4852 496 4904 τὸ
523 4850 598 4918 τῷ
623 4852 885 4921 ἀλλοτρίῳ
914 4848 1162 4918 ὑψώματι
1204 4852 1620 4918 ὲπαγάλλεσθαι,
1658 4854 1748 4903 καὶ

179 4947 287 5001 ὑπὸ
316 4947 416 5015 γῆς
459 4946 551 4998 καὶ
581 4943 686 4996 τῶν
720 4945 920 5015 γηίνων
961 4943 1318 5013 πραγμάτων,
1371 4941 1480 4995 οἷον
1521 4945 1623 4995 ὑπὸ
1647 4943 1744 5011 τῆς

178 5037 425 5109 κορυφῆς
462 5035 555 5088 τοῦ
591 5033 839 5096 Λιϐάνου,
873 5032 1004 5103 πρὸς
1041 5030 1353 5093 ἀλαζονείαν
1398 5033 1733 5102 ἐπαίρεσθαι.

178 5128 248 5179 Οὑ
291 5123 467 5185 πάσας
517 5124 573 5176 δὲ
599 5125 693 5186 τὰς
727 5120 946 5190 κέδρους
977 5119 1240 5192 συντρίϐει
1289 5121 1315 5170 ὁ
1348 5120 1565 5192 Κύριος,
1604 5121 1737 5173 ἀλλὰ

177 5225 276 5284 τὰς
303 5218 396 5273 τοῦ
427 5221 676 5272 Λιϐάνου.
728 5218 939 5286 Ἐπειδὴ
969 5219 1076 5288 γάρ
1111 5215 1546 5283 εἰδωλολατρείας
1578 5217 1738 5278 τόπος

173 5315 202 5365 ὁ
226 5312 480 5375 Λίϐανος,
518 5312 636 5363 ὅσαι
667 5310 833 5380 ψυχαὶ
860 5308 1170 5378 ἐπαίρονται
1206 5306 1345 5360 κατά
1371 5307 1468 5374 τῆς
1493 5307 1740 5373 γνώσεως

239 5449 293 5478 ’³
317 5449 456 5501 Psal.
480 5462 596 5512 \‘lll,
622 5447 676 5500 2.
762 5448 809 5477 "
845 5443 986 5499 Psal.
1040 5459 1225 5506 xxxvr,
1268 5442 1335 5495 53

245 5583 326 5654 (2‘,
353 5583 523 5635 Verba
559 5583 668 5646 illa,
710 5582 934 5652 μέγεθος
958 5580 1015 5654 δὲ
1049 5579 1164 5641 καί,
1186 5593 1324 5654 etin,
1346 5579 1437 5654 _ita
1472 5578 1735 5654 interpres

174 5649 330 5708 vetns
363 5653 552 5707 Latine
584 5649 831 5714 reddidit,
857 5665 913 5705 nt
935 5652 1209 5715 illud,c'rt:-‘)
1239 5649 1395 5713 Θεοῦ,
1424 5653 1487 5700 ad
1512 5652 1732 5702 verbum

179 5723 423 5796 ἀναλάϐῃ
483 5727 751 5782 retulerit.
801 5740 921 5776 eum
972 5723 1162 5777 referri
1221 5733 1394 5799 tamen
1438 5718 1502 5799 ad
1547 5733 1729 5799 vocem

180 5794 483 5868 προσόντων
515 5796 708 5848 delicat
745 5811 757 5846 :
813 5809 915 5863 qua
955 5810 1115 5862 parva
1169 5794 1487 5862 negligentia
1537 5794 1730 5842 mirum

1853 4581 2031 4633 mundi
2083 4581 2243 4635 rebus
2294 4582 2610 4653 fulciuntur,
2668 4589 2817 4642 cedri
2876 4591 3090 4658 quidem
3161 4603 3285 4645 sunt
3345 4595 3414 4645 ob

1849 4674 2218 4740 arrogantiam
2273 4690 2338 4730 ac
2369 4680 2566 4732 mentis
2625 4682 2947 4747 elationem,
3001 4685 3094 4738 sed
3150 4697 3413 4740 vocantur

1849 4761 2034 4815 Libani
2084 4767 2422 4837 cedri,qnod
2469 4772 2641 4826 aliena
2690 4775 3002 4842 superbiant
3031 4775 3310 4829 altitudine
3358 4787 3413 4830 et

1846 4869 1876 4906 e
1939 4865 2086 4908 terra
2143 4861 2417 4930 rebusque
2473 4866 2822 4920 terrestribus
2875 4877 3126 4934 tanquam
3159 4882 3188 4920 e
3225 4868 3408 4922 Libani

1849 4946 2048 5000 vertice
2094 4952 2159 5001 ad
2220 4951 2412 5004 fastum
2462 4963 2514 5006 ct
2561 4957 2869 5022 superbiam
2909 4957 3252 5012 extollantur.
3290 4958 3407 5012 Non

1848 5052 2025 5093 autem
2058 5043 2246 5096 cedros
2281 5061 2490 5111 omnes,
2537 5049 2628 5102 sed
2662 5048 2854 5101 Libani
2900 5050 3092 5103 cedros
3118 5049 3410 5118 confringit

1849 5131 2120 5186 Dominus.
2155 5133 2287 5189 Nam
2312 5153 2431 5191 cum
2486 5139 2722 5192 Libanus
2761 5139 3075 5193 idololatrian
3113 5143 3184 5193 sit
3216 5141 3363 5193 locus
3389 5177 3404 5201 ,

1846 5237 2180 5294 quaecunque
2246 5231 2436 5280 animae
2507 5247 2565 5285 sc
2635 5242 2823 5286 contra
2888 5232 2978 5286 Dei
3045 5233 3404 5301 cognitionem

1845 5314 2098 5383 efferunt,
2127 5322 2206 5374 hm
2240 5323 2387 5378 cedri
2423 5322 2611 5378 Libani
2663 5335 3059 5395 nuncupantur,
3093 5334 3148 5378 et
3180 5340 3408 5381 censen-

1842 5590 2103 5654 quantum
2127 5599 2156 5637 a
2184 5601 2346 5654 SCOpo
2376 5589 2661 5641 aberrarit.

1915 5653 1992 5721 ('5)
2021 5655 2110 5705 Sic
2158 5653 2289 5708 mss.
2342 5659 2600 5723 nonnulli,
2631 5658 2782 5712 bene.
2823 5654 3002 5713 Editio
3030 5655 3204 5712 Paris.
3248 5657 3408 5713 unico

1841 5725 2102 5780 vocabulo
2128 5724 2283 5778 καθό.
