4098 6324
657 323 763 378 995

1966 317 2024 373 Β.
2064 316 2308 373 BASILI!
2351 317 2563 372 MAGNI

3811 312 3913 370 2‘36

659 453 741 489 lttr
794 439 968 506 digna:
1004 452 1121 505 quae
1175 444 1547 490 conterantur.
1584 432 1722 486 Sunt
1778 443 1957 485 autem
1990 434 2229 502 quaadam

2339 433 2429 485 τοῦ
2460 432 2615 493 Θεοῦ,
2650 426 2805 485 αὗται
2854 432 2943 485 τοῦ
2995 431 3226 484 Λιϐάνου
3275 433 3627 503 ὀνομάζονται
3671 431 3773 501 (ι),
3824 436 3913 482 καὶ

660 532 748 583 Dei
778 532 950 591 cedri,
1000 546 1134 598 quas
1199 530 1423 585 arbusta
1474 528 1645 581 vinea:
1697 540 1817 593 qua:
1872 540 1937 579 ex
1994 524 2229 594 Ευριο

656 622 914 678 translata
950 623 1112 687 est”,
1152 622 1428 689 operiunt,
1462 630 1521 673 ut
1544 619 1595 672 in
1643 618 1870 673 Psalmis
1901 618 2183 672 didicimus
2215 637 2228 672 :

657 717 873 784 Operuit
927 725 1126 769 montes
1164 713 1349 767 umbra
1380 713 1514 782 ejus,
1564 722 1612 764 et
1651 711 1865 763 arbusta
1904 709 2018 778 ejus
2052 711 2231 762 cedros

658 809 837 861 Dei".
884 807 1118 861 Proinde
1165 821 1286 859 cum
1319 806 1461 858 inter
1484 814 1711 857 cmteras
1761 803 1827 856 de
1868 802 2090 857 Christo
2140 816 2233 853 no-

659 902 835 954 tiones
859 899 1117 952 Dominus
1147 907 1329 951 noster
1354 897 1479 948 vilis
1502 896 1661 948 etiam
1680 896 1925 948 dicatur:
1961 893 2074 963 Ego
2094 893 2230 945 enim

654 1010 789 1057 sum,
814 991 1013 1060 inquit,
1045 991 1183 1049 vitis.
1204 1006 1291 1041 vos
1313 986 1630 1057 palmites";
1654 987 1796 1040 cedri
1813 986 1902 1039 Dei
1923 984 2229 1052 suutii,qui

653 1096 810 1139 antea
841 1084 1055 1153 quidem
1076 1083 1225 1135 fuere
1249 1079 1462 1135 steriles
1492 1088 1545 1133 et
1569 1080 1633 1132 ad
1652 1077 2074 1132 comburendum
2100 1076 2227 1143 apti:

653 1178 747 1231 sed
791 1178 881 1229 tibi
932 1184 1300 1245 tegumentum
1369 1172 1650 1225 subierunt
1705 1170 1929 1235 Christi,
1976 1168 2231 1236 illumque

653 1270 799 1323 velut
823 1268 1133 1331 induerunt,
1164 1282 1258 1333 per
1289 1265 1457 1334 ipsius
1485 1265 1713 1333 gratiam
1752 1262 2099 1317 sterilitatem
2124 1275 2232 1314 sua:

653 1363 779 1414 vita:
804 1367 1118 1426 contegunt.
1154 1358 1243 1409 Dei
1273 1370 1403 1424 ergo
1443 1356 1633 1409 cedros
1662 1355 1818 1424 120
1844 1355 2118 1407 fructuosa
2145 1369 2233 1405 ar-

652 1457 811 1508 busta
839 1451 1242 1521 circumplicata
1269 1450 1575 1503 custodiunt
1607 1463 1618 1498 :
1654 1450 1845 1501 cedros
1875 1461 2001 1499 vero
2044 1444 2229 1498 Libani

654 1544 945 1614 confringit
996 1543 1269 1597 Dominus.
1339 1540 1501 1594 Vens.
1532 1540 1583 1592 6.
1660 1538 1723 1591 Et
1780 1537 2090 1589 comminuet
2145 1552 2231 1587 eas

653 1644 905 1699 tanquam
952 1629 1201 1689 vitulum,
1253 1626 1533 1678 Libanum.
1589 1622 1752 1675 Vituli
1814 1622 1954 1674 illius
2005 1620 2073 1674 de
2126 1636 2231 1687 quo

654 1725 855 1778 mentio
899 1726 955 1775 tit
998 1722 1047 1774 in
1074 1719 1348 1781 Exodo",
1400 1716 1737 1778 memineris,
1774 1728 1933 1783 quem
1978 1713 2028 1765 in
2065 1710 2234 1764 idolo-

2336 525 2620 595 συντριϐἧς
2644 524 2938 589 ἀξιοῦνται.
2970 526 3087 577 Εἰσὶ
3125 523 3232 595 γάρ
3260 541 3403 587 τινες
3426 524 3601 593 κέδροι
3631 523 3727 575 τοῦ
3754 524 3910 585 Θεοῦ,

2331 616 2396 678 ἃς
2429 618 2483 667 αί
2519 616 2897 687 ἀναδενδράδες
2930 618 3027 685 τῆς
3067 618 3159 670 ἀπ’
3203 616 3477 683 Αἰγύπτου
3526 615 3913 686 μετατεθείσης

2334 710 2577 780 ἀμπέλου
2633 710 3014 773 καλύπτουσιν,
3058 710 3131 772 ὡς
3179 710 3235 761 ὲν
3282 709 3528 778 1Ραλμοῖς
3588 706 3913 777 μεμαθήκα-

2339 819 2434 871 μεν
2456 819 2467 831 ·
2520 801 2858 869 Ἐκάλυψεν
2896 800 3001 868 ὅρη
3032 802 3069 867 ἡ
3111 799 3256 853 σκιὰ
3306 798 3513 865 αὐτῆς,
3548 799 3648 851 καὶ
3679 802 3738 851 αἱ
3767 800 3911 851 dra-

2336 893 2652 961 δενδράδες
2709 892 2898 959 αὐτῆς
2941 894 3046 955 τὰς
3084 891 3329 960 κέδρους
3378 890 3484 945 τοῦ
3543 892 3717 945 Θεοῦ.
3765 892 3914 944 Ἐπεὶ

2342 982 2438 1039 οὖν
2490 987 2625 1055 μετὰ
2685 986 2791 1038 τῶν
2859 985 3031 1039 ἄλλων
3075 984 3183 1036 τῶν
3228 984 3355 1056 περὶ
3410 983 3649 1055 Χριστοῦ
3702 986 3916 1038 ἐννοιῶν

2335 1080 2427 1131 καὶ
2475 1077 2709 1147 ἄμπελος
2765 1080 2793 1130 6
2834 1076 3038 1148 Κύριος
3076 1078 3232 1146 ἡμῶν
3286 1078 3532 1145 λέγεται·
3609 1077 3755 1144 Ἐγὼ
3814 1077 3916 1144 γάρ

2332 1173 2467 1239 εἰμι,
2526 1171 2704 1239 φησὶν,
2756 1172 2793 1235 ἡ
2852 1168 3139 1238 ἄμπελος,
3198 1170 3367 1237 ὑμεῖς
3412 1170 3487 1241 (5)
3534 1169 3606 1221 τὰ
3688 1169 3915 1236 κλήμα-

2334 1279 2404 1312 τα
2426 1278 2438 1290 ·
2473 1260 2651 1330 κέδροι
2690 1263 2792 1312 εἰσὶ
2824 1261 2917 1313 τοῦ
2948 1259 3081 1313 Θεοῦ
3123 1261 3173 1313 οἱ
3229 1260 3363 1322 τέως
3402 1261 3499 1329 μὲν
3530 1260 3776 1329 ἄκαρποι
3826 1262 3916 1309 καὶ

2333 1352 2469 1421 πρὸς
2517 1351 2712 1403 καῦσιν
2754 1352 3067 1421 ἐπιτήδειοι,
3114 1351 3432 1414 ὑπελθόντες
3466 1352 3519 1404 δὲ
3563 1350 3661 1420 τὴν
3709 1350 3915 1419 σκέπη-ι

2332 1444 2425 1497 τοῦ
2467 1444 2727 1515 Χριστοῦ,
2759 1444 2851 1496 καὶ
2879 1446 3038 1497 οἱονεὶ
3087 1444 3431 1515 ἐνδυσάμενοι
3475 1445 3660 1506 αὐτὸν,
3721 1446 3785 1495 ὲκ
3823 1444 3918 1511 τῆς

2334 1536 2462 1607 παρ’
2500 1536 2664 1589 αὐτοῦ
2716 1536 2936 1605 χάριτος
2982 1536 3041 1588 τὸ
3085 1537 3331 1607 ἄκαρπον
3376 1537 3473 1604 τῆς
3512 1537 3727 1589 ἑαυτῶν
3768 1534 3913 1603 ζωῆς

2337 1628 2793 1696 συγκαλύπτουσι.
2843 1627 2953 1690 Τὰς
2987 1628 3082 1697 μὲν
3115 1624 3205 1681 οῦν
3248 1630 3468 1699 κέδρους
3498 1628 3591 1681 τοῦ
3619 1628 3758 1680 Θεοῦ
3788 1631 3917 1681 άντ-

2334 1717 2609 1788 δενδράδες
2640 1716 2905 1787 εὔκαρποι
2951 1716 3365 1785 περιπλακεῖσαι
3412 1717 3785 1785 φυλάττουσι·
3819 1718 3914 1779 τὰς

656 1817 811 1868 latria
868 1812 1219 1872 eﬂinxerunt,
1267 1821 1535 1877 quemque
1585 1806 1974 1859 comminutum
2013 1804 2228 1873 Moyses

2331 1809 2385 1860 δὲ
2412 1810 2636 1879 κέδρους
2670 1809 2761 1863 τοῦ
2801 1808 3034 1861 Λιϐάνου
3070 1808 3338 1877 συντρίϐει
3366 1810 3393 1859 6
3420 1809 3641 1874 Κύριος.
3675 1808 3785 1860 Καὶ
3820 1812 3915 1859 ,ιε-

656 1909 803 1960 dedit
828 1904 1026 1975 populo
1070 1903 1385 1971 p0tandum.
1423 1900 1606 1968 Itaque
1652 1908 1817 1952 totum
1861 1898 2122 1952 Libanum
2179 1906 2233 1950 et

654 1997 1102 2053 consuetudinem
1132 1993 1449 2048 idololatria:
1476 1993 1527 2046 in
1561 2006 1624 2044 eo
1660 1990 2076 2044 invalescentem
2110 2005 2231 2057 per-

655 2092 781 2145 inde
821 2100 879 2143 ut
933 2088 1081 2143 illum
1142 2087 1365 2140 vitulum
1412 2082 1815 2138 exterminabit.
1888 2080 1954 2134 Et
2009 2080 2229 2132 dilectus

653 2185 787 2235 sicut
822 2182 968 2249 ﬁlius
1004 2181 1353 2233 unicornium.
1375 2177 1692 2243 Unigenitus
1716 2174 1904 2238 Filius,
1925 2173 2013 2240 qui
2035 2174 2232 2225 mundo

655 2278 747 2326 dat
780 2273 1027 2335 vitam",
1064 2288 1187 2327 cum
1225 2271 1456 2325 hostiam
1495 2278 1549 2320 et
1596 2267 1924 2321 oblationem
1978 2279 2075 2333 pro
2103 2278 2228 2333 pec-

654 2366 790 2419 catis
818 2364 1018 2419 nostris
1042 2363 1277 2432 seipsum
1308 2361 1415 2415 Deo
1439 2359 1682 2423 oﬂ‘ert”,
1722 2370 1777 2412 et
1821 2358 1910 2412 Dei
1943 2372 2129 2427 agnus,
2178 2364 2231 2409 et

652 2460 772 2510 uvis
815 2455 1143 2509 nominatur.
1195 2453 1330 2506 Ecce
1388 2455 1551 2518 enim,
1600 2452 1795 2519 inquit,
1840 2465 2005 2518 agnus
2048 2447 2225 2500 Dei“.

661 2544 726 2598 Et
752 2559 961 2606 rursus,
992 2542 1264 2610 Tanquam
1296 2544 1402 2594 ovis
1431 2543 1496 2593 ad
1523 2540 1833 2593 occisionem
1860 2540 2046 2591 ductus
2070 2549 2141 2589 est
2161 2537 2225 2587 ⁸³.

653 2633 787 2686 Cum
829 2646 956 2684 vero
984 2638 1317 2699 poteutzitum
1352 2645 1519 2698 genus
1550 2628 1826 2683 hominum
1870 2628 2226 2691 adorientem,

656 2722 806 2778 illam
835 2717 1377 2775 videliceteﬂcratam
1413 2732 1466 2775 et
1490 2729 1860 2789 exasperatam
1898 2728 2222 2789 potestatem

654 2814 841 2869 ulcisci
885 2823 939 2867 et
978 2822 1223 2867 evertere
1274 2825 1502 2881 oportet.
1535 2824 1646 2867 tum
1697 2814 1836 2866 ﬁlius
1882 2812 2223 2866 unicornium

652 2906 985 2977 appellatur.
1028 2903 1314 2959 Unicornis
1362 2907 1528 2966 enim,
1578 2914 1635 2957 ut
1678 2905 1728 2957 in
1774 2904 1873 2958 Job
1922 2906 2226 2969 didicimus,

653 3010 738 3052 est
780 2998 981 3049 animal
1030 2997 1378 3064 insuperabili
1431 2997 1632 3050 virtute
1682 2994 2001 3064 przeditum,
2060 2994 2230 3045 homi-

657 3088 816 3140 nibus
859 3087 999 3139 haud
1043 3084 1362 3153 subjectum.
1394 3086 1515 3139 Non
1561 3086 1699 3139 enim
1730 3123 1746 3150 ,
1793 3084 2009 3152 inquit,
2062 3084 2227 3150 ipsum

2335 1900 2547 1952 πωνεῐ
2571 1900 2755 1964 αὑτὰς
2777 1900 2857 1964 ὡς
2901 1898 3008 1951 τὸν
3043 1900 3280 1967 μόσχον
3304 1898 3409 1948 τόν
3442 1900 3724 1950 Λίϐανον.
3764 1899 3913 1967 Μνή-

2334 1990 2490 2059 σθητι
2519 1990 2609 2042 τοῦ
2638 1991 2836 2063 μόσχου
2872 1989 2963 2043 τοῦ
3002 1991 3059 2041 έν
3095 1991 3163 2059 τῇ
3199 1987 3411 2057 £5669),
3444 1988 3501 2040 ὃν
3530 1988 3672 2040 κατὰ
3714 1988 3813 2059 τὴν
3837 1991 3911 2041 εί-

2330 2082 2713 2149 δωλολατρείαν
2748 2082 3075 2145 ἀνέπλασαν,
3119 2082 3176 2133 ὃν
3224 2080 3477 2133 ὲλέπτυνε
3531 2081 3777 2150 Μωῦσῆς
3823 2083 3913 2132 καὶ

2330 2176 2547 2229 ἐπότισε
2582 2176 2671 2229 τὸν
2718 2175 2863 2230 λαόν.
2909 2177 3126 2245 Ἐκείνῳ
3176 2175 3353 2228 τοίνυν
3400 2175 3476 2244 τῷ
3510 2175 3695 2245 μόσχῳ
3732 2192 3909 2246 παρα-

2342 2268 2584 2340 πλησίως
2624 2268 2741 2321 ὅλον
2774 2267 2865 2319 τὸν
2900 2268 3126 2321 Λίϐανον
3169 2268 3263 2320 καὶ
3291 2264 3386 2336 τὴν
3421 2268 3476 2317 ἐν
3505 2266 3652 2336 αὐτῷ
3684 2267 3911 2337 κρατοῦ-

2338 2379 2435 2413 σαν
2467 2360 2752 2430 συνήθειαν
2778 2360 2874 2429 τῆς
2900 2360 3335 2430 εἰδωλολατρείας
3358 2358 3692 2427 ἐξαφανίσει.
3727 2362 3836 2413 Kal
3880 2364 3909 2410 ὁ

2332 2452 2712 2520 ἠγαπημένος
2757 2452 2836 2516 ὠς
2873 2451 3002 2516 υἱὸς
3034 2451 3475 2519 μονοκερὼτων.
3516 2452 3571 2502 '0
3617 2452 3911 2521 μονογενὴς

2334 2540 2480 2603 Υἱὸς,
2530 2540 2557 2590 6
2618 2540 2794 2604 διδοὺς
2848 2541 2992 2613 ζωὴν
3032 2541 3109 2611 τῷ
3152 2543 3360 2612 κόσμῳ,
3413 2541 3539 2593 ὅταν
3600 2542 3697 2610 μὲν
3745 2558 3909 2611 προσ-

2332 2632 2471 2703 φέρῃ
2511 2630 2696 2682 θυσίαν
2741 2632 2833 2683 καὶ
2878 2631 3188 2701 προσφορὰν
3242 2633 3427 2685 ἑαυτὸν
3477 2629 3552 2700 τῷ
3598 2630 3721 2700 Θεῴ
3774 2631 3907 2699 ὑπὲρ

2341 2723 2451 2774 τῶν
2520 2722 2801 2792 αμαρτιῶν
2853 2723 3027 2791 ἡμῶν,
3080 2725 3171 2776 καὶ
3227 2724 3393 2793 ἀμνὸς
3454 2723 3790 2794 ὀνομάζεται,
3819 2724 3908 2775 τοῦ

2332 2816 2469 2868 Θεοῦ
2530 2816 2625 2867 καὶ
2674 2814 2961 2884 πρόϐατον.
3026 2815 3145 2867 Ἴδε
3202 2817 3329 2884 γὰρ,
3394 2820 3577 2888 φησὶν,
3636 2822 3669 2871 ὀ
3727 2819 3913 2886 ἀμνὸς

2328 2908 2433 2962 τοῦ
2507 2907 2652 2961 Θεοῦ
2697 2907 2809 2977 (6)'
2881 2906 2973 2958 καὶ
3045 2905 3240 2958 πάλιν·
3317 2908 3408 2972 Ὠς
3457 2912 3759 2974 πρόϐατον
3816 2909 3910 2962 ἐπὶ

2330 3000 2579 3067 σφαγὴν
2620 2998 2796 3067 ἢχθη.
2848 2999 3014 3050 ’Ὅταν
3047 2996 3102 3049 δὲ
3142 2995 3447 3066 ἀμύνασθαι
3494 2997 3587 3067 δέῃ
3642 3000 3739 3049 καὶ
3781 2999 3911 3051 καθ-

2332 3091 2472 3143 ελεῖν
2494 3091 2589 3161 τὴν
2634 3090 2953 3143 δυναστείαν
2984 3090 3082 3160 τὴν
3131 3088 3499 3159 ὲπιφυομένην
3535 3088 3611 3158 τῷ
3635 3088 3784 3155 γένει
3809 3090 3913 3141 τῶν

655 3182 771 3232 loro
795 3178 1061 3248 alligabis,
1097 3194 1258 3248 neque
1283 3177 1505 3230 dormiet
1541 3180 1593 3228 in
1622 3178 1845 3245 praesepi
1869 3176 1935 3228 ⁸³.
1971 3176 2038 3230 Ει
2066 3174 2229 3229 multa

2337 3159 2660 3253 ἀνθρώπων,
2686 3159 3155 3254 ὲκτεθηριωμένην
3196 3182 3315 3236 τινὰ
3349 3183 3439 3235 καὶ
3480 3182 3912 3251 ἀπηγριωμένην

654 3273 709 3325 in
732 3274 831 3326 hac
861 3270 1153 3340 pr0phe‘tite
1180 3278 1333 3339 parte
1362 3268 1502 3322 dicta
1540 3280 1688 3332 sunt,
1715 3284 1779 3322 ex
1801 3268 1997 3338 quibus
2021 3278 2236 3323 constat

656 3365 852 3418 animal
874 3363 1004 3417 illud
1036 3362 1301 3417 libertatis
1321 3376 1511 3416 amans
1530 3374 1669 3423 esse,
1697 3375 1867 3429 neque
1888 3361 2107 3430 obsequi
2143 3361 2234 3413 ho-

657 3457 911 3510 minibus.
966 3454 1326 3510 Observatum
1382 3462 1466 3508 est
1523 3460 1724 3516 autem,
1778 3450 2113 3521 Scripturam
2182 3453 2234 3505 in

656 3550 941 3609 utramque
983 3553 1186 3612 partem
1232 3542 1585 3596 similitudine
1622 3539 1899 3594 unicornis
1934 3542 2031 3605 uti,
2078 3544 2236 3596 modo

658 3648 778 3685 cum
799 3632 978 3697 laude,
1008 3634 1165 3688 modo
1199 3650 1317 3688 cum
1349 3634 1765 3704 vituperatione.
1800 3630 1940 3685 Erue
1965 3636 2123 3697 enim,
2154 3636 2233 3687 in-

658 3728 793 3790 quit,
847 3742 877 3775 a
913 3726 1115 3791 [ramea
1150 3724 1380 3775 animam
1410 3739 1599 3784 meam,
1624 3732 1671 3777 et
1710 3739 1742 3775 a
1766 3721 2005 3775 cornibus
2028 3724 2238 3772 unicor-

660 3832 804 3868 nium
834 3817 1184 3869 humilitatem
1207 3832 1375 3869 meam
1394 3813 1459 3866 ⁸⁸⁵.
1484 3814 1623 3869 Dicit
1652 3815 1785 3879 haec,
1808 3812 2127 3869 iusimulans
2142 3813 2235 3865 de-

658 3910 828 3961 ditum
859 3909 994 3963 bello
1022 3909 1294 3977 populum,
1320 3919 1561 3979 tempore
1599 3909 1865 3976 passionis
1894 3908 1947 3961 in
1974 3922 2031 3962 se
2060 3908 2236 3960 insur-

660 4010 893 4071 gentem.
924 4001 1129 4056 Rursus
1156 4014 1320 4054 vero:
1345 3998 1704 4066 Exaltabitur,
1740 4001 1934 4069 inquit,
1966 4002 2101 4053 sicut
2127 4000 2238 4052 uni-

659 4094 854 4159 cornis,
878 4110 1041 4146 cornu
1070 4092 1311 4146 meum”.
1340 4091 1567 4147 Videtur
1592 4092 1751 4161 igitur
1768 4101 1987 4161 propter
2016 4093 2233 4146 insitum

662 4186 880 4238 animali
903 4186 1141 4239 studium
1162 4185 1481 4250 ulciscendi,
1514 4200 1657 4254 smpe
1679 4185 1729 4238 in
1757 4184 1953 4239 malam
1981 4185 2232 4239 similitu-

663 4278 842 4330 dinem
875 4277 1083 4345 accipi;
1116 4286 1329 4341 contra,
1364 4284 1587 4345 pr0pter
1623 4291 1787 4331 cornu
1819 4277 2154 4330 altitudinem
2184 4286 2237 4329 et

666 4368 988 4433 libertatem,
1040 4371 1092 4423 in
1142 4370 1338 4425 bonam
1378 4367 1786 4423 similitudinem
1827 4368 2038 4423 abduci.
2074 4369 2143 4423 Et
2182 4369 2233 4421 in

2336 3275 2587 3345 δύναμιν,
2644 3274 2765 3326 τότε
2807 3277 2920 3337 υἱὸς
2972 3275 3352 3346 μονοκερὼτων
3385 3274 3731 3344 ὀνομάζεται.
3770 3274 3913 3329 Ζῶον

2336 3367 2465 3437 γὰρ,
2503 3366 2579 3428 ὡς
2618 3366 2675 3417 ἐν
2704 3363 2782 3434 τῷ
2824 3366 2942 3417 Ἰὼϐ
2976 3367 3391 3438 μεμαθήκαμεν,
3433 3370 3460 3420 ὁ
3501 3365 3811 3437 μονόκερώς
3839 3366 3912 3435 (7)

2336 3458 2481 3509 ἐστιν
2514 3457 2725 3526 ἄμαχον
2756 3454 2852 3524 τὴν
2893 3454 3140 3523 δύναμιν,
3168 3457 3531 3509 ἀνυπότακτον
3559 3458 3672 3518 τοῖς
3706 3456 3912 3527 ἀνθρώ-

2337 3566 2477 3611 ποις.
2513 3549 2594 3601 Οὐ
2650 3546 2760 3615 γὰρ
2803 3544 3014 3612 δήσεις
3044 3546 3248 3609 αὑτὸν,
3284 3548 3465 3616 φησιν,
3509 3546 3727 3615 Ιμὰντι,
3775 3547 3913 3601 οὐδὲ

2336 3640 2760 3709 κοιμηθήσεται
2816 3637 2914 3691 ἐπὶ
2972 3638 3222 3706 φάτνης.
3279 3639 3387 3688 Καὶ
3436 3639 3602 3692 πολλά
3662 3640 3911 3709 περὶτοῦ

2336 3730 2729 3803 ἐλευθεριάζειν
2759 3732 2819 3785 τὸ
2874 3730 3009 3795 ζῶον
3039 3730 3132 3783 καὶ
3159 3729 3233 3800 μὴ
3265 3729 3509 3781 ὑπείκειν
3560 3734 3672 3793 τοῖς
3704 3731 3910 3802 ἀνθρὼ-

2337 3840 2456 3885 ποις
2490 3826 2547 3877 ἐν
2596 3825 2787 3893 ἐκείνῳ
2816 3823 2893 3894 τῷ
2943 3824 3097 3895 μέρει
3149 3823 3246 3893 τῆς
3302 3819 3638 3892 προῳητείας
3673 3821 3907 3890 είρηται.

2338 3914 2445 3966 Καὶ
2490 3918 2953 3987 παρατετήρηται,
2990 3916 3071 3968 ὅτι
3105 3915 3189 3966 ἐπ’
3225 3916 3509 3986 ἀμφότερα
3551 3912 3818 3983 κέχρηται
3845 3917 3909 3985 τῇ

2336 4008 2502 4059 εἰκόνι
2535 4009 2627 4061 τοῦ
2670 4009 3040 4079 μονοκέρωτος
3073 4010 3105 4077 ἡ
3147 4008 3333 4077 Γραφή
3355 4024 3368 4037 ο
3398 4007 3527 4060 ποτὲ
3565 4006 3663 4075 μὲν
3697 4005 3911 4058 ἐπαινεο

2335 4096 2463 4159 τῶς,
2494 4097 2678 4149 ἄλλοτε
2713 4098 2769 4150 δὲ
2804 4097 3258 4167 διαϐεϐλημένους.
3308 4094 3515 4148 Ῥῦσαι
3554 4094 3685 4164 γὰρ,
3724 4096 3909 4165 φησιν,

2335 4191 2402 4244 ὲκ
2444 4191 2743 4259 ῥομφαίας
2777 4190 2891 4256 τὴν
2922 4189 3132 4257 ψυχήν
3151 4206 3290 4257 μου,
3332 4188 3427 4241 καὶ
3487 4188 3603 4241 ἀπὸ
3649 4188 3909 4255 κεράτων

2329 4284 2751 4353 μονοκερώτων
2789 4281 2904 4348 τὴν
2943 4281 3307 4334 ταπείνωσιν
3350 4296 3487 4348 μου.
3530 4278 3631 4330 Τὸν
3690 4281 3912 4349 πολεμο

2335 4377 2484 4430 ποιὸν
2516 4375 2641 4429 λαὸν
2674 4374 2971 4429 διαϐάλλων
3021 4372 3196 4427 ταῦτά
3227 4390 3358 4444 φησι
3414 4371 3562 4443 παρὰ
3593 4371 3685 4423 τὸν
3724 4373 3911 4441 καιρὸν

664 4475 904 4526 summa,
944 4462 1198 4529 quoniam
1253 4463 1495 4516 invenire
1538 4470 1621 4516 est
1674 4475 1842 4515 cornu
1891 4476 1918 4513 a
1954 4461 2228 4530 Scriptura

2334 4468 2426 4520 τοῦ
2458 4468 2661 4530 πάθους
2694 4467 3073 4520 ἐπαναστάντα
3105 4464 3253 4534 αὐτῷ
3280 4465 3377 4535 (8).
3409 4465 3574 4517 Πάλιν
3607 4463 3687 4527 δὲ,
3734 4464 3912 4531 ’Υψω-

663 4568 803 4620 saepe
833 4569 932 4623 pro
962 4552 1133 4625 gloria
1166 4564 1479 4622 usurpatum
1511 4596 1523 4607 .
1556 4552 1701 4608 verbi
1737 4552 1931 4623 gratia,
1960 4552 2230 4606 Exaltabit

735 4738 780 4769 ⁷³
816 4736 948 4791 Psal.
983 4750 1165 4798 Lxxtx,
1200 4736 1251 4790 9.
1346 4737 1389 4765 7‘
1426 4736 1552 4788 ibid.
1591 4738 1675 4789 ll.
1752 4737 1795 4767 ⁷⁷
1820 4734 1973 4788 Joan.
2018 4753 2106 4803 xv,
2154 4740 2206 4792 5.

662 4805 706 4845 ⁹¹
735 4808 940 4861 Joau.t
991 4808 1077 4861 29.
1156 4808 1199 4838 δ’
1228 4810 1347 4859 Act.
1385 4822 1476 4859 vm
1528 4806 1632 4859 ὅθ’
1686 4808 1789 4861 lsa.
1820 4822 1913 4858 Llll
1980 4806 2027 4860 7.

734 4985 809 5055 (4)
847 4983 1021 5039 Editio
1047 4982 1220 5038 Paris.
1243 4982 1473 5036 Λιϐάνου
1496 4982 1676 5055 κέδροι
1699 4982 2070 5053 ὀνομάζονται.
2106 4985 2216 5038 Vox

664 5056 844 5126 κέδροι
868 5055 1101 5126 decst_in
1127 5056 1346 5126 nostris
1376 5054 1621 5126 undecim
1640 5067 1766 5106 mss.
1800 5055 2021 5126 perinde
2057 5064 2215 5123 atque

667 5129 719 5177 in
754 5122 989 5177 editione
1015 5122 1180 5178 Basil.
1217 5124 1280 5176 Et
1312 5138 1438 5175 vero
1472 5125 1596 5191 quid
1657 5138 1874 5177 necesse
1908 5125 1977 5175 sit
2021 5122 2205 5177 vocem

666 5195 844 5263 κέδροι
871 5196 957 5248 hic
982 5193 1197 5262 apponi,
1233 5208 1335 5246 non
1376 5193 1548 5246 video.
1584 5192 1717 5246 Nam
1766 5208 1831 5246 ex
1864 5209 1921 5247 se
1969 5194 2101 5246 satis
2137 5196 2218 5247 in-

669 5262 948 5334 telligitur,
990 5278 1053 5317 ac
1080 5262 1223 5316 nullo
1273 5264 1489 5334 negotio
1518 5279 1547 5315 a
1578 5265 1815 5329 quolibet
1852 5264 2086 5334 suppleri
2118 5279 2214 5329 po-

669 5332 805 5415 test“.
827 5334 1111 5402 Aliquanto
1138 5342 1260 5403 post
1299 5332 1428 5403 Reg.
1486 5337 1753 5388 secundus
1802 5332 2038 5403 Χριστοῦ
2092 5337 2216 5386 ἐπι-

668 5422 844 5457 νοιων.

741 5475 817 5545 (5)
846 5472 937 5545 Sic
967 5471 1131 5545 editio
1176 5470 1349 5545 Brasil.
1372 5486 1494 5526 cum
1527 5473 1796 5545 plerisque
1850 5489 1981 5529 mss.
2018 5474 2083 5527 At
2114 5476 2228 5530 edi-

672 5541 755 5597 tio"
774 5544 945 5597 Paris.
981 5543 1134 5612 ὑμεῖς
1173 5542 1247 5594 δέ.
1304 5541 1422 5595 Mox
1454 5546 1503 5596 in
1531 5541 1858 5599 Colbertinis
1900 5546 2135 5599 secundo
2172 5556 2229 5598 et

669 5624 863 5685 quarto
894 5612 1659 5685 Ιβςίι-ιιτ-ΘεοῦλρτοΧριστοῦ.
1708 5616 1902 5668 Ibidem
1957 5616 2084 5685 Reg.
2139 5632 2226 5669 se-

675 5680 888 5761 Ctiuld‘uls‘
907 5680 1225 5761 διεξελθόντες
1247 5681 1301 5731 δὲ
1321 5683 1385 5761 τῇ
1410 5680 1622 5761 σκέπῃζ

752 5750 824 5815 (ti)
852 5749 997 5800 Coll).
1028 5750 1292 5802 secundus
1334 5751 1499 5815 ἀμνὸς
1536 5749 1626 5803 τοῦ
1672 5753 1801 5804 Θεοῦ
1850 5756 1875 5803 6
1922 5756 2088 5823 αἴρων
2128 5754 2225 5822 τὴν

2284 4742 2326 4770 ⁷⁸
2350 4742 2516 4796 Exod.
2565 4760 2736 4802 χχχιι,
2769 4743 2823 4795 4.

2125 4810 2169 4840 ⁸⁸
2194 4809 2292 4865 Job
2347 4828 2533 4877 χχχιχ,
2568 4815 2653 4868 10.
2729 4814 2775 4846 ⁸⁵
2800 4813 2941 4868 Psal.
2999 4829 3109 4879 XXI,
3137 4810 3225 4863 22.
3299 4810 3344 4841 ⁸⁸
3377 4809 3513 4865 Psal.
3571 4825 3679 4875 XCI,
3712 4812 3803 4865 11.

2340 4560 2605 4628 θήσεται,
2658 4560 2842 4630 φησὶν,
2882 4559 2961 4621 ὡς
3005 4556 3413 4627 μονοκέρωτος
3444 4554 3510 4606 τὸ
3546 4555 3722 4623 κέρας
3769 4572 3907 4623 μου.

2934 4743 2977 4774 ⁷⁸
3000 4741 3156 4794 Joan.
3190 4756 3265 4802 γι,
3297 4739 3388 4793 33.
3462 4739 3507 4771 '°
3534 4740 3734 4808 Ephes.
3762 4757 3816 4805 ν,
3853 4744 3905 4796 2.

2324 4990 2601 5064 ἁμαρτίαν
2646 4991 2740 5064 τοῦ
2784 4992 3012 5064 κόσμου.
3072 4990 3224 5045 Haud
3270 4990 3341 5045 ita
3393 4991 3553 5061 longe
3619 4989 3727 5044 duo
3780 5006 3906 5046 mss.

2324 5078 2351 5109 υ
2363 5061 2436 5125 ἰὸς
2467 5063 2661 5131 μονοκέ
2671 5079 2857 5130 ρωτος.

2397 5130 2475 5199 (7)
2504 5133 2753 5202 Scriptor
2779 5150 2880 5186 non
2908 5134 3018 5202 ipsa
3045 5130 3345 5202 Scriptum
3370 5130 3536 5202 _verba
3563 5130 3752 5186 retulit
3798 5150 3811 5184 :
3850 5147 3909 5187 ea

2322 5202 2669 5271 siquispiam
2709 5201 2892 5255 videre
2925 5199 3091 5269 cupit,
3129 5199 3325 5271 Jobumﬁ
3366 5200 3509 5271 legat
3554 5217 3745 5263 χχιιι,
3785 5202 3819 5255 9
3855 5213 3909 5255 et

2323 5270 2408 5343 {9.
2444 5270 2634 5341 Aquila
2656 5286 2755 5343 pro
2788 5272 3095 5343 μονόκερως
3135 5270 3356 5343 scripsit
3401 5270 3909 5343 6w6xspw;.Unde

2334 5340 2580 5406 Vulgata,
2641 5340 2900 5411 Nunquid
2941 5340 3069 5395 volet
3110 5342 3412 5394 rhinoceros
3458 5342 3905 5411 servire‘tibil"

2339 5411 2591 5480 Nunquid
2626 5409 2865 5480 alliga‘bis
2893 5412 3272 5465 rhinocerota?
3309 5411 3501 5475 Aliqua
3536 5412 3637 5463 hoc
3670 5409 3792 5465 loco
3830 5428 3909 5464 re-

2337 5484 2575 5605 gnudare
2618 5482 2668 5534 in
2696 5482 2928 5537 editione
2981 5483 3183 5537 Veneta
3213 5490 3394 5535 monet
3428 5481 3515 5532 vir
3558 5480 3905 5537 doctissimus

2383 5568 2579 5605 iicazus.

2383 5568 2579 5605 luemus.

2406 5622 2481 5690 (8)
2510 5623 2561 5674 lu
2587 5635 2667 5674 se.
2694 5620 2804 5675 Hoc
2834 5631 2935 5687 est,
2967 5623 3018 5675 in
3051 5620 3329 5676 Christum
3360 5618 3670 5687 Dominum,
3698 5620 3765 5675 de
3802 5635 3902 5688 quo

2340 5702 2481 5745 totus
2509 5692 2595 5744 ille
2624 5692 2863 5759 psalmus
2894 5692 3272 5762 intelligendus
3305 5700 3407 5745 est.
