4098 6324
143 387 271 440 997
1264 387 1547 443 IIOMIIJA
1585 389 1649 443 IN
1694 390 2022 444 PSALMUM
2056 390 2284 446 XXVIII.
3311 391 3416 442 298

159 504 386 557 Ἔοικεν
414 497 507 558 οῦν
541 502 628 556 διὰ
663 501 759 574 μὲν
788 502 848 554 τὸ
877 503 1171 572 ἀμυντικὸν
1202 503 1296 554 τοῦ
1347 503 1486 568 ζώου
1519 507 1610 559 ὲπί
1642 509 1739 578 τὴν

1851 525 2006 560 cornu
2042 506 2221 574 pepuli
2259 507 2442 571 sui“;
2487 515 2563 571 et,
2620 502 2797 558 Cornu
2839 505 2950 573 ejus
3000 504 3318 557 excitabitur
3365 506 3421 557 iu

157 597 276 651 τῶν
313 600 568 668 χειρόνων
622 596 870 649 εἰκασίαν
915 597 989 667 (9)
1019 597 1278 660 πολλάκις
1327 599 1746 670 παραλαμϐάνε-

1851 597 2076 664 gloria”
2100 614 2114 659 ;
2135 603 2228 648 aut
2256 596 2416 648 etiam
2440 599 2560 665 quia
2587 610 2754 652 cornu
2779 610 2876 662 pro
2904 594 3100 647 virtute
3130 597 3416 666 accipitur,

161 689 315 754 σθαι,
355 690 444 742 διὰ
485 688 542 741 δὲ
579 687 640 740 τὸ
679 686 955 760 ὑψίκερων
999 689 1093 741 καὶ
1141 687 1445 760 ἐλευθέριον
1494 691 1626 760 πρὸς
1650 690 1746 761 τὴν

1851 697 1908 740 ul.
1935 700 2019 744 est
2051 686 2503 742 illud:Prolector
2532 707 2693 755 meus,
2725 697 2771 741 et
2804 703 2965 739 cornu
2997 686 3180 739 salutis
3209 705 3334 742 mea:
3352 689 3417 751 ⁸⁶;

155 781 260 833 τοῦ
294 781 560 851 βελτίονος
582 780 809 848 ἄγεσθαι
833 781 1101 834 εἰκασίαν.
1141 781 1248 832 Καὶ
1289 782 1443 843 ὅλως,
1477 782 1658 852 ἐπειδὴ
1686 781 1748 833 τὸ

1851 777 2098 834 Christus
2121 788 2298 831 autem
2337 779 2428 832 Dei
2461 780 2628 832 virtus
2655 791 2736 834 est
2763 782 2832 846 ⁸⁹;
2870 779 2992 832 idco
3014 779 3290 832 unicornis
3322 796 3417 846 ap-

158 873 336 943 κέρας
359 869 464 922 ὑπὸ
480 872 577 942 τῆς
601 873 826 945 Γραφῆς
850 873 968 926 ἀντὶ
990 873 1090 940 τῆς
1105 871 1261 942 δόξης
1275 873 1540 941 πολλαχοῦ
1562 892 1636 927 πα
1645 892 1750 943 ρειο

1851 871 2077 937 pellatus
2113 879 2215 934 est,
2251 879 2506 938 tanquam
2547 870 2637 937 qui
2673 887 2835 926 unum
2881 873 3079 926 habeat
3129 885 3321 936 cornu,
3367 872 3416 924 id

159 960 450 1030 λημμένον
476 961 626 1017 ἔστιν
657 965 859 1034 εὑρεῖν,
889 960 965 1023 ὼς
998 960 1078 1025 τὸ,
1118 961 1364 1030 ’Υψὼσει
1401 959 1576 1026 κέιας
1597 959 1750 1015 λαοῦ

1851 971 1951 1025 est,
1978 979 2138 1016 unam
2183 977 2306 1016 cum
2342 960 2500 1014 Patre
2532 976 2872 1015 communem
2901 966 3218 1032 potentiam.

159 1054 357 1108 αὑτοῦ
384 1054 516 1127 (10)·
550 1059 663 1121 καὶ,
706 1055 774 1109 Τὸ
829 1053 1008 1123 κέρας
1037 1055 1224 1110 αὐτοῦ
1258 1054 1639 1124 ὑψωθήσεται
1663 1057 1732 1108 ἐν
1760 1053 1907 1121 δόξῃ
1928 1072 1940 1084 ·
1979 1055 2011 1124 ἢ
2040 1057 2132 1108 καὶ
2175 1053 2361 1124 ἐπειδὴ
2398 1053 2457 1106 τὸ
2497 1053 2665 1122 κέρας
2707 1055 2824 1106 ἀντὶ
2860 1055 3134 1126 δυνάμεως
3157 1054 3418 1118 πολλάκις

163 1149 694 1221 παραλαμϐάνεται·
765 1147 840 1211 ὼς
883 1148 965 1213 τὸ,
1005 1145 1476 1217 Ὑπερασπιστύς
1512 1165 1630 1216 μου
1698 1149 1795 1200 καὶ
1843 1148 2020 1214 κέρας
2075 1147 2369 1215 σωτηρίας
2411 1163 2563 1216 μου·
2619 1146 2850 1218 Χριστὸς
2900 1146 2956 1200 δὲ
2986 1147 3118 1199 Θεοῦ
3158 1150 3415 1222 δύναμις⁶

157 1240 255 1295 διὰ
279 1241 434 1292 τοῦτο
453 1240 527 1304 ὡς
555 1239 613 1291 ἓν
640 1239 775 1309 ἔχων
825 1241 1012 1312 κέρας,
1046 1242 1286 1293 τουτέστι
1357 1237 1482 1309 μίαν
1517 1238 1743 1310 δύναμιν
1778 1239 1913 1310 ἔχων
1960 1240 2056 1310 τὴν
2114 1240 2206 1292 τοῦ
2245 1240 2475 1311 Πατρός,
2513 1239 2817 1311 μονόκερως
2849 1239 3299 1310 προσηγόρευται.

239 1334 293 1387 6.
318 1333 495 1401 ilionei;
554 1335 770 1402 Κυρίου
811 1335 1238 1399 διακόπτοντος
1283 1335 1480 1402 φλόγα
1533 1335 1740 1404 πυρός.

161 1427 405 1498 Διεκόπη
441 1426 537 1497 μὲν
561 1428 656 1482 καὶ
685 1428 824 1483 κατὰ
869 1428 968 1496 τὴν
1002 1425 1242 1496 ἱστορίαν
1269 1425 1379 1478 τῶν
1413 1427 1616 1480 παίδων
1637 1424 1744 1479 τῶν

161 1519 336 1590 τριῶν
367 1522 423 1573 ἐν
469 1524 532 1592 τῇ
564 1519 878 1589 Βαϐυλωνία
914 1517 1024 1589 (Η)
1063 1520 1096 1589 ἡ
1129 1518 1260 1588 φλὸξ
1299 1517 1392 1570 τοῦ
1426 1519 1616 1589 πυρὸς,
1657 1517 1746 1569 ὅτε

163 1611 541 1683 ὑπερεξεχύθη
581 1613 678 1683 μὲν
699 1611 1264 1680 τεσσαρακονταεννέα
1300 1612 1548 1680 πήχειςὴ
1583 1611 1748 1680 κάμι-

161 1719 278 1765 νος,
309 1701 594 1773 ὲνεπὺριζε
620 1703 676 1755 δὲ
701 1703 827 1764 τοὺς
855 1702 1037 1774 κύκλῳ
1077 1703 1313 1768 πάντας·
1352 1702 1670 1756 διακοπεῖσα
1693 1702 1749 1755 δὲ

1922 1334 1971 1387 6.
2022 1333 2179 1387 Vens.
2211 1335 2264 1389 7.
2327 1333 2435 1388 Vox
2482 1332 2695 1386 Domini
2755 1332 3104 1386 intercidentis
3150 1333 3417 1401 ﬂammam

1853 1425 2007 1495 ignis.
2033 1424 2286 1478 lntercisa
2317 1435 2399 1478 est
2428 1424 2641 1495 quidem
2661 1422 2820 1477 etiam
2851 1423 2991 1492 ignis
3019 1421 3229 1475 ﬂamma
3257 1422 3422 1492 Baby-

1852 1519 1994 1585 lone,
2034 1516 2326 1572 secundum
2355 1515 2510 1568 trium
2535 1529 2824 1584 puerorum
2853 1514 3131 1568 historiam
3151 1514 3221 1580 ὀ,
3247 1528 3420 1578 quan-

1853 1609 1921 1663 do
1944 1609 2188 1665 caminus
2210 1622 2372 1676 supra
2391 1608 2601 1662 cubitos
2625 1606 2984 1677 quadraginta
3009 1622 3196 1661 novem
3221 1604 3421 1660 otiosus

1855 1711 1956 1765 est,
1985 1717 2047 1758 ac
2088 1704 2508 1756 circumstantes
2537 1716 2723 1754 omnes
2765 1699 3032 1752 ambussit
3063 1717 3074 1751 :
3132 1715 3162 1751 e
3185 1699 3421 1762 diverso,

161 1793 246 1863 τῷ
273 1795 652 1864 προστάγματι
700 1793 793 1846 τοῦ
831 1793 986 1860 Θεοῦ,
1023 1795 1240 1866 πνεῦμα
1274 1795 1488 1862 ἐδέξατο
1537 1796 1595 1849 ἐν
1621 1797 1749 1849 ἑαυ-

1852 1793 2039 1845 eadem
2087 1794 2178 1848 Dei
2231 1801 2499 1862 prmeepto
2545 1791 2816 1852 intercisa,
2857 1791 2909 1844 in
2971 1806 3029 1846 se
3073 1791 3185 1860 ipsa
3233 1807 3419 1846 auram

160 1889 259 1956 τῇ,
293 1886 512 1957 ἡδίστην
542 1887 813 1959 ἀναπνοὴν
852 1890 947 1941 καὶ
982 1887 1266 1955 άνάψυξιν,
1305 1888 1490 1959 ὥσπερ
1527 1893 1583 1942 ἐν
1622 1890 1750 1959 σκιᾷ

161 1996 276 2031 τινι
306 1979 507 2047 φυτῶν,
536 1979 592 2030 ὲν
627 1981 875 2052 εἰρηνικῇ
903 1979 1232 2032 καταστάσει
1259 1983 1605 2050 παρεχομένη
1638 1984 1750 2044 τοῖς

163 2069 380 2123 παισίν.
431 2068 691 2139 Ἐγένετο
717 2072 846 2139 γὰρ,
878 2068 1064 2138 φησὶν,
1102 2069 1244 2121 ὡσεὶ
1271 2069 1505 2136 πνεῦμα
1528 2069 1750 2136 δρόσου

163 2163 513 2230 διασυρίζον
541 2163 672 2234 (12),
719 2163 829 2216 Καὶ
873 2161 1308 2234 θαυμαστότερόν
1343 2179 1406 2232 γε
1441 2162 1618 2234 πολλῴ
1654 2180 1753 2214 πυ-

165 2253 267 2324 ρὸς
297 2255 460 2322 φύσιν
486 2254 828 2324 διακοπῆναι,
867 2253 899 2325 ἦ
945 2253 1418 2325 καταδιαιρεθῆναι
1459 2253 1558 2325 τὴν
1598 2255 1753 2326 Ἐρυ-

165 2341 308 2411 Θρὰν
362 2343 633 2398 θάλασσαν
697 2346 778 2407 εἰς
807 2344 1119 2412 διαιρέσεις.
1163 2342 1302 2394 Ἀλλ’
1344 2345 1552 2413 ὅμωςή
1600 2344 1749 2413 φωνὴ

165 2433 268 2486 τοῦ
316 2434 522 2505 Κυρίου
555 2436 649 2487 καί¹
680 2435 741 2487 τὸ
775 2434 994 2503 συνεχὲς
1037 2436 1102 2503 τῇ
1157 2433 1314 2501 φύσει
1346 2435 1438 2486 καὶ
1475 2435 1751 2504 ἡνωμένον

163 2524 266 2578 τοῦ
291 2525 462 2596 πυρὸς
487 2525 788 2580 διακόπτει.
825 2525 1016 2578 Καίτοι
1055 2525 1296 2596 ἄτμητον
1331 2526 1422 2578 καὶ
1449 2525 1751 2595 ἀδιαίρετον

165 2618 440 2683 ἐπινοίαις
475 2618 843 2690 ἀνθρωπίναις
863 2619 924 2672 τὸ
953 2618 1064 2691 πῦρ
1097 2614 1234 2673 εἶναι
1263 2619 1427 2683 δοκεῖ,
1463 2617 1576 2670 ἀλλ’
1604 2618 1753 2687 ὅμως

167 2710 558 2781 προστάγματι
594 2711 800 2782 Κυρίου
829 2709 941 2780 (15)
971 2709 1313 2763 διακόπτεται
1345 2709 1436 2763 καί
1462 2708 1748 2762 διίσταται.

165 2797 345 2868 Οἶμαι
377 2801 454 2862 δὲ,
480 2803 560 2853 ὅτι
589 2801 650 2852 τὸ
680 2801 790 2871 πῦρ
810 2802 869 2853 τὸ
894 2802 1291 2871 ἡτοιμασμένον
1322 2803 1398 2865 είς
1420 2801 1637 2854 κόλασιν
1675 2799 1752 2872 τῷ

165 2889 405 2958 διαϐόλῳ
434 2889 527 2942 καὶ
559 2891 669 2952 τοῖς
699 2889 946 2956 ἀγγέλοις
970 2890 1132 2942 αὑτοῦ
1166 2889 1509 2942 διακόπτεται
1542 2892 1605 2960 τῇ
1643 2907 1753 2958 φω-

167 2981 237 3050 νῇ
267 2980 362 3031 τοῦ
388 2979 592 3050 Κυρίου
611 2997 623 3009 ο
647 2980 752 3044 ἵνα,
777 2979 963 3050 ἐπειδὴ
992 2979 1083 3033 δύο
1105 2983 1238 3035 εἰσιν
1264 2982 1320 3032 ἐν
1347 2980 1423 3050 τῷ
1448 2979 1580 3050 πυρὶ
1605 2979 1752 3032 δυνά-

171 3090 322 3142 μεις,
373 3071 408 3142 ἦ
465 3089 526 3125 τε
584 3072 850 3142 καυστικὴ
882 3073 976 3125 καὶ
1005 3075 1036 3142 ή
1077 3072 1374 3142 φωτιστικὴ
1404 3072 1534 3142 (14),
1565 3072 1624 3123 τὸ
1655 3072 1750 3140 μὲν

1856 1885 2088 1950 recepit;
2139 1883 2556 1954 respirationem
2597 1881 3075 1950 iucundissimam,
3127 1883 3417 1952 refrigera-

1856 1974 2162 2042 tionemque
2189 1975 2368 2043 pueris
2399 1976 2450 2027 in
2479 1973 2770 2041 tranquillo
2798 1983 2939 2026 statu
2973 1975 3118 2028 velut.
3151 1975 3203 2026 in
3228 1974 3407 2043 aliqui

1854 2067 2105 2120 arborum
2139 2067 2328 2120 umbra
2363 2065 2672 2122 constitutis
2723 2067 3097 2136 suppeditans,
3134 2067 3424 2123 exhibensr

1854 2171 1978 2224 que.
2007 2157 2181 2212 Facta
2204 2167 2278 2212 est
2309 2158 2468 2222 enim,
2493 2158 2689 2226 inquit,
2718 2158 2850 2212 sicut
2885 2157 3100 2226 spiritu:
3130 2159 3264 2212 roris
3297 2159 3424 2212 sibi-

1853 2248 1969 2300 lam
1994 2249 2060 2300 ".
2099 2249 2162 2302 Et
2190 2260 2338 2303 certe
2363 2250 2530 2303 multo
2562 2251 2935 2305 admirabilius
2971 2259 3053 2304 est
3094 2250 3232 2322 ignis
3259 2263 3416 2305 natu-

1854 2354 1968 2394 ram
2007 2339 2278 2404 intercidi,
2304 2355 2467 2410 quam
2501 2355 2648 2394 mare
2674 2341 2918 2394 Rubrum
2955 2343 3005 2394 in
3030 2352 3208 2410 partes
3230 2343 3416 2397 dividi.

1850 2431 2101 2483 Attamen
2158 2427 2368 2482 Domini
2399 2442 2497 2482 vox
2563 2429 2736 2497 ignem
2778 2440 2965 2497 suapte
3013 2442 3205 2484 natura
3249 2433 3422 2486 conti-

1853 2535 2014 2572 nuum
2035 2534 2096 2573 ac
2114 2518 2212 2573 sibi
2238 2518 2390 2588 121
2417 2518 2774 2572 cobmrentem
2796 2519 3079 2575 intercidit.
3103 2520 3421 2591 Quanquam

1854 2607 2016 2674 igitur
2057 2610 2194 2678 ignis
2241 2608 2485 2665 consiliis
2550 2609 2800 2665 humanis
2849 2613 3156 2667 insecabilis
3219 2629 3282 2669 ac
3344 2615 3424 2668 in-

1854 2699 2104 2753 dividuus
2134 2700 2345 2756 videtur
2389 2717 2528 2768 esse,
2571 2701 2917 2758 nihilominus
2970 2715 3146 2760 tamen
3211 2707 3420 2762 Domini

1848 2787 1998 2858 jussu
2033 2791 2368 2847 interciditnr
2402 2807 2466 2847 ac
2510 2794 2782 2847 dividitur.
2840 2795 3021 2862 Ignem
3078 2806 3258 2850 autem
3280 2838 3296 2863 ,
3328 2798 3419 2865 qui

1854 2881 2064 2938 diabolo
2095 2891 2148 2937 et
2176 2881 2380 2953 angelis
2409 2883 2525 2952 ejus
2553 2884 2606 2936 in
2651 2882 2972 2952 supplicium
3003 2894 3226 2953 paratus
3255 2885 3418 2949 est".

1854 2990 1981 3030 voce
2026 2974 2234 3031 Domini
2290 2975 2533 3030 intercidi
2577 2990 2700 3031 reor
2751 2997 2762 3031 :
2809 2986 2866 3032 ut
2909 2993 3029 3032 cum
3066 2977 3183 3031 dua:
3212 2979 3321 3034 sint
3369 2982 3420 3033 in

1855 3067 1975 3134 igne
2015 3067 2319 3131 facultates,
2356 3082 2584 3137 quarum
2641 3083 2747 3122 una
2779 3069 3069 3133 comburit,
3131 3071 3300 3126 altera
3359 3072 3420 3125 il-

167 3163 340 3233 δριμὺ
369 3163 460 3215 καὶ
495 3162 810 3216 κολαστικὸν
831 3162 923 3216 τοῦ
958 3163 1128 3234 πυρὸς
1157 3166 1268 3226 τοῖς
1290 3162 1458 3228 ἀξίοις
1484 3163 1586 3233 τῆς
1611 3164 1746 3216 καύ-

1855 3160 2090 3224 lustrat,
2135 3161 2273 3230 ignis
2303 3161 2520 3229 quidem
2567 3162 2854 3230 asperitas,
2889 3178 2954 3216 ac
2985 3162 3267 3231 torquendi
3296 3177 3419 3231 pro-

171 3267 312 3314 σεως
363 3251 794 3322 προσαπομείνῃ,
849 3253 908 3305 τὸ
964 3251 1021 3305 δὲ
1060 3253 1384 3320 φωτιστικδν
1436 3253 1598 3306 αὑτοῦ
1652 3254 1746 3306 καὶ

168 3343 429 3412 λαμπρὸν
473 3347 536 3413 τῇ
569 3344 882 3414 φαιδρότητι
908 3344 1014 3397 τῶν
1044 3346 1476 3416 εὐφραινομένων
1511 3347 1748 3418 ἀποκλη-

172 3434 348 3506 ρωθῇ.
391 3435 545 3504 Φωνὴ
578 3430 670 3488 οὖν
710 3436 915 3506 Κυρίου
949 3436 1327 3500 διακόπτοντος
1361 3439 1533 3506 φλόγα
1579 3440 1748 3510 πυρὸς

170 3527 274 3580 καὶ
311 3525 642 3597 μερίζοντος,
693 3526 768 3589 ὡς
798 3527 1047 3596 ἀλαμπὲς
1097 3528 1194 3596 μὲν
1247 3523 1470 3581 εἶναιτὸ
1515 3530 1623 3601 πῦρ
1652 3531 1749 3600 τῆς

171 3618 472 3681 κολάσεως,
507 3619 774 3672 ἄκαυστόν
795 3619 851 3670 δὲ
881 3620 942 3670 τὸ
963 3618 1075 3687 φῶς
1103 3619 1202 3688 τῆς
1231 3620 1585 3683 ἀναπαύσεως
1615 3623 1750 3673 ἁπο-

175 3714 382 3782 μεῖναι.
431 3710 601 3778 Φωνὴ
650 3712 870 3779 Κυρίου
917 3711 1314 3776 σινσσείοντος
1350 3713 1588 3780 ἔρημον.
1635 3712 1747 3763 Ἐπ’

171 3803 466 3875 εὐεργεσίᾳ
498 3804 595 3873 τῆς
632 3804 840 3874 ἐρήμου
872 3806 901 3856 ό
941 3805 1265 3875 συσσεισμος
1304 3805 1437 3876 αὑτῇ
1474 3807 1623 3878 παρὰ
1657 3806 1747 3860 τοῦ

170 3895 383 3967 Κυρίου
413 3897 794 3965 οἰκονομεῖται,
836 3895 939 3955 ἴνα.
973 3895 1343 3966 μεταϐαλοῦσα
1373 3899 1479 3950 άπὸ
1503 3899 1592 3952 τοῦ
1622 3900 1747 3971 ἕρη-

177 4003 282 4055 μος
311 3981 470 4051 εἰναι,
514 3986 735 4057 γένηται
766 3986 838 4056 γῆ
875 3988 1290 4057 κατοικουμένη,
1318 3989 1409 4041 καὶ
1442 3989 1745 4061 ἀποθεμένη

169 4076 237 4128 τὸ
270 4076 368 4144 τῆς
396 4079 647 4142 ἀτεκνίας
677 4079 899 4142 ὄνειδος,
943 4078 1042 4148 τῆς
1093 4079 1448 4143 πολυπαιδίας
1497 4081 1633 4152 λάϐῃ
1660 4083 1747 4134 τὸν

172 4167 399 4220 ἔπαινον
430 4169 656 4236 (Πολλὰ
678 4169 785 4240 γὰρ
815 4171 885 4224 τὰ
909 4169 1089 4223 τέκνα
1116 4171 1224 4237 τῆς
1249 4171 1488 4241 ἐρήμου,
1510 4171 1748 4241 μᾶλλον

172 4261 215 4325 ἢ
248 4257 359 4327 τῆς
401 4259 664 4328 ἐχούσης
720 4262 824 4314 τὸν
847 4259 1078 4331 ἄνδρα),
1140 4262 1234 4315 καί
1280 4263 1385 4315 τῶν
1419 4263 1624 4318 ὑδάτων
1653 4265 1745 4317 τοῦ

173 4350 485 4421 πνεύματος
514 4351 878 4422 πληρωθεῖσα,
906 4354 1130 4425 γένηται
1153 4358 1185 4425 ὴ
1212 4355 1316 4426 πρὸ
1336 4356 1521 4410 τούτου
1547 4357 1747 4429 ἕρημος

172 4437 258 4498 εἰς
287 4437 479 4508 λίμνας
504 4438 727 4494 ὑδάτων.
763 4442 870 4494 Καὶ
906 4443 1225 4497 συσσείσει
1242 4445 1457 4511 Κύριος
1485 4445 1597 4513 τὴν
1624 4448 1748 4514 ἕρη-

1850 3251 2054 3318 prietas
2089 3251 2152 3304 iis
2186 3250 2276 3320 qui
2318 3249 2605 3305 adustione
2627 3252 2772 3322 digni
2808 3261 2934 3307 sunt
2964 3265 3210 3307 servetur
3242 3253 3420 3309 :illius

1854 3356 1979 3395 vero
2005 3341 2256 3410 splendor
2301 3350 2354 3394 et
2394 3340 2617 3396 claritas
2651 3342 2717 3395 ad
2753 3343 3080 3398 hilaritatem
3115 3359 3300 3400 eorum
3327 3347 3420 3417 qui

1851 3433 2024 3487 laetam
2069 3447 2133 3488 ac
2180 3433 2390 3488 beatam
2447 3434 2610 3487 vitam
2665 3437 2838 3489 acturi
2902 3445 3048 3500 sunt,
3101 3437 3417 3492 destinetur.

1850 3522 1964 3578 Vox
1995 3525 2157 3593 igitur
2190 3523 2399 3580 Domini
2429 3525 2802 3582 intercidentis
2822 3568 2837 3594 ,
2865 3543 2929 3582 ac
2960 3529 3249 3586 dividentis
3271 3531 3420 3583 llam-

1851 3633 1990 3670 mam
2020 3617 2183 3687 ignis,
2225 3619 2360 3675 adeo
2383 3630 2439 3674 ut
2459 3621 2702 3691 supplicii
2736 3623 2954 3691 quidem
2989 3623 3129 3694 ignis
3159 3625 3421 3679 obscurus

1851 3711 1969 3776 sit,
2031 3709 2119 3765 lux
2185 3726 2314 3766 vero
2341 3714 2642 3782 requietis,
2705 3715 2758 3767 vi
2812 3725 2996 3770 careat
3046 3715 3414 3772 comburendi.

1852 3800 2008 3856 Vens.
2041 3802 2095 3858 8.
2140 3802 2255 3859 Vox
2293 3804 2505 3860 Domini
2559 3809 2906 3862 concutientis
2956 3809 3240 3864 desertum.
3277 3813 3420 3867 Con-

1850 3897 2028 3950 cussio
2092 3896 2179 3951 illa
2243 3911 2273 3951 a
2342 3897 2571 3954 Domino
2600 3900 2946 3969 dispensatur
2979 3901 3197 3956 deserto
3220 3903 3271 3955 in
3303 3904 3418 3956 loco

1850 3987 2119 4055 beneficii,
2150 3997 2210 4042 ut
2243 3988 2545 4058 ipsumjam
2581 3999 2944 4059 permutatum
2980 4006 3046 4046 ex
3086 3991 3301 4046 deserto
3329 3995 3420 4047 liat

1853 4089 1990 4132 terra
2059 4077 2335 4144 habitata,
2407 4089 2494 4146 et,
2551 4081 2795 4149 deposito
2844 4081 3146 4138 sterilitatis
3197 4087 3414 4153 probro,

1853 4171 2030 4225 multa:
2078 4171 2423 4226 fecunditatis
2473 4173 2686 4228 laudem
2744 4175 2992 4244 accipiat.
3041 4175 3220 4245 (Multi
3272 4183 3408 4234 enim

1851 4262 1949 4330 lilii
1979 4264 2214 4328 deserta,
2253 4265 2420 4335 magis
2455 4281 2612 4336 quam
2642 4266 2757 4336 ejus
2787 4283 2904 4332 quia
2945 4268 3095 4321 habet
3125 4269 3294 4322 virum
3313 4272 3413 4339 ⁸³),

1850 4363 1904 4409 et
1928 4356 1977 4409 id
2003 4357 2144 4424 quod
2173 4365 2328 4411 antea
2344 4358 2616 4413 desertum
2637 4367 2775 4424 erat,
2802 4368 2987 4427 postea
3010 4360 3168 4428 aquis
3193 4361 3417 4429 spiritus

1851 4449 2170 4514 confertum,
2214 4449 2265 4502 in
2295 4458 2484 4521 stagna
2534 4465 2799 4519 aquarum
2829 4452 2941 4504 liat.
2976 4448 3042 4502 Et
3078 4455 3418 4506 commovebit

165 4546 293 4597 μον
320 4529 536 4597 Κὰδης.
566 4531 638 4584 Οὐ
678 4534 857 4585 πᾶσαν
884 4529 976 4587 οὖν
1001 4534 1206 4606 ἔρημον
1241 4538 1268 4588 ό
1300 4536 1500 4607 Κύριος
1538 4513 1746 4592 συσσεί-

1854 4537 2106 4593 Dominus
2156 4513 2417 4594 desertum
2474 4513 2663 4594 Codex.
2707 4539 2892 4607 Itaque
2946 4540 3216 4595 desertum
3257 4557 3417 4596 omne

175 4634 260 4670 σει
288 4619 422 4685 (l5),
459 4621 590 4675 άλλά
635 4623 731 4694 τὴν
764 4624 967 4693 Κάδης,
1009 4629 1270 4692 τουτέστι,
1311 4630 1400 4682 τὸν
1439 4631 1738 4701 ἁγιασμόν·

171 4711 364 4782 Κάδης
416 4713 522 4786 γάρ
552 4715 843 4786 ἁγιασμὸς
886 4719 1262 4788 ἑρμηνεύεται.
1315 4722 1484 4789 Φωνὴ
1522 4725 1741 4790 Κυρίου

173 4805 633 4876 καταρτιζομένη
671 4808 951 4876 ἐλάφους.
992 4810 1255 4880 Ὀμότιμα
1298 4811 1399 4882 χρὴ
1429 4817 1538 4877 τοῖς
1601 4832 1734 4885 προ-

172 4971 221 5003 ⁸¹
256 4968 447 5022 Matth.
490 4987 619 5035 xxv,
667 4975 753 5026 Η.
833 4974 1003 5029 "Isa.
1061 4991 1166 5036 LIV,
1207 4976 1255 5029 l.

248 5059 492 5139 (QtﬂRgg.
527 5067 792 5139 secundus
828 5067 1048 5139 ἐπὶτῶν
1082 5069 1341 5139 χειρόνων
1373 5067 1611 5138 εἰκασίᾳ.

251 5132 591 5209 (Ψλᾜοιυηι
625 5136 784 5209 illud,
800 5132 1240 5207 παρειλημμένον
1265 5139 1412 5191 ἐστιν
1438 5132 1636 5209 εὑρεῖν,
1666 5140 1740 5201 ὡς

171 5201 259 5265 τὸ,
296 5201 530 5277 Ὑψώσει
581 5206 746 5277 κέρας
771 5201 902 5277 λαοῦ
937 5201 1124 5271 αὑτοῦ,
1162 5211 1214 5262 in
1251 5209 1447 5262 nOstris
1497 5201 1739 5261 undecim

172 5288 311 5326 mss.
360 5273 718 5329 desideratur.
760 5276 955 5332 Videre
994 5282 1206 5333 esthoc
1243 5281 1360 5333 loco
1411 5281 1461 5332 in
1515 5295 1649 5332 mss.
1687 5290 1742 5331 et

174 5342 493 5417 aliasparvi
538 5349 792 5417 momenti
820 5349 1176 5417 ivariatiottcs.
1233 5366 1365 5417 quas
1429 5349 1631 5403 referre
1687 5359 1745 5402 ut

175 5411 389 5475 inutile,
427 5415 496 5464 ita
532 5414 692 5468 luerit
726 5416 1030 5470 molestum.

249 5481 686 5558 (Iitpotbertini
714 5489 993 5558 secundus
1025 5498 1080 5541 et
1127 5501 1348 5554 quartus
1383 5491 1440 5542 ὲν
1474 5491 1537 5558 τῇ
1565 5489 1739 5541 Βαϐυ-

176 5549 492 5672 λῷἫὲθΜοε
532 5555 658 5606 eum
704 5556 1088 5628 ὑπερεξεχύθη.
1124 5549 1192 5612 At
1220 5560 1386 5627 major
1426 5549 1547 5625 pars
1571 5560 1739 5630 ὑπερ-

176 5638 304 5672 εεεγ
374 5639 429 5672 n.

176 5638 429 5686 εςεχεοη.

248 5638 790 5771 ἱξὲῗῖίίιεηςεγένετο
825 5697 951 5768 γάρ,
985 5699 1168 5771 φησιν,
1209 5699 1338 5751 ὡσεὶ
1377 5700 1588 5771 πνεῦμα
1613 5701 1731 5771 δρό-

178 5777 274 5814 σου
302 5761 632 5832 διασυρίζον,
660 5766 733 5818 sic
773 5761 1007 5820 verterat
1032 5761 1345 5822 'l‘ilmanuus
1380 5787 1390 5820 :
1438 5761 1602 5823 Fracta
1629 5761 1728 5830 est.

176 5832 602 5899 inquit,ﬂumma
630 5835 778 5888 t-elmi
807 5839 1017 5906 spiritus
1049 5840 1179 5893 toris
1219 5842 1366 5894 suam
1419 5841 1621 5907 spirans
1657 5844 1730 5897 si-

1850 4645 1954 4684 non
1983 4632 2343 4686 commovebit
2375 4632 2655 4698 Dominus,
2685 4633 2777 4686 sed
2806 4631 3288 4698 desertumCades,
3319 4635 3420 4690 hoc

1849 4735 1952 4789 est,
1985 4724 2467 4778 sanctilicationem
2504 4743 2516 4778 :
2557 4725 2728 4779 Cades
2775 4724 2915 4779 enim
2945 4735 3049 4792 est,
3083 4727 3128 4780 si
3179 4729 3299 4795 quis
3331 4728 3416 4781 iu-

1845 4825 2213 4883 terpretetnr,
2272 4817 2644 4886 sanctiﬁcatio.
2703 4817 2860 4872 Vnus.
2915 4817 2966 4871 9.
3049 4816 3164 4871 Vox
3204 4817 3418 4874 Domini

250 4899 300 4929 ⁸⁸
325 4897 462 4953 Psal.
513 4918 738 4960 chvm.
769 4903 853 4957 14.
931 4904 975 4936 ⁸⁷
1001 4904 1139 4959 Psal.
1185 4921 1292 4967 οτι,
1326 4909 1378 4962 9.
1455 4909 1498 4939 ⁸³
1534 4909 1670 4963 Psal.
1710 4927 1841 4968 ml.
1870 4911 1923 4964 3.

2021 4911 2109 4964 "I
2141 4911 2264 4966 Cor.
2299 4927 2337 4974 ι,
2374 4911 2464 4966 Ἡ.
2565 4913 2608 4943 ³ο
2636 4912 2768 4966 Dan.
2801 4927 2879 4975 Ill,
2925 4912 3011 4964 47.
3090 4911 3132 4942 ⁹¹
3165 4913 3296 4974 ibid.
3327 4914 3413 4970 50.

1847 5070 1972 5122 bilo.
2003 5069 2111 5123 Sed
2139 5084 2283 5139 :egre
2314 5070 2413 5124 fert
2440 5069 2662 5125 Dircaeus
2705 5072 3048 5128 Tilmannum
3088 5078 3154 5132 de
3193 5094 3291 5133 suo
3324 5095 3416 5133 vn-

1853 5155 1968 5192 cem
1993 5141 2210 5208 ﬂamma
2238 5141 2508 5196 addidisse
2553 5158 2566 5194 :
2614 5142 2969 5199 Combelisius
3006 5161 3134 5200 vero
3177 5151 3412 5202 additam

1853 5224 1970 5289 eam
1999 5209 2163 5289 fuisse
2187 5211 2253 5263 ad
2287 5220 2520 5289 mentem
2581 5211 2760 5264 Basilii
2804 5214 3054 5289 aliirmat.
3113 5218 3270 5270 Plura
3324 5225 3413 5289 qui

1853 5280 2025 5356 volet_,
2055 5280 2337 5356 scriptoris
2367 5281 2652 5349 utriusque
2685 5291 2838 5356 notas
2869 5283 3047 5356 legere
3075 5290 3292 5356 poterit.

1923 5348 2033 5422 (i5)
2066 5349 2478 5422 _Crolb.wquartus
2506 5348 2888 5422 προστάγματι
2921 5348 3078 5415 Θεοῦ,

1917 5417 2027 5488 (14)
2061 5417 2150 5472 Sic
2178 5417 2303 5474 editi
2333 5429 2387 5473 et
2427 5417 2698 5499 tres'mss.
2730 5417 2799 5476 Ᾱι
2818 5439 2909 5478 sex
2947 5426 3036 5479 alii
3073 5441 3209 5482 mss.
3242 5431 3412 5499 φωτί-

1849 5489 2486 5564 ζουσα-ρτοῂφωτιστική.
2518 5491 2682 5564 Paulo
2725 5504 2845 5564 post
2880 5510 3010 5550 mss.
3057 5506 3181 5552 octo
3224 5489 3266 5552 δ’
3296 5517 3416 5556 συσ-

1850 5560 2102 5632 σεισμός.
2126 5560 2260 5614 Editi
2278 5564 2319 5632 ό
2348 5560 2588 5632 σεισμός.

1913 5631 2031 5704 (ὶ5)Δ
2054 5631 2330 5704 Sic‘multi
2359 5631 2488 5704 mss.
2516 5633 2582 5685 At
2606 5632 2732 5686 editi
2764 5649 2884 5687 cum
2911 5636 3234 5704 quibusdam
3275 5656 3406 5692 mss.

1843 5700 2103 5752 συσσείει.
2147 5700 2337 5771 Statim
2370 5702 2458 5754 ubi
2511 5704 2702 5771 legitur
2746 5704 2796 5756 in
2823 5700 2984 5758 editis
3021 5720 3076 5760 et
3125 5709 3176 5762 in
3213 5712 3411 5762 ιιοςιτίς

1843 5787 1972 5823 mss.
2009 5770 2462 5848 καταρτιζοισένη,
2501 5770 2704 5828 editum
2741 5774 3047 5832 invenimus
3091 5782 3226 5848 apud
3269 5777 3410 5834 LXX

1839 5841 2314 5911 καττρτιζημένου.
