4098 6324
669 348 776 405 535
1983 344 2038 398 S.
2083 341 2323 396 BASILII
2361 339 2570 392 MAch

3834 332 3944 386 εει

670 473 881 517 eeutem
912 481 924 515 :
961 461 1026 515 In
1062 461 1253 529 templo
1302 461 1418 530 ejus
1448 463 1802 528 unusquisque
1832 460 1956 512 dicit
1991 462 2234 531 gloriam.

2351 459 2562 526 μνήμην
2616 454 2722 505 τῶν
2774 453 3052 522 ἁμαρτιῶν
3091 452 3501 522 ἀφικνουμενοι,
3544 449 3608 502 οὐ
3670 449 3949 518 τρέμουσι

675 552 753 604 Tu
809 565 938 605 vero
988 567 1092 605 non
1143 550 1300 605 modo
1329 566 1436 606 non
1469 551 1738 617 loqueris;
1773 551 1865 603 sed
1898 551 2049 606 alteri
2080 552 2242 604 etiam

668 659 728 695 es
759 641 1171 706 impedimento,
1205 643 1298 710 qui
1335 657 1457 697 eum
1504 640 1598 695 tihi
1630 642 1821 696 reddas
1846 651 2138 704 attentum,
2165 649 2246 696 at-

671 748 777 794 que
811 748 906 802 per
934 742 1082 787 tuum
1109 735 1392 787 tumultum
1417 745 1610 787 sonum
1634 732 1889 801 majorem
1923 735 2051 789 edas
2083 748 2242 801 quam

675 822 910 889 Spiritus
934 823 1202 879 doctrina.
1239 823 1382 877 Cave
1413 838 1481 878 ne
1523 823 1736 894 quando
1778 823 1965 888 abeas,
1991 839 2094 877 una
2121 838 2242 877 cum

672 914 741 968 iis
768 914 857 983 qui
913 915 1075 985 impia
1109 925 1164 970 et
1194 915 1588 970 contumeliosa
1635 914 1796 967 verba
1832 916 1885 968 in
1925 915 2014 969 Dei
2046 930 2242 969 nomen

671 1017 951 1073 evomunt,
989 1009 1404 1076 condemnatus,
1461 1023 1581 1064 cum
1623 1004 1903 1061 debuisses
1936 1008 2241 1064 mercedem

671 1112 771 1168 pro
813 1113 991 1153 rerum
1048 1099 1354 1154 divinarum
1382 1098 1747 1155 celebratione
1773 1098 2035 1169 recipere.
2066 1100 2242 1155 Habes

671 1189 958 1260 psalmum,
992 1193 1160 1247 habes
1193 1193 1550 1264 prophetiam,
1586 1205 1850 1264 praacepta
1909 1195 2239 1265 evangelica,

635 1283 1036 1352 apostolorum
1089 1285 1524 1355 praedicationes.
1571 1287 1774 1356 Lingua
1827 1287 2037 1356 psallat,
2092 1303 2243 1344 mens

672 1388 882 1440 eorum,
915 1392 1034 1447 quae
1065 1378 1209 1432 dicta
1255 1385 1402 1440 sunt.
1461 1388 1736 1434 scrutetur
1781 1378 2192 1447 intelligentiam
2225 1395 2238 1433 :

674 1480 732 1522 ut
785 1469 982 1539 psallas
1040 1469 1256 1537 spiritu,
1296 1471 1495 1541 psallas
1551 1470 1678 1525 item
1728 1480 1782 1525 et
1824 1471 2071 1526 mente‘.
2101 1473 2240 1526 Deus

673 1560 818 1614 cnim
870 1559 1094 1617 minime
1149 1562 1353 1632 indiget
1402 1561 1570 1630 gloria
1602 1580 1615 1616 :
1647 1564 1740 1618 sed
1777 1573 1826 1616 te
1861 1562 1970 1616 vult
2015 1578 2137 1618 esse
2169 1564 2243 1617 di-

675 1667 861 1720 gnum,
893 1652 984 1723 qui
1037 1653 1261 1725 gloriam
1317 1668 1674 1723 consequare.
1710 1656 2048 1724 Quapropter
2088 1655 2242 1721 Quod

674 1747 900 1800 seminat
936 1749 1109 1810 homo,
1157 1746 1254 1798 hoc
1299 1757 1344 1800 et
1390 1757 1539 1802 metet
1560 1747 1602 1802 ⁵.
1651 1748 1866 1804 Semina
1899 1746 2243 1818 gloriﬁcatio-

2348 549 2447 618 τὴν
2480 545 2658 616 κρίσιν
2681 563 2691 574 ·
2717 543 2851 597 ἀλλά
2881 543 3210 616 μειδιῶντες,
3243 545 3450 611 καὶτὰς
3474 541 3658 610 δεξιὰς
3683 541 3947 612 ἀλλήλοις

2353 637 2729 708 ἐμϐάλλοντες,
2766 635 2928 688 τόπον
2963 632 3325 706 μακρολογίας
3360 636 3450 687 τὸν
3470 632 3621 688 οἷκον
3649 631 3947 685 ποιοῦνται

2345 731 2444 800 τῆς
2493 727 2817 798 προσευχῆς,
2875 724 3279 799 παρακούοντες
3318 727 3409 778 τοῦ
3438 725 3660 798 ψαλμοῦ
3688 723 3794 778 τοῦ
3827 724 3948 775 δια-

2351 822 2761 894 μαρτυρομένου
2809 821 2902 872 καὶ
2958 821 3224 890 λέγοντος,
3271 819 3350 869 ὅτι
3406 821 3502 872 Ἐν
3538 820 3622 884 τῷ
3667 815 3803 883 ναῷ
3837 816 3946 870 τοῦ

2351 914 2496 969 Θεοῦ
2529 915 2648 981 πᾶς
2679 933 2769 979 τις
2799 912 2959 981 λέγει
2984 913 3190 978 δόξαν.
3228 910 3299 961 Σὺ
3342 910 3398 963 δὲ
3448 913 3508 964 οὐ
3551 912 3723 982 μόνον
3764 913 3827 966 οὐ
3857 910 3947 962 λέ-

2346 1022 2484 1074 γεις,
2507 1004 2642 1057 ἀλλά
2676 1006 2769 1057 καὶ
2798 1001 2967 1072 ἑτέρῳ
2997 1002 3248 1071 ἐμπόδιον
3286 997 3397 1067 (27)
3429 1001 3550 1071 γίνῃ
3582 1003 3946 1071 ἐπιστρέφων

2348 1101 2482 1171 πρὸς
2515 1098 2724 1162 ἑαυτὸν,
2765 1097 2858 1150 καὶ
2899 1092 2975 1163 τῷ
3009 1093 3121 1164 ἰδίῳ
3151 1090 3364 1164 Θορύὸῳ
3396 1092 3692 1163 ὑπερηχῶν
3736 1095 3843 1165 τὴν
3867 1095 3946 1146 δι-

2343 1189 2638 1246 δασκαλίαν
2686 1189 2781 1242 τοῦ
2830 1185 3163 1256 Πνεύματος.
3208 1187 3345 1255 Ὅρα
3384 1183 3454 1253 μή
3491 1201 3626 1237 ποτε
3668 1185 3942 1255 ἀπέλθῃς,

2344 1286 2464 1338 ἀντὶ
2501 1279 2593 1334 τοῦ
2630 1281 2816 1351 μισθὸν
2856 1277 3034 1332 λαϐεῖν
3064 1279 3154 1330 ἐπὶ
3181 1275 3476 1345 δοξολογίᾳ,
3503 1279 3620 1338 τοῖς
3666 1279 3730 1329 τὸ
3767 1278 3946 1346 ὄνομα

2343 1375 2437 1429 τοῦ
2482 1371 2616 1426 Θεοῦ
2665 1368 3043 1442 βλασφημοῦσι
3101 1364 3645 1437 συγκαταδικασθείς.
3699 1367 3945 1437 Ψαλμὸν

2344 1469 2506 1540 ἔχεις,
2538 1466 2877 1537 προφητείαν
2901 1462 3063 1532 ἔχεις,
3107 1459 3436 1530 εὐαγγελικὰ
3463 1458 3941 1528 παραγγέλματα,

2342 1561 2410 1614 τὰ
2456 1557 2565 1610 τῶν
2598 1556 2911 1610 ἀποστόλων
2948 1551 3296 1622 κηρύγματα.
3363 1551 3426 1605 Ἡ
3460 1547 3685 1618 γλῶσσα
3736 1549 3944 1616 ψαλλέ-

2343 1671 2438 1716 τω,
2477 1652 2506 1703 ό
2540 1649 2668 1712 νοῦς
2719 1648 2993 1719 ἐρευνάτω
3038 1645 3137 1716 τὴν
3168 1643 3404 1697 διάνοιαν
3449 1641 3557 1694 τῶν
3598 1640 3940 1710 εἰρημένω-δ,

2345 1746 2430 1798 ἵνα
2475 1740 2682 1812 quam
2715 1739 2793 1809 τῷ
2822 1739 3109 1808 πνεύματι,
3135 1735 3340 1806 ψάλλης
3375 1737 3429 1788 δὲ
3463 1733 3558 1787 καὶ
3603 1731 3676 1801 τῷ
3703 1731 3816 1784 νοῒ.
3848 1732 3941 1801 Μὴ

674 1853 821 1903 neut,
856 1849 910 1892 ut
959 1852 1188 1892 coronas
1246 1838 1588 1909 honoresque
1638 1849 1690 1895 et
1722 1840 1907 1895 laudes
1967 1841 2018 1894 in
2077 1857 2243 1913 regno

2351 1835 2452 1904 γὰρ
2480 1833 2637 1903 δόξης
2666 1831 2935 1884 ἐπιδέεται
2970 1831 2998 1881 ὁ
3031 1828 3182 1889 Θεὸς,
3209 1827 3345 1880 ἀλλά
3385 1844 3442 1878 σε
3479 1824 3734 1897 βούλεται
3789 1822 3943 1886 ἀξιον

657 1930 930 1984 caelorum
976 1941 1164 1986 metas.
1199 1931 1323 1986 [late
1361 1950 1466 1988 non
1511 1933 1609 1989 abs
1644 1949 1702 1988 re
1725 1949 1820 2003 per
1848 1935 2237 2006 digressionem

671 2023 813 2074 dicta
847 2031 971 2076 sunt
1003 2023 1054 2077 in
1076 2022 1216 2078 hunc
1241 2022 1415 2078 locum
1450 2046 1459 2078 :
1487 2023 1554 2078 In
1583 2024 1774 2095 templo
1811 2027 1923 2096 ejus
1956 2031 2237 2099 unusquis-

670 2131 770 2183 que
806 2115 934 2169 dicit
977 2117 1221 2185 gloriam,
1245 2116 1388 2185 quod
1435 2125 1561 2170 sunt
1589 2119 1680 2187 qui
1709 2119 1956 2188 loquendi
1994 2121 2152 2175 linem
2187 2122 2237 2172 in

673 2206 768 2260 Dei
801 2207 996 2276 templo
1049 2223 1324 2278 nunquam
1381 2208 1602 2274 faciant,
1635 2226 1699 2264 ac
1745 2211 2006 2265 inutiliter
2059 2210 2236 2279 ingre-

671 2297 908 2350 diantur.
955 2297 1168 2352 Utinam
1206 2299 1486 2364 inutiliter,
1524 2315 1628 2356 non
1661 2314 1782 2354 cum
1824 2301 2166 2356 detrimento.

742 2653 794 2704 8.
845 2650 1000 2705 Vens.
1045 2652 1131 2706 10.
1169 2652 1426 2707 Dominus
1462 2655 1719 2710 diluvium
1746 2659 2042 2712 inhabitare
2065 2659 2239 2726 faciet.

678 2743 948 2799 Diluvium
971 2744 1249 2800 inundatio
1285 2761 1437 2814 aqua:
1466 2756 1568 2812 est,
1597 2748 1856 2818 quidquid
1895 2752 2082 2804 subest
2110 2765 2243 2804 cou-

675 2837 930 2904 tegentis,
965 2848 1020 2893 et
1055 2838 1316 2908 quidquid
1367 2839 1515 2909 prius
1543 2841 1892 2896 sordescebat
1934 2857 2244 2912 expurgan-

677 2927 768 2982 tis.
813 2928 1068 2998 Baptismi
1139 2931 1320 3002 itaque
1376 2931 1606 3002 gratiam
1666 2933 1925 2988 diluvium
1976 2935 2241 2999 nominat,

675 3021 810 3084 adeo
855 3031 911 3076 ut
957 3022 1135 3078 anima
1181 3024 1414 3094 peccatis
1465 3025 1666 3089 abluta,
1709 3034 1763 3081 et
1809 3028 1977 3082 veteri
2029 3027 2245 3083 homine

675 3124 994 3185 expurgatu,
1025 3116 1116 3170 ﬁat
1149 3117 1400 3188 deinceps
1433 3119 1644 3184 idonea,
1676 3133 1791 3188 quae
1830 3118 1880 3173 in
1913 3117 2114 3189 Spiritu
2144 3121 2241 3173 ha-

677 3193 868 3259 bitatio
890 3207 958 3261 sit
987 3209 1098 3262 Dei.
1135 3207 1305 3264 Porro
1334 3227 1453 3282 qua:
1482 3212 1642 3267 etiam
1673 3213 1812 3267 dicta
1858 3221 1985 3266 sunt
2015 3213 2067 3266 in
2098 3212 2243 3281 psal-

679 3311 769 3349 mo
798 3297 1071 3351 tricesimo
1111 3302 1307 3367 primo,
1339 3317 1462 3355 cum
1497 3304 1584 3358 his
1614 3305 1924 3358 conciuuut.
1961 3303 2248 3375 Postquam

677 3385 821 3439 enim
854 3387 1023 3441 dixit:
1058 3386 1388 3458 Injustitiam
1417 3407 1586 3445 meam
1620 3397 1879 3463 cognitam
1909 3396 2030 3465 feci,
2063 3406 2111 3450 et
2137 3413 2253 3465 pec-

677 3485 853 3532 catum
917 3496 1087 3533 meum
1138 3498 1240 3535 non
1289 3483 1578 3548 abscondi;
1616 3483 1744 3538 item
1798 3485 1965 3541 illud:
2000 3484 2106 3542 Pro
2154 3489 2253 3542 hac

676 3571 847 3622 orabit
876 3571 944 3622 ad
972 3581 1024 3624 te
1046 3574 1211 3625 onmis
1230 3570 1786 3639 sanctus,subjunxit:
1818 3571 2181 3632 Verumtamen
2197 3580 2252 3631 in

676 3660 871 3714 diluvio
895 3680 1149 3730 aquarum
1175 3665 1459 3718 multarum
1484 3666 1552 3719 ad
1577 3683 1694 3720 eum
1727 3684 1829 3720 non
1861 3669 2250 3736 appropinqua-

679 3753 804 3807 buut
828 3754 870 3808 '.
887 3752 1003 3810 Non
1029 3758 1171 3811 enim
1192 3768 1407 3828 peccata
1434 3760 1937 3829 appropinquabant
1957 3743 2136 3828 ei,’qui
2158 3776 2253 3830 per

680 3864 874 3917 aquam
906 3860 961 3906 ct
989 3849 1246 3916 Spiritum
1280 3849 1544 3923 baptisma
1582 3850 1916 3905 remissionis
1937 3850 2249 3906 delictorum

681 3941 968 4009 receperit.
1007 3939 1112 3996 Sed
1153 3943 1288 3996 etin
1323 3943 1554 3996 Michaea:
1588 3943 1864 4013 prophetia
1899 3944 2150 4012 quiddam
2172 3943 2254 3997 his

681 4032 839 4087 aliine
864 4034 1133 4088 invenitur
1159 4053 1171 4089 :
1194 4034 1328 4100 Quia
1344 4037 1514 4089 volens
1531 4037 1943 4091 misericordiam
1971 4048 2070 4101 est,
2090 4054 2255 4091 rever-

680 4135 817 4177 tetur
843 4136 890 4178 et
920 4126 1252 4181 miserebitur
1296 4130 1460 4183 nostri
1488 4145 1505 4182 :
1529 4131 1789 4200 demerget
1814 4141 2023 4197 peccata
2055 4141 2252 4197 nostra,

680 4223 727 4266 et
760 4215 1180 4282 projicienlurin
1215 4219 1482 4286 profunda
1507 4223 1723 4273 maris".
1755 4220 1822 4273 Et
1856 4224 2047 4276 sedebit
2087 4223 2257 4276 Domi-

682 4323 779 4360 nus
801 4323 888 4360 rex
905 4306 959 4360 in
976 4317 1248 4361 wternum.
1273 4310 1476 4363 Anima:
1495 4326 1560 4364 ex
1580 4313 1780 4368 diluvio
1806 4315 2105 4382 splendenti
2128 4316 2257 4368 iusi-

683 4397 816 4450 dens
846 4395 1002 4460 Deus,
1034 4411 1152 4451 eam
1185 4397 1283 4451 sibi
1316 4397 1477 4452 veluti
1508 4401 1758 4454 thronum
1782 4403 2135 4462 elﬁcit.\'ens.
2167 4406 2250 4459 11.

2342 1923 2480 1980 εἶναι
2532 1924 2626 1979 τοῦ
2675 1923 3015 1993 δοξασθῆναι.
3060 1921 3202 1972 Διότι
3237 1921 3298 1971 ’Ὀ
3331 1920 3560 1989 σπείρει
3595 1917 3940 1984 ἄνθρωπος,

2340 2021 2517 2075 τοῦτο
2552 2019 2649 2074 καὶ
2679 2017 2919 2086 θερίσει.
2955 2017 3184 2086 Σπείρον
3212 2011 3542 2079 δοξολογίαν,
3578 2013 3670 2064 ἵνα
3711 2010 3943 2080 Sepias};

2344 2112 2646 2180 στεφάνους
2697 2106 2986 2176 καὶτιμὰς
3045 2105 3137 2158 καὶ
3178 2103 3432 2165 ἐπαίνους
3474 2105 3532 2154 ὲν
3569 2104 3636 2170 τῇ
3687 2098 3941 2168 βασιλεία

2340 2203 2449 2257 τῶν
2491 2198 2757 2272 οὐρανῶν.
2803 2196 2987 2249 Ταῦτα
3026 2195 3126 2248 οὐκ
3165 2193 3451 2264 ἀχρήστως
3499 2193 3556 2243 ὲν
3588 2184 3940 2255 τ’..αρεκϐἀσει

2342 2295 2555 2367 εἴρηται
2589 2293 2668 2354 εἰς
2701 2290 2779 2354 τὸ,
2839 2291 2939 2343 Ἐν
2976 2287 3055 2352 τῷ
3097 2285 3221 2350 ναῷ
3259 2285 3444 2340 αὐτοῦ
3492 2279 3608 2346 πᾶς
3644 2296 3738 2344 τις
3776 2277 3940 2346 λέγει

2343 2388 2548 2453 δόξαν,
2574 2384 2663 2438 διὰ
2689 2383 2749 2436 τὸ
2774 2382 2897 2444 τοὺς
2927 2382 2984 2432 ὲν
3015 2378 3091 2449 τῷ
3113 2379 3226 2450 ναῷ
3252 2378 3346 2431 τοῦ
3377 2375 3512 2427 Θεοῦ
3538 2373 3803 2425 ἀπαυστα
3825 2370 3937 2440 (28)

2343 2475 2828 2550 γλωσσαλγοῦντας
2860 2472 2953 2525 καὶ
2981 2470 3269 2540 ἀνωφελῶς
3297 2467 3566 2528 εἰσιόντας
3584 2481 3597 2495 ·
3625 2463 3743 2517 εἴθε
3768 2464 3830 2517 δὲ
3858 2466 3942 2516 ἀν-

2345 2569 2574 2640 ωφελῶς
2599 2569 2691 2621 καὶ
2719 2566 2793 2638 μὴ
2815 2561 3138 2624 ὲπιϐλαϐὦς.

2414 2665 2466 2717 8.
2508 2663 2724 2729 Κύριος
2756 2663 2862 2712 τὸν
2893 2653 3324 2722 κατακλυσμὸν
3349 2652 3641 2707 κατοικιεῖ
3661 2652 3800 2721 (‘39).
3826 2651 3939 2702 Κα-

2341 2754 2650 2824 τακλυσμὸς
2679 2751 2868 2814 ὕδατός
2896 2753 3042 2803 ἐστιν
3071 2746 3352 2810 ὲπίκλυσις
3379 2744 3802 2815 ἐξαφανίζοντος
3829 2743 3936 2793 πᾶν

2344 2847 2403 2898 τὸ
2431 2845 2809 2914 ὑποκείμενον,
2850 2843 2944 2906 καὶ
2977 2840 3367 2912 καθαρίζοντος
3393 2837 3540 2890 ἅπαν
3561 2835 3621 2887 τὸ
3655 2833 3934 2902 προερῤυ-

2346 2938 2613 3007 πωμένον.
2658 2936 2769 3006 Τὴν
2800 2930 2892 2989 οὖν
2919 2934 3010 2988 τοῦ
3055 2933 3427 3004 βαπτίσματος
3461 2926 3621 2996 χάριν
3661 2923 3936 2976 κατακλιν-

2348 3029 2783 3103 σμὺυόνομάζει,
2808 3028 2947 3082 ὥστε
2973 3028 3071 3097 τὴν
3108 3019 3564 3090 ἀποπλυναμένην
3591 3016 3662 3068 τὰ
3688 3017 3937 3088 ἀμαρτῄ-

2351 3140 2493 3194 ματα
2545 3122 2742 3192 ψυχὴν,
2799 3123 2892 3173 καὶ
2937 3112 3430 3186 ἁποκαθηραμένην
3463 3110 3552 3164 τὸν
3584 3108 3817 3162 παλαιὸν
3847 3107 3936 3161 ἀν-

2350 3214 2585 3286 Θρωπον,
2629 3210 2938 3280 ἐπιτηδείαν
2967 3205 3102 3260 εἶναι
3133 3207 3316 3258 λοιπὸν
3347 3205 3481 3276 πρὸς
3513 3204 3934 3272 κατοικητήριον

2350 3305 2443 3358 τοῦ
2488 3302 2621 3357 Θεοῦ
2672 3306 2728 3356 ὲν
2773 3299 3068 3370 Πνεύματι.
3113 3297 3332 3369 Συνᾴδει
3361 3296 3415 3349 δὲ
3441 3295 3616 3364 τούτῳ
3649 3293 3745 3345 καὶ
3779 3290 3852 3342 τὰ
3881 3291 3936 3340 ὲν

2351 3398 2428 3471 τῷ
2451 3395 2758 3471 τριακοστῷ
2783 3393 2982 3466 πρώτῳ
3011 3390 3209 3462 ψαλμῷ
3238 3389 3519 3462 εἰρημένα.
3552 3384 3710 3439 Μετά
3733 3381 3848 3453 γὰρ
3877 3382 3937 3434 τὸ

2354 3494 2545 3554 εἰπεῖν,
2600 3491 2682 3542 ὅτι
2728 3487 2847 3555 Τὴν
2897 3484 3153 3553 ἀνομίαν
3186 3500 3305 3552 μου
3342 3481 3652 3550 ἐγνώρισα,
3686 3474 3783 3528 καὶ
3822 3473 3939 3542 τὴν

2353 3581 2646 3652 ἁμαρτίαν
2695 3597 2813 3650 μου
2862 3580 2973 3630 οὐκ
3023 3573 3338 3640 ἐκάλυψα’
3378 3571 3469 3623 καὶ
3517 3567 3600 3635 τὸ,
3637 3567 3720 3619 ὅτι
3765 3565 3938 3635 Ὑπὲρ

2353 3671 2544 3738 αὐτῆς
2571 3672 2680 3740 (50)
2709 3667 3098 3737 προσεύξεται
3139 3663 3286 3731 πρὸς
3329 3661 3404 3715 σὲ
3450 3657 3568 3725 πᾶς
3605 3658 3808 3724 ὅσιος·
3842 3659 3940 3711 £1:-

2354 3764 2555 3832 ήγαγεο
2611 3759 2780 3826 Πλὴν
2838 3758 2906 3811 ἐν
2955 3750 3358 3820 κατακλυσμῷ
3401 3750 3635 3805 ὑδάτων
3689 3747 3941 3802 πολλῶν

2353 3853 2501 3920 πρὸς
2536 3852 2720 3905 αὐτὸν·
2761 3853 2872 3904 οὐκ
2907 3848 3230 3920 ἐτγιοῦσιν.
3283 3845 3356 3900 Οὐ
3398 3844 3508 3915 γὰρ
3549 3841 3837 3912 ὲγγιοῦσιν
3885 3843 3939 3894 αξ

2354 3946 2615 4017 ἁμαρτίαι
2655 3943 2730 4015 τῷ
2757 3943 2973 3996 λαϐόντι
3010 3943 3070 3994 τὸ
3103 3942 3383 4012 βάπτισμα
3420 3938 3518 4008 τῆς
3545 3937 3797 4006 ἀφέσεως
3831 3935 3938 3986 τῶν

2357 4037 2814 4110 παραπτωμάτων
2842 4036 2929 4090 διὰ
2980 4033 3072 4088 τοῦ
3115 4033 3302 4096 ὓδατος
3347 4032 3441 4085 καὶ
3473 4031 3566 4083 τοῦ
3596 4029 3936 4098 ΙΙνεύματος.

2356 4126 2623 4194 Συγγενὲς
2657 4125 2713 4178 δὲ
2743 4125 2914 4193 τούτῳ
2942 4124 3035 4176 καὶ
3062 4127 3117 4176 ὲν
3146 4125 3211 4193 τῇ
3242 4120 3547 4194 προφητείᾳ
3579 4119 3818 4188 Μιχαίου
3851 4115 3938 4167 εῦ-

2362 4238 2552 4294 ρητικιο
2604 4221 2731 4273 ’Ὁτι
2776 4217 3032 4285 θελητὴς
3088 4216 3299 4281 ἐλέους
3353 4213 3543 4276 ἐστίν,
3591 4208 3938 4277 ἐπιστρέψει

2358 4314 2455 4368 καὶ
2520 4312 2757 4379 ἐλεήσει
2826 4308 3011 4378 ἡμᾶς·
3086 4307 3410 4361 καταδύσει
3478 4306 3584 4366 τὰς
3651 4302 3936 4371 ἁμαρτίας

2358 4402 2543 4471 ἡμῶν,
2581 4401 2679 4454 καὶ
2727 4397 3240 4466 ἀποῤῥιφήσονται
3279 4398 3363 4460 εἰς
3394 4395 3462 4447 τὰ
3497 4391 3658 4458 βάοη
3707 4390 3819 4456 τῆς
3847 4393 3939 4443 θα-

685 4484 937 4541 Dominus
958 4489 1198 4543 virtutem
1219 4490 1410 4558 populo
1424 4508 1520 4544 suo
1537 4492 1703 4553 dabit;
1722 4492 1976 4548 Dominus
1993 4498 2253 4552 benedice:

2359 4493 2622 4558 λάσσης.
2664 4492 2774 4543 Καὶ
2822 4490 3102 4543 καθιεῖται
3127 4490 3336 4555 Κύριος
3371 4484 3674 4550 ,ϐασιλεὺς
3719 4486 3803 4547 εις
3840 4484 3938 4535 τὼ·

681 4578 873 4649 populo
893 4597 986 4635 suo
1013 4583 1067 4635 in
1081 4599 1228 4647 pace.
1253 4583 1298 4636 A
1318 4584 1512 4653 populo
1539 4584 1754 4648 quidem
1781 4597 2065 4652 peccatore
2090 4587 2250 4640 robu-

686 4681 830 4725 stum
858 4679 912 4724 et
942 4673 1215 4727 robustam
1241 4675 1450 4728 auferet
1475 4673 1767 4727 Dominus“
1793 4693 1806 4729 :
1835 4674 2099 4741 justitiam
2125 4691 2253 4740 vero

687 4762 905 4816 facienti
937 4766 1099 4819 robur
1131 4765 1360 4819 confert.
1392 4766 1524 4821 Nam
1559 4765 1712 4821 Omni
1742 4768 1953 4822 habenti
1983 4771 2229 4821 dabitur’

687 4852 955 4908 Caeterum
988 4855 1082 4924 qui
1115 4857 1179 4910 ad
1217 4858 1541 4926 perﬁcienda
1583 4862 1718 4913 bona
1748 4875 1907 4929 opera
1936 4865 2258 4916 corrobora-

689 4953 773 4999 tus
799 4955 904 5010 est,
941 4946 987 5001 is
1028 4946 1090 5000 lit
1133 4949 1325 5022 dignus
1367 4951 1461 5006 Dei
1506 4953 1901 5008 benedictione.
1932 4951 2044 5006 Pax
2078 4965 2259 5008 autem

767 5086 790 5119 ⁸
813 5086 835 5140 ι
859 5086 981 5143 Cor.
1016 5106 1126 5155 xiv,
1162 5091 1249 5148 15.

693 5307 875 5370 autem
901 5297 1052 5370 i._lu_d,
1082 5299 1330 5370 ἐμπόρῳ,
1362 5297 1462 5354 hoc
1488 5297 1606 5354 loco
1633 5297 1746 5354 sihi'
1771 5297 1919 5366 velit,
1947 5318 2051 5357 nou
2085 5303 2258 5356 video.

771 5366 883 5433 (28)
910 5365 1061 5422 Colb.
1099 5365 1366 5424 secundus
1398 5371 1712 5434 ἀπαύστως.

771 5435 883 5506 (29)
910 5435 998 5492 Sic
1023 5438 1187 5492 editio
1217 5439 1378 5494 Basil.
1414 5452 1467 5493 et
1501 5440 1643 5495 Oliv.
1672 5459 1794 5496 cum
1838 5445 2042 5497 nosnis
2077 5445 2260 5501 decem

699 5523 855 5580 mss.,
883 5521 980 5560 nec
1010 5509 1165 5566 aliter
1188 5511 1390 5564 editum
1419 5510 1517 5565 iuit
1546 5513 1684 5580 apud
1723 5511 1888 5567 LXX.
1923 5514 2100 5566 Editio
2132 5529 2256 5565 vero

698 5576 871 5652 Paris.
903 5585 957 5630 et
984 5593 1120 5633 unus
1134 5588 1224 5632 aut
1250 5585 1386 5634 alter
1402 5598 1501 5635 ms.
1525 5576 1771 5652 enostris
1806 5586 2069 5636 κατοικεῖ·
2099 5600 2257 5652 quam

698 5645 986 5718 lectionem
1043 5665 1278 5718 quoque,
1346 5661 1481 5705 teste
1525 5649 1753 5717 Nobilio,
1799 5664 2017 5706 tuentur
2066 5645 2129 5707 et.
2175 5654 2260 5706 alii

700 5717 913 5794 quidam
943 5717 1088 5794 libri.
1128 5717 1391 5794 Certeex
1431 5722 1846 5794 llebrzeovcrtit
1883 5725 2263 5794 Hieronymus,

701 5787 954 5848 Dominus
996 5789 1249 5845 diluvium
1297 5792 1571 5846 inhabitat.
1625 5791 2007 5862 llicroaymum
2047 5787 2264 5850 scttutus

1353 5094 1373 5123 ⁸
1401 5092 1516 5148 Gal.
1546 5110 1618 5158 vt,
1653 5095 1705 5148 7.
1781 5103 1802 5134 ο
1827 5094 1966 5150 Psal.
2001 5110 2151 5160 χχιι,
2176 5095 2230 5159 5,
2260 5095 2312 5149 6.
2390 5096 2408 5125 ⁷
2447 5094 2652 5148 Μῑαιιω.
2703 5109 2796 5158 vu,
2831 5093 2914 5147 19.

765 5223 1043 5302 (‘27)_R_eg_.
1073 5229 1262 5302 tertius
1309 5228 1498 5302 é‘tépqr
1533 5230 1764 5302 ἐμπόρῳ
1806 5231 2082 5302 ἐμπόδιον.
2126 5232 2264 5297 Quid

2359 4583 2563 4637 αἰῶνα.
2618 4584 2694 4652 Τῇ
2745 4581 3034 4652 λαμπούσῃ
3074 4580 3218 4650 ψυχῇ
3267 4579 3372 4632 ἀπὸ
3413 4575 3509 4631 τοῦ
3553 4574 3936 4646 κατακλυσμοῦ

2363 4676 2656 4749 ἐνιδρυθεὶς
2699 4676 2808 4747 (Si)
2859 4678 2886 4728 ὁ
2923 4675 3075 4740 Θεὸς,
3119 4674 3277 4728 οἱονεὶ
3320 4672 3506 4744 θρόνον
3545 4671 3717 4740 αὐτὴν
3771 4670 3937 4739 ἐαυτῷ

2365 4768 2754 4839 ἀπεργάζεται.
2788 4768 3004 4835 Κύριος
3041 4767 3224 4837 ἰσχὺν
3248 4762 3327 4830 τῷ
3358 4763 3483 4830 λαῷ
3507 4761 3696 4817 αὑτοῦ
3732 4760 3932 4814 δώσει’

2368 4863 2580 4930 Κύριος
2631 4861 2952 4930 εὐλογήσει
3009 4859 3115 4913 τὸν
3151 4859 3305 4913 λαὸν
3354 4856 3540 4910 αὑτοῦ
3593 4857 3665 4910 ἐν
3713 4854 3931 4923 εΙρήνῃ.

2383 4955 2513 5007 Ἀπὸ
2550 4953 2646 5022 μὲν
2674 4952 2766 5006 τοῦ
2793 4952 3113 5024 ἀμαρτωλοῦ
3138 4949 3267 5004 λαοῦ
3294 4949 3479 5018 ἀφελεῖ
3504 4948 3708 5019 Κύριος
3739 4945 3933 5015 ἰσχύον-

3007 5093 3028 5123 ⁶
3051 5093 3147 5144 lsa.
3182 5105 3260 5155 ut,
3294 5091 3343 5143 l.
3419 5091 3440 5121 ⁹
3472 5086 3661 5142 Matth.
3693 5102 3818 5148 xxv,
3850 5085 3931 5137 ‘29.

2371 5240 2453 5283 est
2489 5227 2843 5314 A'ugustinus.
2871 5228 3162 5296 Aliquanto
3207 5237 3326 5294 post
3379 5227 3509 5295 Reg.
3561 5227 3754 5281 tertius
3779 5227 3932 5298 ὲρρυ-

2370 5316 2644 5353 πωαενον.

2441 5317 2735 5438 ίὲδῖωίίεε.
2773 5368 3039 5422 secundus
3073 5369 3168 5422 καὶ
3196 5370 3278 5421 ὅτι
3301 5438 3306 5439 γ
3328 5368 3467 5439 ὑπὲρ
3491 5365 3714 5439 ταύτης.
3737 5365 3844 5418 Nec
3867 5367 3930 5439 i_ta

2369 5435 2543 5493 multo
2579 5435 2707 5507 post
2736 5439 2888 5492 Colb.
2934 5450 3159 5505 quartus
3208 5435 3455 5506 ἀφέσεως
3498 5435 3620 5507 τῶν
3658 5436 3930 5505 ἁμαρτιῶν

2365 5511 2458 5561 καὶ
2502 5509 2609 5562 τῶν
2651 5508 3129 5579 παραπτωμάτων.
3157 5510 3395 5563 Subinde
3428 5521 3555 5561 mss.
3593 5506 3699 5561 duo
3743 5509 3930 5560 habent

2368 5581 2579 5650 εἴρηται
2605 5596 2699 5648 pro
2722 5579 2971 5650 εὓρηται.

2443 5605 2450 5628 ρ
2491 5599 2579 5633 ται
2605 5599 2699 5648 pro
2722 5599 2971 5650 ευρηται.

2443 5599 2554 5718 (gl)
2590 5651 2717 5718 Heg.
2775 5649 3046 5705 secundus
3101 5648 3442 5720 ἐνιδρυνθείς.
3473 5646 3595 5720 ΔΜοτ
3629 5661 3788 5720 ξηιεε.
3833 5648 3927 5702 duo

2375 5721 2565 5775 ἑαυτοῦ
2629 5717 2780 5776 Haud
2821 5721 2976 5792 longe
3010 5721 3138 5790 Reg.
3165 5717 3428 5775 secundus
3462 5717 3760 5785 ἀφελεῖται.
