4068 6318
174 382 291 437 δῖῒὸ

180 602 274 637 σιν
308 588 475 659 ἰσχύν.
508 595 651 645 Διότι
684 593 764 660 Τῷ
794 598 993 667 ἔχοντι
1030 604 1204 655 παντὶ
1248 602 1581 671 δοθήσεται.
1638 612 1751 664 Ἐν⁸

174 678 518 753 δυναμωθεὶς
544 686 599 738 δὲ
624 688 757 758 πρὸς
772 691 868 762 τὴν
887 690 995 743 τῶν
1017 693 1231 761 ἀγαθῶν
1256 696 1428 767 ἔργων
1454 700 1746 770 ἐνέργειαν,

175 770 335 836 ἄξιος
372 776 575 843 γίνεται
614 777 713 849 τῆς
754 782 861 833 ἀπὸ
886 780 979 834 τοῦ
1009 784 1138 838 Θεοῦ
1171 788 1439 855 εὐλογίας.
1485 792 1662 846 Ἐοικε
1694 796 1749 849 δὲ

175 864 489 936 τελειοτάτη
530 869 634 923 τών
676 872 934 940 εὐλογιῶν
976 873 1112 931 εἶναι
1149 881 1181 949 ἡ
1223 882 1429 951 εἰρήνη,
1465 883 1751 941 εὐστάθειά

181 972 269 1050 τις
310 953 439 1050 οὖσα
464 959 555 1013 τοῦ
584 964 931 1034 ἡγεμονικοῦο
968 968 1105 1023 ὥστε
1150 971 1240 1023 τὸν
1277 973 1546 1042 εἰρηνικὸν
1584 978 1749 1050 ἄνδρα

175 1047 243 1098 ἐν
270 1047 349 1116 τῷ
375 1054 729 1108 κατεστάλθαι
759 1056 827 1109 τὰ
854 1057 956 1130 ἢθη
992 1064 1483 1135 χαρακτηρίζεσθαι
1502 1088 1513 1100 ·
1570 1072 1659 1124 τὸν
1682 1047 1748 1125 *δὲ

176 1136 587 1230 πολεμούμενον
629 1146 732 1197 ὑπὸ
779 1147 885 1202 τῶν
933 1153 1115 1207 παθῶν
1148 1156 1312 1224 μήπω
1345 1160 1440 1230 τῆς
1479 1162 1586 1214 ἀπὸ
1614 1165 1747 1216 Θεοῦ

179 1227 409 1299 εἰρήνης
438 1234 845 1303 μετεσχηκέναι,
881 1241 944 1310 ἣν
977 1245 1004 1294 6
1039 1241 1239 1310 Κύριος
1271 1227 1434 1300 ἔδωκε
1476 1251 1588 1311 τοῖς
1628 1252 1749 1303 ἐαυ-

170 1314 281 1367 τοῦ
329 1318 615 1387 μαθηταῖς,
646 1321 785 1390 ἥτις,
818 1327 1154 1398 ὑπερέχουσα
1189 1330 1363 1385 πάντα
1404 1332 1548 1398 νοῦν,
1586 1353 1751 1404 φρου-

179 1409 343 1475 ρήσει
367 1407 464 1471 τὰς
484 1410 657 1481 ψυχὰς
681 1416 787 1469 τῶν
811 1418 993 1483 ἁξίων.
1023 1419 1234 1492 Ταύτην
1254 1424 1345 1477 καὶ
1368 1427 1396 1478 6
1432 1426 1749 1492 Ἀπόστολος

173 1497 473 1567 ἐπεύχεται
494 1506 609 1568 ταῖς
638 1506 1000 1577 Ἐκκλησίαις,
1034 1508 1203 1579 λέγων
1225 1532 1237 1543 ·
1265 1514 1443 1582 Χάρις
1477 1516 1617 1584 ὑμῖν
1649 1520 1747 1572 καὶ

170 1588 389 1657 εἰρήνη
423 1595 807 1663 πληθυνθείη.
835 1596 1045 1651 Γένοιτο
1069 1597 1159 1654 οὖν
1193 1604 1321 1673 ἡμῖν
1348 1603 1525 1669 καλῶς
1555 1607 1749 1677 ἀγωνι-

176 1682 459 1749 σαμένοις,
491 1687 582 1738 καὶ
604 1688 662 1739 τὸ
684 1688 936 1757 φρόνημα
960 1690 1059 1761 τῆς
1079 1693 1279 1763 σαρκὸς
1302 1699 1749 1771 καταστρεψαμέ-

174 1784 319 1833 νοις,
344 1772 371 1823 ὃ
394 1774 538 1825 ἐστιν
565 1774 734 1845 ἔχθρα
761 1777 840 1839 εἰς
863 1776 1011 1845 Θεὸν,
1040 1784 1096 1833 ἐν
1125 1782 1450 1853 γαληνιώσει
1483 1787 1576 1839 καὶ
1612 1790 1746 1843 ἀκύ-

178 1878 311 1929 μονι
336 1866 659 1917 καταστάσει
683 1866 780 1938 τῆς
812 1869 987 1941 ψυχῆς
1019 1876 1332 1947 γενομένης,
1358 1880 1577 1950 εἰρήνης
1602 1883 1746 1952 ἡμᾶς
1779 1864 1817 1917 Β

176 1952 333 2014 υἱοὺς
365 1954 735 2025 χρηματίζειν,
766 1960 855 2013 καὶ
891 1964 987 2034 τῆς
1018 1968 1263 2037 εὐλογίας
1288 1970 1381 2023 τοῦ
1412 1972 1544 2025 Θεοῦ
1576 1991 1744 2045 μετα-

1280 397 1557 452 ΙΙΟΜΙΜΛ
1601 404 1670 457 IN
1710 406 2043 464 PSALMUM
2083 413 2269 471 XXIX.

174 514 253 548 τα
284 497 377 550 καὶ
406 500 711 572 ἰσχύουσαν,
756 506 832 575 τῷ
858 507 912 561 δὲ
946 509 1419 581 δικαιοπραγοῦντι
1456 516 1566 587 (3‘2)
1598 520 1750 573 δίδω-
1780 532 1827 581 Α

3303 439 3403 496 306

1854 539 1971 591 quae
2008 532 2205 619 mentis
2238 542 2319 586 est
2348 535 2577 592 ﬁrmitas
2607 540 2765 613 124
2800 545 3041 611 quadam
3081 559 3242 619 alque
3279 568 3401 610 coa-

1853 618 2073 684 stantia,
2116 618 2549 682 benedictionum
2594 631 2981 699 perfectissima
3010 652 3127 693 esse
3162 618 3406 708 videtur;

1853 723 2019 801 quare
2056 714 2267 782 paciﬁci
2307 717 2408 772 viri
2455 723 2737 780 character
2773 727 2824 780 in
2876 733 3188 801 compositis
3223 750 3285 791 ac
3318 754 3406 792 se-

1853 800 1991 858 datis
2018 807 2257 860 moribus
2284 809 2420 864 situs
2452 822 2532 867 est
2555 832 2570 866 :
2594 830 2804 884 contra,
2845 822 2933 888 qui
2963 800 3409 895 aicupiditatibus

1852 904 2211 988 Oppugnatur,
2245 900 2480 955 nondum
2518 909 2665 971 pacis
2692 906 2785 966 Dei
2814 914 3086 982 particeps
3110 927 3211 981 est,
3244 935 3405 988 quam

1851 994 2034 1075 pacem
2064 987 2341 1057 discipulis
2366 993 2479 1046 suis
2512 994 2769 1057 Dominus
2807 1003 2977 1070 dedit,
3010 1020 3128 1075 qua!
3167 987 3293 1063 cum
3324 1011 3405 1063 in-

1852 1072 2119 1131 tellectum
2157 1095 2369 1159 omnem
2406 1096 2622 1155 superet
2643 1087 2706 1153 ι’,
2740 1106 2943 1161 eorum,
2972 1072 3061 1167 qui
3088 1098 3235 1166 digni
3259 1110 3407 1167 sunt,

1850 1164 2058 1260 animas
2088 1172 2342 1229 tuebitur.
2383 1172 2532 1230 Hanc
2566 1181 2837 1247 apostolus
2864 1164 3119 1245 Ecclesiis
3147 1164 3405 1260 appreca;

1994 1258 2177 1351 dicens
2212 1280 2226 1315 :
2258 1262 2443 1319 Gratia
2494 1270 2635 1324 vobis
2690 1282 2739 1325 et
2790 1290 2896 1341 pax
2936 1258 3317 1351 multiplicetur
3341 1284 3406 1337 “.

1853 1345 2067 1440 Utinam
2101 1350 2261 1440 igitur
2308 1367 2593 1428 postquam
2637 1372 2857 1420 strenue
2903 1345 3310 1440 certaverimus,
3343 1390 3407 1431 ac

1846 1436 2031 1491 carnis
2091 1436 2340 1497 aﬂ'ectum
2416 1448 2504 1516 qui
2580 1449 2859 1509 inimicitia
2916 1458 3176 1514 adversus
3241 1436 3405 1521 Deum

1849 1537 1955 1621 est,
1991 1529 2045 1583 in
2078 1535 2392 1591 servitutem
2427 1543 2808 1612 redegerimus,
2847 1548 3024 1602 anima
3061 1550 3112 1603 in
3151 1556 3408 1621 tranquil-

1847 1616 1997 1673 litate
2026 1634 2087 1677 ac
2126 1627 2306 1693 quieto
2342 1640 2483 1684 statu
2517 1634 2829 1702 constituta,
2856 1638 2946 1691 ﬁlii
2980 1642 3129 1707 pacis
3162 1616 3399 1711 appelle-

1848 1725 1991 1804 mur,
2021 1722 2183 1782 atque
2230 1718 2281 1771 in
2318 1736 2449 1789 pace
2485 1723 2675 1781 ﬁamus
2710 1728 3101 1787 benedictionis
3131 1732 3224 1788 Dei
3281 1751 3407 1804 par-

1851 1800 2077 1872 ticipes:
2108 1806 2160 1859 in
2195 1809 2413 1866 Christo
2442 1812 2564 1870 Jesu
2601 1818 2823 1873 Domino
2864 1831 3071 1890 nostro,
3104 1824 3188 1877 cui
3240 1800 3406 1893 gloria

1848 1900 1902 1945 et
1937 1895 2241 1965 imperium,
2275 1916 2417 1959 nunc
2445 1914 2499 1959 et
2528 1920 2760 1976 semper,
2789 1923 2844 1966 et
2880 1913 2930 1966 in
2959 1914 3153 1970 saecula
3183 1917 3407 1971 saeculo-

1853 1996 1989 2038 rum.
2020 1989 2209 2045 Amen.

175 2046 428 2162 σχεῖχ
449 2048 662 2162 εἰρηνῃ,
690 2050 992 2162 ἐνιΧριστῷ
1035 2058 1205 2129 Ἰησοῦ
1235 2062 1310 2132 τῷ
1340 2065 1527 2136 Κυρίῳ
1558 2066 1736 2138 ἡμῶν,
1777 2060 1821 2136 ᾧ
1841 2073 1874 2141 ὴ
1896 2073 2020 2140 δόξα
2046 2081 2139 2133 καὶ
2164 2081 2225 2134 τὸ
2253 2083 2451 2158 κράτος
2473 2086 2567 2141 νῦν
2598 2091 2690 2148 καὶ
2717 2091 2825 2158 ἀεὶ,
2861 2094 2951 2147 καὶ
3006 2099 3083 2159 εἰς
3137 2098 3261 2162 τούς
3282 2098 3410 2152 αἰῶ-

175 2150 283 2198 νας
312 2135 418 2188 τῶν
445 2138 671 2193 αἰώνων.
718 2142 904 2213 Ἀμήν.

219 2272 3386 2337 ..ἢκ-Ἦ

570 2360 679 2413 ΕΙΣ
717 2362 855 2416 ΤΟΝ
897 2364 1005 2417 KG’
1045 2367 1362 2426 ΨΑΛΜΟΝ.

294 2448 537 2521 Ψαλμὸς
578 2450 736 2523 ᾠδῆς
782 2454 1299 2599 Ξίιέίεὲγᾶοέἷισμοῦ
1343 2463 1447 2518 τοῦ
1475 2464 1643 2519 οἴκου

256 2611 306 2664 1.
338 2612 643 2684 Ψαλτήριον
693 2617 788 2686 μὲν
836 2621 1127 2689 τροπικῶς,
1174 2625 1267 2676 καὶ
1313 2626 1538 2697 ὄργανον
1579 2631 1749 2700 ἡρμο-

177 2701 379 2769 σμένον
403 2704 670 2771 μουσικῶς
715 2709 794 2769 εἰς
835 2707 1035 2778 ὕμνους
1080 2712 1171 2764 τοῦ
1206 2714 1337 2765 Θεοῦ
1366 2717 1541 2786 ἡμῶν,
1594 2722 1626 2789 η
1656 2720 1748 2774 τοῦ

179 2792 433 2862 σώματός
460 2797 571 2847 ἐστι
613 2802 955 2872 κατασκευή·
988 2802 1199 2873 ψαλμὸς
1226 2806 1282 2859 δὲ
1315 2808 1369 2859 αἰ
1398 2808 1484 2862 διὰ
1519 2811 1613 2863 τοῦ
1647 2812 1750 2864 σὼ-

180 2901 357 2954 ματος
384 2887 629 2958 πράξεις,
658 2892 713 2943 αἰ
743 2892 821 2955 εἰς
850 2891 1003 2957 δόξαν
1031 2894 1163 2947 Θεοῦ
1197 2897 1596 2969 ἀποδιδόμεναι,
1623 2902 1749 2955 ὅταν

177 2978 293 3030 ὑπὸ
325 2979 416 3033 τοῦ
448 2980 601 3049 λόγου
635 2985 977 3054 ἡρμοσμένου
1018 2986 1182 3057 μηδὲν
1216 2989 1444 3060 ἐκμελὲς
1476 2991 1749 3045 ἀποτελῶ-

184 3086 291 3138 μεν
337 3072 392 3122 ἐν
435 3074 545 3135 τοῖς
583 3075 897 3143 κινήμασιν.
943 3077 1063 3148 ᾨδὴ
1094 3078 1149 3131 δέ
1190 3080 1358 3143 ἐστιν,
1386 3082 1484 3135 ὅσα
1520 3083 1750 3155 θεωρίας

181 3162 369 3231 ἔχεται
418 3163 624 3235 ὑψηλῆς
668 3141 776 3235 (34)
822 3168 915 3219 καὶ
947 3141 1239 3237 θεολογίας.
1280 3141 1439 3226 Ὥστε
1482 3177 1509 3227 6
1538 3141 1751 3246 ψαλμὸς
1779 3141 1823 3201 C

180 3255 345 3323 λόγος
380 3256 493 3308 ἐστὶ
534 3258 809 3326 μουσικὸς,
837 3260 963 3311 ὅταν
997 3260 1281 3331 εὐρύθμως
1322 3265 1461 3317 κατὰ
1495 3267 1618 3330 τοὺς
1654 3269 1754 3338 ἁρ-

185 3350 444 3417 μονικοὺς
470 3347 657 3416 λόγους
696 3349 828 3419 πρὸς
866 3351 926 3402 τὸ
980 3351 1209 3423 ὄργανον
1246 3356 1528 3426 κρούηται·
1563 3358 1672 3430 ᾠδὴ
1699 3360 1755 3411 δὲ

183 3440 341 3509 φωνὴ
384 3439 625 3511 ἐμμελὴς
665 3441 1018 3514 ἀποδιδομένη
1055 3445 1416 3514 ἐναρμονίως,
1448 3450 1617 3519 χωρὶς
1655 3452 1755 3520 τῆς

186 3534 541 3604 συνηχήσεως
582 3534 674 3588 τοῦ
722 3536 973 3606 ὀργάνου.
1025 3537 1283 3592 Ἐνταῦθα
1331 3541 1525 3605 τοίνυν,
1571 3544 1755 3615 ἐπειδὴ

185 3630 611 3701 ἐπιγέγραπται,
672 3631 915 3701 Ψαλμὸς
960 3631 1137 3699 ᾠδῆς,
1181 3634 1459 3704 ἡγούμεθα
1498 3636 1593 3705 τὴν
1628 3636 1756 3689 ἀκό-

186 3722 381 3775 λουθον
406 3722 601 3793 πρᾶξιν
632 3726 695 3793 τῇ
737 3722 937 3794 θεωρία
972 3725 1062 3777 τὸν
1091 3725 1246 3793 λόγον
1275 3725 1629 3779 αἰνίσσεσθαι.
1662 3719 1760 3779 Οὗ-

187 3832 280 3878 τος
301 3814 358 3867 δὲ
382 3817 410 3867 6
438 3814 647 3884 ψαλμὸς
684 3815 782 3883 τῆς
810 3816 972 3886 ᾠδῆς,
1002 3816 1143 3870 κατὰ
1179 3818 1275 3888 τὴν
1302 3819 1630 3889 ἐπιγραφὴν,
1665 3818 1757 3871 τοῦ

188 3905 548 3976 ὲγκαινισμοῦ
586 3903 681 3957 τοῦ
727 3905 874 3958 οἴκου
922 3906 1161 3977 περιέχει
1204 3907 1354 3971 τινὰς
1401 3908 1609 3976 λόγους.
1651 3908 1759 3960 Καὶ

190 4000 340 4052 ἔοικε
369 3998 508 4052 κατὰ
544 3998 641 4069 μὲν
681 3997 741 4050 τὸ
775 3998 1081 4066 σωματικὸν
1102 4038 1116 4061 ,
1149 4000 1242 4051 ἐπὶ
1270 3999 1377 4051 τῶν
1418 3999 1622 4069 χρόνων
1665 3998 1757 4052 τοῦ

192 4090 556 4160 Σολομῶντος,
586 4088 966 4160 ἀνεγερθέντος
998 4088 1108 4159 (55)
1132 4089 1224 4141 τοῦ
1259 4090 1580 4161 περιϐοήτου
1605 4091 1757 4157 ναοῦ,

191 4189 220 4239 ὁ
239 4185 397 4253 λόγος
424 4184 833 4250 διεξοδεύεσθαι,
864 4186 1001 4255 πρὸς
1023 4186 1082 4237 τὸ
1108 4183 1401 4255 ψαλτήριον
1428 4186 1663 4254 μελῳδού
1674 4205 1763 4255 με-

193 4293 313 4339 νος*
352 4276 490 4329 κατὰ
521 4276 576 4329 δὲ
606 4277 666 4329 τὸ
709 4278 917 4345 νοητὸν,
946 4277 1045 4348 τὴν
1078 4275 1463 4345 ἐνσωμάτωσιν
1496 4273 1588 4325 τοῦ
1626 4273 1760 4325 Θεοῦ

194 4369 371 4436 Λόγου
401 4369 684 4438 σημαίνειν
725 4368 857 4438 (56),
890 4369 984 4421 καὶ
1014 4369 1104 4420 τὸν
1134 4365 1485 4436 ὲγκαινισμὸν
1512 4364 1604 4417 τοῦ
1638 4382 1761 4417 και-

183 4462 305 4525 .νῶς
349 4462 442 4514 καὶ
471 4459 782 4531 παραδόξως
812 4460 974 4514 αὐτοῦ
1018 4458 1549 4522 κατασκευασθέντος
1576 4457 1723 4510 οἴκου
1747 4498 1761 4521 ,

268 4576 313 4607 ¹⁹
336 4574 561 4642 Philipp.
592 4588 665 4638 tv,
698 4573 749 4627 7.
828 4573 869 4603 ¹¹
902 4572 921 4626 l
950 4572 1093 4627 Petr.
1129 4587 1168 4637 ι,
1200 4572 1253 4624 ‘2.

2299 2389 2365 2445 IN
2406 2390 2734 2450 PSALMUM
2771 2396 2957 2453 XXlX.

1963 2502 2209 2559 Psalmus
2238 2508 2428 2561 cantici
2454 2509 2509 2562 in
2540 2510 2869 2565 dedicatione
2897 2514 3080 2567 domus
3109 2515 3298 2569 David.

1930 2636 1982 2690 l.
2036 2636 2316 2692 Structura
2366 2642 2624 2711 corporis,
2684 2642 2995 2713 psalterium
3054 2646 3268 2714 quidem
3330 2657 3413 2701 est

1857 2741 1953 2797 per
2028 2730 2437 2799 metaphoram,
2506 2731 3068 2805 instrmnentumque,
3131 2738 3271 2805 quod
3344 2752 3409 2793 ex

1857 2819 2072 2873 musica:
2107 2821 2302 2891 regulis
2335 2820 2398 2874 ad
2433 2822 2791 2876 concinendos
2824 2824 2929 2876 Deo
2959 2834 3142 2878 nostro
3175 2828 3413 2894 hymnos

1858 2909 2165 2979 adaptatum
2202 2921 2283 2965 est
2316 2932 2327 2965 :
2372 2912 2499 2982 ipsa:
2547 2927 2678 2967 vero
2716 2915 2957 2982 corporis
2995 2915 3234 2969 actiones
3274 2917 3413 2984 psal-

1857 3014 1977 3053 mus
2006 3010 2128 3054 sunt
2156 3018 2170 3056 :
2198 3017 2314 3071 quae
2338 3006 2402 3056 ad
2429 3005 2517 3058 Dei
2549 3004 2771 3072 gloriam
2800 3005 3107 3060 referuntur
3136 3015 3268 3071 tum,
3291 3023 3412 3062 cum

1859 3094 2068 3147 ratione
2099 3092 2168 3147 ita
2199 3094 2446 3148 conciuni
2479 3094 2757 3160 eﬂicimur,
2789 3106 2847 3149 ut
2872 3097 3250 3151 inconcinnum
3281 3099 3413 3152 nihil

1860 3184 1911 3236 iu
1977 3186 2175 3240 nostris
2231 3187 2464 3241 motibus
2520 3202 2859 3257 peragamus.
2917 3187 3184 3257 Quidquid
3237 3197 3413 3244 autem

1857 3272 2073 3326 sublimi
2132 3275 2568 3342 contemplationi
2610 3291 2673 3329 ac
2728 3276 3007 3346 theologia:
3051 3276 3413 3346 conjungitur,

1858 3364 2126 3418 canticum
2174 3374 2277 3419 est.
2325 3364 2567 3421 Psalmus
2597 3367 2778 3437 itaque
2813 3384 2989 3423 sermo
3022 3378 3105 3423 est
3153 3371 3413 3432 musicus,

1858 3469 1977 3508 cum
2008 3456 2273 3510 concinne
2307 3464 2534 3525 apteque
2564 3473 2629 3510 ex
2659 3459 2949 3511 harmoniae
2982 3461 3188 3512 ratione
3221 3460 3287 3512 ad
3320 3474 3413 3512 or-

1859 3562 2051 3616 ganum
2087 3548 2372 3615 pulsatur:
2416 3549 2682 3603 canticum
2723 3564 2851 3603 vero
2882 3566 2980 3603 vox
3017 3560 3098 3603 est
3130 3550 3413 3610 concinna,

1860 3651 1977 3703 qua:
2007 3637 2273 3690 modulate
2299 3636 2433 3691 citra
2457 3638 2640 3707 organi
2664 3654 2850 3692 sonum
2879 3637 3161 3692 emittitur.
3186 3636 3418 3692 Proinde

1860 3742 1979 3780 cum
2012 3728 2099 3780 hic
2136 3728 2411 3796 inscriptio
2460 3728 2553 3794 sit,
2608 3728 2857 3784 Psalmus
2897 3730 3127 3795 cantici,
3168 3738 3417 3798 putamus

1861 3818 1945 3872 bis
1977 3818 2153 3872 verbis
2200 3818 2514 3889 signiﬁcari,
2561 3821 2700 3889 quod
2736 3820 3237 3887 contemplationem
3276 3818 3417 3872 actio

1860 3919 2136 3977 sequatur.
2171 3909 2269 3965 llic
2304 3925 2431 3965 vero
2466 3910 2703 3980 psalmus
2733 3911 2961 3975 cantici,
2998 3910 3292 3964 secundum
3335 3910 3419 3964 in-

1861 4004 2203 4071 scriptionem
2227 4044 2241 4068 ,
2274 4004 2517 4071 quaedam
2554 4005 2618 4057 de
2654 4003 2845 4057 domus
2876 4002 3215 4058 dedicatione
3257 4017 3419 4073 argu-

1862 4105 2040 4147 menta
2073 4094 2332 4147 c0ntinet.
2366 4094 2429 4147 Et
2458 4096 2600 4163 quod
2631 4094 2695 4148 ad
2721 4095 3051 4164 corporalem
3083 4109 3302 4149 sensum
3338 4105 3421 4147 at—

1866 4186 2019 4247 tinet,
2051 4184 2260 4238 videtur
2283 4184 2368 4237 hic
2403 4200 2580 4239 sermo
2615 4188 2942 4254 temporibus
2968 4184 3296 4252 Salomonis,
3326 4200 3418 4239 ce-

1864 4274 2149 4327 leberrimo
2200 4274 2289 4327 illo
2335 4275 2528 4342 templo
2566 4286 2872 4339 exstructo,
2920 4276 3179 4331 recitatus
3221 4273 3416 4340 fuisse,

1866 4375 2026 4433 atque
2074 4367 2138 4418 ad
2186 4367 2427 4434 psalterii
2475 4367 2893 4422 modulationem
2942 4367 3416 4430 accommodatus;

1868 4467 1923 4509 at
1960 4471 2086 4509 vero
2133 4458 2422 4512 secundum
2463 4458 2790 4529 spiritualem
2827 4458 3232 4527 intelligentiam
3258 4496 3273 4522 ,
3328 4457 3422 4512 Dei

270 4690 386 4758 (3‘2)
421 4688 521 4761 Ubi
570 4690 773 4761 legitur
808 4692 859 4745 in
900 4691 1059 4745 editis
1091 4687 1593 4761 δικαιοπραγοῦντι,
1629 4689 1757 4761 εςτίτ

1866 4701 1977 4752 ipsa
2009 4686 2203 4746 nativa,
2226 4682 2386 4761 καθά.
2422 4681 2543 4735 llazc
2600 4680 2707 4734 ille.
2761 4677 2891 4733 Cum
2913 4687 3107 4761 ‘ta’men
3142 4675 3195 4729 in
3230 4676 3423 4729 nostris

198 4757 435 4813 biturin
489 4757 813 4815 Colbértinis
831 4763 1067 4814 secundo
1105 4772 1159 4812 et
1209 4757 1399 4825 quarto
1443 4757 1635 4825 δικαίῳ
1672 4758 1763 4810 καὶ

198 4830 579 4900 εὐπράττοντι.
609 4829 735 4891 Sed,
765 4831 865 4885 nisi
890 4846 974 4885 me
1008 4828 1145 4882 fallit
1166 4829 1406 4900 animus,
1434 4829 1547 4900 hoc_
1567 4829 1760 4900 factum

202 4909 289 4955 est
315 4896 358 4953 ’a
381 4900 621 4977 librario,
664 4901 777 4977 qui,
828 4901 969 4968 quod
1020 4914 1118 4952 vox
1160 4896 1635 4977 δικαιοπραγοῦνξι
1663 4897 1762 4977 sibi

202 4984 395 5040 parum
430 4966 643 5040 elegans
668 4966 969 5040 ridere—tur,
1013 4971 1303 5023 emendare
1338 4966 1529 5023 vuluit.
1570 4966 1764 5020 Statim

204 5055 307 5094 vox
337 5038 691 5107 ἔργωνίἰεεει
730 5044 780 5093 ἱη
814 5039 1079 5105 aliquibus
1108 5053 1237 5091 mss.

276 5056 307 5092 ι
337 5056 361 5090 ε
401 5056 511 5107 γων
542 5056 691 5094 ueeSt
730 5056 780 5093 tn
814 5056 1079 5105 aliquibus
1108 5056 1237 5091 mss.

276 5056 399 5191 (53$
449 5109 558 5172 Illa,
592 5108 822 5191 ςΥψὼσω
867 5107 1194 5191 σε,“Κύριε,
1232 5108 1312 5191 ὅτι
1358 5105 1622 5191 ὑπέλαϐές
1655 5122 1764 5191 'p’ts,

204 5175 548 5249 reperiuntur
594 5182 647 5234 in
671 5175 922 5235 editione
960 5175 1132 5231 Paris.
1169 5188 1291 5245 post
1332 5193 1513 5249 vocem
1576 5175 1758 5249 Δαῦίδς

204 5246 304 5305 sed
333 5265 452 5303 cum
488 5249 540 5303 in
584 5266 711 5303 mss.
746 5251 948 5308 desint,
972 5264 1032 5301 ea
1063 5248 1383 5301 delevimus.
1418 5246 1537 5315 lpso
1567 5246 1759 5313 psalmi

204 5321 359 5375 initio
391 5319 590 5372 habent
624 5319 750 5373 editi
786 5320 904 5373 κατ’
933 5319 1181 5389 ὄργανον.
1212 5319 1281 5389 At
1320 5316 1541 5389 Duczeus
1577 5330 1760 5389 entert—

204 5390 437 5443 dandunt
474 5400 656 5443 censet
686 5405 751 5443 ex
782 5391 918 5444 Oliv.
968 5384 1425 5452 scribendumque
1444 5387 1545 5455 καὶ
1597 5384 1762 5455 ὄργα-

203 5477 315 5515 νον.
353 5460 442 5535 Ait
475 5461 688 5527 quidem
740 5458 1089 5535 Combeﬁsjus
1141 5454 1455 5535 illum-mf
1505 5456 1755 5535 ὄργανον,

210 5526 526 5583 mendosum
560 5544 679 5582 esse
709 5547 720 5582 :
757 5530 852 5582 sed
899 5530 950 5581 in
1000 5527 1115 5595 ipsa
1150 5526 1325 5581 Ducazi
1357 5526 1753 5589 emendatione,

206 5599 396 5651 vitium
427 5614 641 5667 quoque
686 5600 911 5653 subesse
953 5597 1201 5651 allirmat.
1251 5596 1555 5662 Legendum
1599 5596 1762 5663 igitur

206 5678 359 5735 putat
392 5668 512 5722 καθ’
542 5671 791 5740 ὅργανον,
824 5669 876 5722 id
912 5669 1051 5735 quod
1082 5668 1194 5734 ipse
1234 5667 1321 5740 it:t_
1353 5667 1757 5740 interpretatur,

205 5734 309 5807 qua
349 5734 629 5808 organum?
664 5740 849 5793 musice
899 5734 1215 5808 coeptatam.
1277 5734 1510 5808 Fefellit,
1567 5734 1759 5808 inquit,

205 5803 479 5879 aspiratio,
510 5822 749 5880 sequente
783 5810 885 5864 leni
917 5825 933 5860 :
966 5807 1054 5861 sed
1087 5807 1178 5861 illa
1205 5822 1305 5861 non
1340 5822 1368 5859 a
1401 5805 1503 5860 leni
1542 5814 1637 5871 ert,
1666 5803 1755 5857 sed

1870 4746 2145 4827 duodecim
2198 4771 2326 4827 mss.
2373 4754 2815 4827 legaturquoqtie
2844 4748 2935 4801 καὶ
2964 4746 3211 4827 ὄργανον,
3238 4761 3425 4827 quem-

1872 4826 2157 4878 admodum
2185 4833 2238 4877 et
2274 4825 2326 4877 in
2377 4816 2513 4876 Oliv.
2546 4816 2700 4882 libro,
2728 4816 2911 4887 longe
2959 4816 3125 4871 tutius
3166 4816 3425 4887 duximus

1870 4898 2191 4963 scripturam
2244 4902 2322 4946 tot
2381 4892 2624 4963 codicum
2688 4885 2994 4963 testimonio
3036 4885 3423 4963 conﬁrmatam

1870 4955 2040 5031 sequi,
2067 4980 2225 5031 quam
2255 4964 2513 5016 incertam
2543 4960 2684 5012 illam
2718 4974 2779 5013 ac
2820 4959 2988 5012 le\em
3036 4956 3267 5011 hominis
3294 4955 3425 5008 alio-

1871 5038 1959 5101 qui
1986 5033 2335 5105 eruditissimi
2368 5031 2756 5105 conjecturam.
2982 5104 2986 5105 ,
3242 5091 3283 5105 _
3360 5093 3392 5105 η

1942 5104 2051 5173 (54)
2080 5104 2170 5156 Sic
2198 5091 2789 5173 Colbetlinitcrtiuset
2835 5104 3061 5166 quartus
3090 5108 3213 5173 c_um
3242 5091 3425 5173 Regiis

1872 5162 2063 5225 unane
2090 5180 2144 5225 et
2174 5180 2344 5225 sexto.
2378 5170 2516 5224 Editi
2537 5178 2591 5222 et
2625 5167 2793 5231 major
2816 5162 2939 5234 pars
2961 5179 3087 5219 mss.
3114 5162 3295 5233 ἔχεται
3331 5162 3422 5231 ψι-

1870 5244 1987 5311 λῆς,
2021 5242 2176 5297 male.
2206 5240 2336 5293 Nam
2376 5256 2557 5313 vocem
2601 5238 2761 5313 ψιλῆς
2802 5237 2925 5290 huic
2970 5235 3086 5289 loco
3118 5248 3425 5313 accommo-

1869 5301 1985 5367 atii-1'
2039 5327 2141 5365 non
2195 5325 2353 5381 posse
2405 5301 2861 5381 vident1'opinor,
2912 5318 3119 5360 omnes.
3184 5301 3425 5358 Subinde

1869 5383 2103 5436 nuunulli
2136 5377 2261 5435 mss.
2294 5380 2495 5451 θεωρίᾳ⁵
2536 5378 2643 5451 τῶν
2670 5377 2863 5451 λόγων.

1941 5452 2051 5522 (55)
2082 5451 2180 5507 Ubi
2231 5452 2280 5505 in
2317 5439 2482 5504 edi'tis'
2508 5450 2704 5522 legitur
2740 5439 3144 5522 avsyEpﬁsv't-oc,
3191 5439 3425 5522 habetur

1868 5524 1919 5576 in
1947 5511 2259 5591 quibusdam
2280 5536 2410 5575 mss.
2442 5511 2813 5582 ἀνατεθέντος,
2843 5511 2893 5571 in
2908 5511 3028 5571 aliis
3049 5527 3177 5569 vero
3200 5511 3432 5563 ἀναστα-

1867 5592 2070 5655 θέντος,
2090 5592 2242 5663 "haud
2270 5592 2516 5644 dissimili
2543 5604 2724 5663 sensu.
2840 5658 2850 5663 Δ
2876 5657 2905 5663 __
3249 5660 3258 5663 _
3283 5651 3294 5663 ι

1937 5650 2225 5734 (56]Colb.
2262 5671 2486 5734 quartus
2527 5659 2799 5731 σημαίνει.
2828 5657 3113 5727 Aliquanto
3147 5660 3264 5724 post
3283 5650 3426 5708 idem

1867 5732 2030 5793 codex
2060 5732 2294 5803 εὕραμεν
2329 5733 2404 5784 ἐν.
