4098 6324
167 349 291 403 309

1315 354 1596 407 llOMlLlA
1637 356 1701 409 IN
1741 356 2070 410 PSALMUM
2111 357 2304 410 ΧΧῘΧ.

3316 353 3418 404 3111

171 462 322 518 Θεοῦ
365 464 639 535 ἄνθρωποι
670 464 1014 538 ἐργάζονται,
1048 469 1286 523 τοιοῦτον
1315 471 1526 536 ἑαυτοῖς
1553 475 1743 526 ποιοῦν

1870 475 2008 526 niam
2035 472 2304 537 suscepisti
2332 488 2407 522 me
2433 488 2449 534 ;
2482 486 2572 523 nec
2599 469 2862 521 detectasti
2897 467 3133 520 inimicos
3168 482 3306 517 meos
3333 482 3426 517 su.

172 574 275 618 τες
309 556 403 609 τὸν
429 557 581 622 Θεὸν,
609 553 719 612 οἷον
745 562 906 624 αὐτὸς
930 562 1116 616 ἑαυτὸν
1141 564 1370 626 ἕκαστος
1399 567 1759 636 προευτρεπί-

165 646 286 709 ζει.
334 648 588 717 ’Υψιώσω
615 665 687 702 σε
714 646 827 714 οῦν,
862 653 1058 720 Κύριε,
1089 654 1174 706 ὅτι
1209 653 1505 720 ὑπέλαϐές
1531 672 1628 722 με,
1663 657 1758 710 καὶ

164 739 292 791 οὐκ
327 743 628 810 εὔφρανας
669 743 808 810 τοὺς
855 745 1104 816 ἐχθρούς
1141 763 1259 813 μου
1298 748 1389 799 ἐπ’
1421 747 1545 815 ἐμὲ,
1598 749 1758 819 μηδὲν

164 836 439 886 ταπεινὸν
474 833 609 902 μηδὲ
641 838 971 907 χαμαίζηλον
1009 838 1099 889 ἐπὶ
1131 837 1223 890 τοῦ
1265 838 1380 909 βίου
1418 856 1518 909 μου
1557 840 1755 911 φέρων.

166 925 292 977 Καὶ
353 925 514 978 πόθεν
574 945 662 998 μοι
709 933 740 1000 ή
789 931 881 981 τοῦ
940 928 1107 998 ὑψοῦν
1154 933 1448 1002 ἐνυπάρχει
1499 931 1755 1003 otii/apag;

179 1015 413 1087 Ἐπειδὴ
439 1017 500 1069 σύ
527 1038 594 1089 με
613 1019 897 1089 προλαϐὼν
920 1020 1208 1086 ὑπέλαϐες.
1249 1025 1303 1075 Ἐ
1312 1024 1627 1092 μφαντικῶς
1645 1024 1756 1092 (41)

162 1105 374 1176 εἴρηκε
399 1109 458 1161 τὸ
478 1153 492 1174 ,
533 1111 865 1174 Ὺπέλαόες,
899 1112 1019 1166 ἀντὶ
1044 1114 1159 1176 τοῦ,
1209 1111 1627 1181 Ἐμετεώρισάς
1658 1131 1751 1183 με,

165 1197 271 1249 καὶ
311 1198 582 1279 ἀνώτερον
621 1199 730 1252 τῶν
769 1201 1320 1271 κατεπανισταμὲνων
1359 1222 1426 1274 με
1472 1207 1752 1273 ἐποίησας.

164 1294 360 1346 Οἱονεὶ
390 1294 552 1346 παῖδά
579 1311 697 1348 τινα
729 1296 968 1368 ἀπείρως
997 1296 1188 1365 ἔχοντα
1220 1297 1354 1367 πρὸς
1385 1297 1444 1349 τὸ
1476 1296 1753 1366 νήχεσθαι,

163 1385 237 1450 τῇ
271 1382 421 1453 χειρί
448 1400 530 1447 τις
549 1384 848 1450 ὑπολαϐὼν,
871 1385 1266 1457 μετεωρότερον
1284 1387 1403 1453 ἄγοι
1428 1385 1519 1437 τοῦ
1546 1385 1754 1448 ὓδατος.

178 1477 244 1529 Ὀ
274 1472 372 1530 οῦν
405 1479 468 1531 ὲκ
497 1480 593 1550 τῆς
624 1480 715 1532 τοῦ
749 1478 883 1530 Θεοῦ
915 1478 1163 1549 βοηθείας
1194 1478 1492 1541 ἀνανεύσας
1523 1479 1629 1532 ἀπὸ
1660 1475 1753 1528 τοῦ

164 1569 498 1640 πτώματος,
536 1567 686 1634 οὗτος
721 1571 823 1623 ὑπὸ
843 1572 1262 1643 εὐγνωμοσύνης
1283 1572 1367 1626 διὰ
1396 1572 1502 1625 τῶν
1538 1569 1755 1640 ἀγαθῶν

163 1660 360 1731 ἔργων
392 1662 593 1731 ῦψωσιν
626 1661 1012 1729 ἐπαγγέλλεται
1045 1663 1120 1733 τῷ
1151 1663 1268 1728 Θεῷ
1300 1665 1430 1734 (42).
1470 1664 1540 1716 ’Ἡ
1566 1663 1753 1734 ὥσπερ

161 1753 299 1806 τινά
337 1754 635 1825 παλαιστὴν
665 1754 990 1808 ἀσθενοῦντα
1023 1754 1386 1825 ὑποστηρίξας
1417 1773 1499 1818 τις
1527 1757 1632 1810 ἀπὸ
1657 1755 1750 1809 τοῦ

1862 583 1954 630 per
1992 580 2090 618 me.
2126 560 2268 614 Nihil
2303 560 2556 612 nimirum
2606 558 2838 623 humile,
2881 556 3014 611 nihil
3059 553 3321 620 abiectum
3371 555 3424 606 in

1862 660 1969 710 vita
1995 672 2112 711 mea
2142 652 2430 722 perferam.
2463 650 2615 705 Unde
2640 664 2768 703 vero
2795 647 3018 702 facultas
3045 646 3173 700 mihi
3204 654 3252 696 te
3280 643 3428 697 exal-

1864 748 2041 802 tandi?
2067 747 2330 813 Quoniam
2374 753 2424 797 tu
2467 758 2551 796 me
2594 737 2928 811 praveniens
2961 733 3262 806 suscepisti.
3296 732 3427 785 Per-

1860 840 2040 906 Spicue
2065 839 2218 899 dixit.
2243 835 2530 904 Suscepisti
2553 850 2654 896 me,
2687 849 2800 900 pro,
2828 827 3120 886 Sublerasti
3146 845 3244 892 me,
3264 836 3318 879 et
3337 840 3430 878 su-

1860 932 2125 999 periorem
2150 927 2549 998 insurgentibus
2579 925 2630 977 in
2658 939 2741 976 me
2759 922 3000 976 effecisti.
3036 918 3206 972 Veluti
3231 919 3274 973 si
3302 915 3429 987 quis

1861 1039 2084 1092 puerum
2116 1021 2422 1090 quempiam
2457 1015 2674 1071 natandi
2712 1015 3014 1083 imperitum
3053 1026 3214 1065 manu
3249 1014 3423 1065 susei-

1858 1115 2034 1183 piens,
2079 1128 2199 1166 eum
2246 1113 2398 1179 aquis
2453 1109 2698 1163 altiorem
2753 1106 3034 1159 sustineat.
3088 1103 3190 1171 Qui
3242 1102 3422 1172 igitur,

1857 1207 2151 1276 opitulante
2178 1204 2306 1268 Deo,
2343 1222 2368 1256 a
2397 1219 2524 1258 casu
2556 1217 2613 1254 se
2637 1199 2815 1266 erigit,
2845 1200 2888 1251 is
2915 1199 3050 1268 grati
3078 1197 3243 1250 animi
3269 1195 3425 1263 signi-

1857 1299 2108 1352 ﬁcatione
2143 1311 2239 1366 per
2273 1296 2410 1348 bona
2440 1310 2603 1363 opera
2635 1291 3013 1346 exaltationem
3059 1291 3167 1343 Deo
3202 1288 3422 1357 pollice-

1857 1403 1960 1444 tur.
1995 1393 2103 1444 Aut
2136 1388 2278 1443 velut
2330 1387 2374 1441 si
2409 1389 2527 1456 quis
2570 1385 2796 1441 debilem
2846 1384 3150 1453 quempiam
3199 1381 3424 1434 luctato-

1857 1498 1966 1535 rem
1996 1482 2326 1543 snﬂ'ulcicns,
2357 1480 2422 1532 ab
2458 1480 2774 1533 imminente
2811 1478 2960 1545 lapsu
2992 1476 3202 1539 liberet,
3231 1489 3296 1527 ac
3320 1474 3424 1530 col-

1853 1573 2089 1627 luctante
2139 1574 2326 1628 reddat
2381 1575 2748 1638 superiorem;
2808 1569 2881 1623 illi
2922 1567 3134 1635 quidem
3181 1566 3438 1621 victoria:-

1853 1666 2053 1736 prmbet
2083 1667 2442 1728 occasionem,
2485 1664 2610 1718 huic
2653 1678 2782 1716 vero
2813 1672 3129 1730 conceptam
3165 1662 3229 1716 de
3267 1663 3417 1730 lapsu

1852 1758 2074 1814 alterius
2103 1758 2337 1812 laetitiam
2368 1756 2576 1812 adimit.
2621 1755 2737 1810 Non
2779 1766 2956 1808 autem
2987 1768 3259 1814 aerumnae,
3293 1768 3421 1822 pro-

163 1846 622 1916 κινδυνευομένου
655 1845 964 1917 πτώματος,
1001 1847 1093 1900 καὶ
1135 1849 1473 1917 ἑπανὼτερον
1517 1849 1743 1917 ποιήσας

1851 1849 2085 1904 bationis
2127 1864 2287 1902 causa
2320 1849 2520 1902 sanctis
2549 1845 2788 1910 inﬂictae,
2827 1844 3191 1899 invisibilibus
3219 1841 3421 1895 nostris

161 1938 270 1992 τοῦ
322 1939 771 2011 συμπαλαίοντος,
811 1937 888 2009 τῷ
925 1941 1020 2010 μὲν
1053 1939 1150 2010 τῆς
1182 1939 1336 2010 νίκης
1367 1939 1608 2010 παρέσχε
1652 1940 1749 2009 τὴν

164 2032 457 2102 ἀφορμὴν,
502 2031 593 2085 τοῦ
623 2031 678 2086 δὲ
713 2031 808 2102 τὴν
841 2033 934 2084 ἐπὶ
968 2030 1045 2101 τῷ
1082 2030 1332 2100 πτώματι
1363 2029 1526 2082 αὑτοῦ
1558 2031 1752 2101 εὐφρο-

170 2119 351 2190 σύνην
389 2121 656 2190 ἀφείλετο.
699 2123 831 2192 Οὐχὶ
874 2123 930 2175 δὲ
964 2122 1018 2174 αἱ
1064 2120 1290 2190 θλίψεις,
1337 2123 1390 2173 αἱ
1429 2120 1751 2192 δοκιμασίας

165 2210 370 2264 ’ἐνελεν
405 2213 800 2281 προσαγόμεναι
849 2214 961 2273 τοῖς
1001 2210 1206 2278 ἁγίοις,
1258 2209 1595 2281 εὐφροσύνην
1637 2212 1749 2273 τοῖς

165 2303 394 2373 ἐχθροῖς
421 2303 573 2374 ἡμῶν
611 2307 722 2366 τοίς
751 2303 1000 2373 ἀοράτοις
1043 2301 1388 2372 προξενοῦσιν
1411 2319 1424 2333 ’
1467 2302 1579 2356 ἀλλ’
1619 2305 1748 2356 ὅταν

165 2395 643 2466 ἀπαγορεύσωμεν
714 2395 1052 2467 θλιϐόμενοι,
1117 2395 1208 2448 καὶ
1277 2393 1747 2466 στενοχωρηθῶσιν

166 2489 335 2560 ἡμῶν
364 2490 411 2541 oi
438 2489 701 2560 λογισμοὶ,
726 2490 1103 2563 ἀπειρηκότων
1123 2489 1278 2561 ἡμῶν
1303 2490 1436 2560 πρὸς
1459 2488 1517 2538 τὸ
1547 2485 1747 2538 πυκνὸν

164 2584 286 2636 τῶν
322 2584 633 2647 κακώσεων,
669 2585 788 2636 τότε
823 2585 1196 2655 εὐφραίνονται
1231 2583 1323 2634 καὶ
1356 2580 1608 2649 κροτοῦσι
1655 2580 1748 2632 καὶ

166 2673 572 2742 ἐπιχαίρουσιν.
616 2669 737 2724 Οίον
783 2674 873 2724 ἐπὶ
914 2673 1006 2725 τοῦ
1054 2672 1192 2725 Ἰώὸ.
1253 2671 1606 2724 ’Λπολωλέκει
1649 2671 1746 2742 τὴν

169 2764 411 2833 κτῆσιν
459 2763 663 2816 τέκνων
719 2764 1004 2835 ὲστέρητο’
1046 2764 1248 2834 ἰχῶρας
1281 2763 1428 2832 αὐτῴ
1461 2765 1556 2816 καὶ
1603 2763 1745 2817 σκώ-

163 2857 405 2926 ληκαςή
441 2855 576 2925 σὰρξ
609 2856 871 2919 ἀπέξεσεν
909 2858 1038 2926 (-ι5)’
1075 2856 1225 2909 οῦπω
1254 2856 1411 2909 τοῦτο
1440 2855 1744 2928 εὐφροσύνη

165 2949 251 3018 τῷ
294 2950 590 3019 ἀντιπάλῳ.
624 2949 685 3002 Εἰ
713 2948 767 3000 δὲ
800 2948 978 3012 ἐνδοὺς
1014 2951 1145 3019 πρὸς
1174 2951 1241 3002 τὰ
1277 2949 1503 3001 ἐπίπονα
1538 2949 1745 3020 εἰρήκει

163 3061 223 3096 ιι.
269 3044 549 3114 δύσφημον
593 3044 740 3114 ῥῆμα
784 3042 921 3095 κατὰ
956 3044 1053 3113 τὴν
1084 3041 1387 3113 συμϐουλὴν
1416 3042 1516 3111 τῆς
1562 3058 1747 3109 γυναι-

169 3134 288 3196 κὸς,
323 3135 442 3186 τότε
466 3135 530 3186 ἂν
562 3134 938 3205 εὑφράνθησαν
969 3136 1015 3187 οἱ
1048 3134 1232 3205 ἐχθροὶ
1259 3135 1343 3186 ἐπ’
1375 3134 1541 3204 αὐτῷ.
1575 3134 1745 3188 Τοῦτο

1850 1940 2080 1994 inimicis
2106 1939 2357 2009 gaudium
2383 1937 2611 1993 aﬂ'erunt
2641 1955 2654 1992 :
2702 1938 2796 1991 sed
2836 1949 2958 1989 cum
2991 1931 3230 1986 aﬂlictati
3266 1930 3418 1984 fran-

1851 2033 2046 2100 gitnur,
2081 2045 2311 2100 cumque
2341 2033 2691 2099 cogitationes
2726 2039 2951 2095 nostrae,
2991 2029 3146 2081 nobis
3198 2027 3266 2080 ob
3303 2026 3416 2080 fre-

1849 2134 2074 2194 quentes
2110 2124 2384 2179 molestias
2432 2125 2670 2178 an'tmum
2725 2122 3211 2192 despondentibus,
3265 2134 3419 2173 coar-

1849 2227 2087 2278 ctantur,
2120 2225 2246 2269 tunc
2270 2215 2632 2278 oblectantur,
2657 2215 3019 2283 plaudnntque
3051 2223 3104 2266 et
3133 2212 3412 2264 insultant.

1849 2308 2008 2362 Vt‘illi.
2038 2309 2089 2362 in
2121 2307 2222 2363 Job
2255 2309 2498 2376 contigit.
2530 2307 2800 2361 Amiserat
2829 2306 3220 2374 possessiones,
3259 2303 3417 2358 orba-

1852 2411 1933 2452 tus
1963 2402 2122 2472 126
2145 2410 2264 2456 erat
2301 2401 2445 2469 filiis,
2480 2401 2600 2454 tabo
2630 2407 2683 2454 et
2713 2399 2992 2453 vermibus
3020 2398 3261 2452 scatebat
3297 2395 3416 2464 ejus

1847 2509 2008 2557 caro;
2048 2496 2271 2547 necdum
2309 2505 2482 2547 tamen
2527 2495 2578 2546 id
2607 2492 2791 2547 lictitia
2824 2491 2985 2544 allicit
3014 2491 3410 2544 adversarium.

1849 2585 1954 2638 Sed
2005 2585 2048 2639 si
2087 2585 2359 2639 laboribus
2404 2585 2644 2648 fractus,
2702 2583 3150 2637 contumeliosum
3198 2582 3415 2649 aliquod

1847 2679 2070 2732 verbum
2099 2692 2165 2730 ex
2201 2677 2384 2732 uxoris
2415 2679 2639 2732 consilio
2679 2678 3009 2746 protulisset,
3062 2686 3184 2730 tunc
3213 2677 3265 2729 in
3299 2676 3417 2744 ipso

1848 2769 2095 2822 oblectati
2125 2778 2308 2822 essent
2335 2768 2558 2822 inimici.
2592 2767 2728 2832 Quin
2760 2777 2811 2820 et
2845 2769 2894 2820 in
2925 2766 3088 2819 Paulo
3114 2767 3413 2826 esuriente,

1847 2858 2079 2924 sitiente,
2116 2861 2281 2923 nudo,
2311 2857 2550 2926 colaphis
2583 2871 2750 2916 caeso.
2783 2856 3080 2917 laborante,
3119 2853 3184 2908 de
3217 2854 3331 2907 loco
3361 2854 3412 2906 in

1849 2950 2025 3003 locnm
2084 2953 2346 3022 migrante
2389 2966 2494 3006 non
2551 2949 2922 3004 delectabatur
2967 2947 3250 3013 inimicus;
3307 2947 3416 2998 imo

1849 3059 1976 3097 vero
2014 3045 2414 3108 conterebatnr,
2444 3047 2566 3096 dum
2607 3059 2727 3097 eum
2769 3042 2972 3093 videret
3013 3039 3090 3092 sic
3116 3037 3414 3090 certamina

1849 3138 2225 3205 perferentem,
2257 3148 2313 3192 ut
2336 3139 2684 3205 contemptim
2712 3136 2911 3188 diceret
2939 3153 2950 3185 :
2987 3131 3115 3197 Quis
3141 3148 3232 3184 nos
3261 3147 3410 3198 sepa-

168 3227 269 3278 καὶ
309 3227 398 3278 ἐπὶ
437 3226 632 3292 Παύλῳ
679 3227 949 3289 πεινῶντι,
987 3229 1078 3279 καὶ
1109 3227 1348 3296 διψῶντι,
1396 3230 1488 3282 καὶ
1529 3245 1741 3299 γυμνη-

1848 3230 1981 3282 rabit
2012 3247 2042 3282 a
2067 3229 2318 3282 charitate
2340 3228 2535 3282 Christi
2567 3227 2648 3280 ‘3?

164 3316 403 3375 τεύοντι.
438 3318 529 3369 καὶ
565 3317 988 3387 κολαφιζομένῳ.
1055 3320 1146 3371 καὶ
1192 3321 1473 3384 κοπιῶντι,
1541 3322 1634 3374 καὶ
1699 3320 2050 3374 ἀστατοῦντι·
2095 3323 2194 3374 οὐκ
2241 3321 2561 3391 εὐφραίνετο
2611 3320 2638 3370 ό
2671 3317 2895 3389 ἐχθρός·
2931 3317 2992 3369 τὸ
3030 3314 3271 3368 ἐναντίον
3320 3313 3417 3383 μὲν

165 3407 287 3474 οὖν,
339 3410 679 3482 συνετρίϐετο
725 3410 934 3478 βλέπων
981 3410 1120 3463 οὕτω
1190 3413 1256 3464 τὰ
1331 3415 1688 3483 ἀγωνίσματα
1765 3416 2020 3487 φέροντα,
2086 3415 2226 3467 ὥστε
2284 3415 2464 3468 λέγειν
2527 3413 2687 3466 αὑτὸν
2744 3407 3254 3481 καταφρονητικῶς·
3323 3406 3418 3471 Τίς

167 3503 330 3574 ἡμᾶς
360 3505 599 3574 χωρίσει
631 3505 749 3558 ἀπὸ
778 3505 887 3572 τῆς
919 3505 1152 3572 ἀγάπης
1184 3508 1288 3560 τοῦ
1315 3509 1603 3575 Χριστοῦ;

244 3598 298 3649 5.
330 3597 508 3663 Κύριε
525 3599 555 3647 ὀ
577 3596 720 3660 Θεός
744 3614 883 3663 μου,
901 3595 1192 3663 ἐκέκραξα
1209 3597 1354 3665 πρὸς
1371 3599 1465 3660 σὲ,
1485 3599 1580 3650 καὶ
1601 3598 1746 3652 ἰάσω

159 3708 261 3759 με.
314 3691 598 3759 Μακάριος
647 3693 673 3741 ό
717 3691 815 3759 τὴν
856 3693 911 3742 ὲν
965 3689 1040 3759 τῷ
1081 3690 1231 3760 βάθει
1285 3691 1498 3761 πληγὴν
1553 3690 1744 3743 ἑαυτοῦ

166 3782 482 3852 γνωρίζων,
527 3780 665 3832 ὥστε
697 3781 954 3834 δύνασθαι
1003 3784 1080 3853 τῷ
1117 3783 1282 3854 ἰατρῷ
1323 3783 1603 3854 προσιέναι
1652 3783 1745 3836 καὶ

165 3873 379 3938 λέγειν·
430 3873 629 3926 "lavat
654 3888 752 3940 με,
785 3873 982 3940 Κύριε,
1014 3873 1102 3926 ὅτι
1147 3875 1443 3942 ἐταράχθη
1486 3877 1557 3928 τὰ
1595 3874 1744 3929 ὀστᾶ

159 3979 317 4033 μουο
364 3966 482 4025 καὶ,
531 3962 676 4032 Ἐγὼ
717 3963 874 4026 εἶπα,
912 3964 1108 4031 Κύριε,
1157 3965 1414 4031 ἐλέησόν
1451 3983 1545 4034 με,
1578 3967 1742 4019 ἴασαι

166 4055 286 4123 τὴν
323 4054 531 4122 ψυχήν
558 4074 696 4123 μου,
733 4055 820 4108 ὅτι
857 4056 1120 4124 ῆμαρτόν
1153 4071 1267 4110 σοι.
1323 4058 1582 4112 Ἐνταῦθα
1619 4060 1742 4128 μέν·

165 4165 251 4199 τοι
305 4145 623 4216 εὐχαριστία.
678 4147 822 4197 ἐστὶν
879 4148 1015 4218 ὑπὲρ
1062 4148 1160 4217 τῆς
1214 4149 1546 4219 ἐπαχθείσης
1594 4149 1740 4219 αὐτῷ

172 4235 438 4305 ἰατρείας
475 4236 650 4302 Κύριε
699 4236 826 4303 γὰρ,
867 4239 1047 4305 φησὶν,
1081 4242 1112 4290 o’
1148 4242 1289 4304 Θεός
1313 4258 1450 4308 μου.
1486 4240 1558 4292 Οὐ
1602 4241 1740 4292 πάν--

169 4347 276 4380 των
305 4327 434 4388 Θεὸς
464 4329 491 4378 ό
524 4327 672 4390 Θεὸς.
718 4328 853 4380 ἀλλὰ
891 4329 996 4381 τῶν
1041 4331 1424 4384 οἰκειωθέντων
1465 4333 1610 4403 αῦτῴ
1653 4334 1740 4388 διὰ

169 4420 267 4487 τῆς
308 4419 544 4486 ἀγάπης.
593 4418 723 4481 Θεὸς
760 4419 868 4490 γὰρ
929 4421 1195 4490 Ἀϐρααμ,
1230 4422 1322 4474 καί
1360 4421 1489 4484 Θεὸς
1533 4424 1736 4487 Ἰσαὰκ,

172 4514 264 4564 καὶ
309 4512 438 4574 Θεὸς
501 4512 711 4564 Ἰακώϐ.
749 4515 811 4564 Εἰ
854 4513 910 4565 δὲ
951 4514 1164 4565 πάντων
1214 4510 1280 4584 ἦν
1332 4515 1482 4578 Θεὸς,
1532 4517 1631 4568 οὐκ
1673 4517 1737 4569 ἂν

172 4604 396 4667 ἐκείνοις
441 4605 515 4667 ὡς
546 4603 821 4673 ἐξαίρετον
855 4605 1010 4657 τοῦτο
1056 4611 1575 4679 προσεμαρτυρεῐτο.
1628 4612 1736 4662 Καὶ

173 4695 329 4747 πάλιν
363 4697 390 4747 ὁ
433 4693 643 4748 Ἰακώϐ·
684 4693 1007 4760 Ἐὅοήϐησέ
1031 4713 1125 4748 σοι
1157 4697 1264 4765 (4-4)
1296 4701 1327 4751 ό
1356 4699 1498 4763 Θεὸς
1521 4703 1550 4752 ό
1573 4700 1728 4768 ἐμός.

172 4788 279 4842 Καὶ
312 4787 508 4854 Θωμᾶς
541 4788 678 4858 μετὰ
711 4789 807 4857 τὴν
840 4789 1205 4859 πληροφορίαν
1236 4791 1716 4861 κατασπαζόμενος

1919 3603 1972 3660 5.
2018 3601 2181 3655 Vens.
2213 3601 2262 3654 3.
2308 3600 2529 3654 Domine
2559 3598 2697 3653 Deus
2725 3613 2887 3662 meus,
2921 3594 3142 3651 clamavi
3171 3593 3238 3646 ad
3266 3600 3335 3655 te,
3367 3600 3415 3642 et

1846 3697 2043 3748 sanasti
2097 3710 2195 3747 me.
2251 3693 2444 3748 Beatus
2497 3691 2587 3760 qui
2635 3691 2940 3745 intestinam
2999 3700 3148 3741 suam
3204 3682 3414 3751 plagam

1846 3786 2142 3854 cognoscit,
2191 3787 2321 3838 adeo
2351 3795 2408 3838 ut
2441 3785 2505 3838 ad
2553 3783 2818 3837 medicum
2849 3789 3010 3848 queat
3039 3776 3317 3839 accedere,
3351 3787 3413 3824 ac

1847 3877 2022 3929 dicere
2052 3895 2064 3928 :
2093 3876 2237 3929 Sana
2264 3892 2360 3936 me,
2397 3874 2642 3935 Domine,
2670 3871 2914 3942 quoniam
2951 3866 3261 3922 conturbata
3289 3874 3411 3918 sunt

1844 3985 1962 4022 ossa
1985 3985 2101 4022 mea
2125 3967 2186 4031 ¹⁹;
2213 3979 2292 4020 et:
2319 3965 2431 4036 Ego
2457 3967 2586 4028 dixi,
2613 3965 2848 4028 Domine,
2871 3964 3112 4016 miserere
3133 3959 3257 4022 mei,
3281 3973 3414 4010 sana

1843 4063 2075 4114 animam
2112 4076 2299 4125 meam,
2332 4059 2452 4128 quia
2480 4059 2686 4125 peccari
2725 4058 2817 4110 tibi
2849 4057 2914 4108 ⁸ο.
2963 4055 3060 4108 llic
3096 4051 3312 4121 quidem
3343 4051 3412 4101 ob

1842 4149 2132 4202 adhibitam
2184 4148 2282 4201 sibi
2339 4149 2671 4200 curationem
2724 4147 2925 4214 gratias
2984 4140 3406 4210 agitzDomine,

1839 4240 1994 4302 enim,
2047 4241 2239 4307 inquit,
2282 4239 2418 4291 Deus
2452 4255 2614 4290 meus.
2664 4237 2803 4290 Deus
2843 4250 2946 4288 non
2987 4233 3226 4287 omnium
3271 4231 3409 4284 Deus

1841 4341 1943 4393 est,
1975 4331 2065 4384 sed
2094 4345 2278 4384 eorum
2305 4331 2394 4398 qui
2426 4344 2472 4383 et
2499 4340 2621 4382 sunt
2646 4329 2909 4382 charitate
2931 4324 3228 4396 conjuncti.
3261 4324 3406 4376 Deus

1842 4424 1982 4476 enim
2016 4422 2284 4476 Abraham
2332 4431 2435 4487 εει,
2477 4431 2531 4475 et
2579 4420 2718 4475 Deus
2755 4422 2920 4484 Isaac,
2960 4431 3015 4472 et
3046 4417 3187 4470 Dens
3216 4414 3405 4469 Jacob.

1842 4517 2049 4570 Etenim
2095 4517 2138 4569 si
2173 4516 2410 4568 omnium
2453 4525 2596 4569 esset
2646 4517 2806 4576 Deus,
2849 4529 2953 4565 non
3004 4511 3186 4578 utique
3238 4508 3288 4560 id
3328 4506 3408 4559 cis

1843 4618 2091 4675 tanquam
2125 4607 2395 4676 quidpiam
2429 4605 2700 4675 singulare
2731 4620 2793 4656 ac
2819 4603 3076 4656 eximium
3105 4600 3402 4655 tribuisset.

1837 4698 1900 4751 Et
1933 4701 2124 4753 iterum
2157 4698 2320 4752 Jacob
2353 4717 2367 4754 ;
2401 4699 2618 4766 Adjuvit
2649 4708 2696 4750 te
2727 4696 2868 4749 Deus
2897 4711 3040 4748 meus
3063 4695 3130 4747 ’⁸.
3164 4691 3230 4746 Ει
3258 4689 3401 4744 Tho-

1839 4809 1974 4859 mas,
1999 4805 2199 4846 semota
2226 4793 2562 4846 dubitatione
2593 4791 2762 4856 omni,
2793 4790 3073 4844 Dominum
3099 4785 3401 4853 amplexus,

169 4883 260 4935 τὸν
301 4882 592 4952 Δεσπότην,
649 4883 710 4935 '0
761 4883 974 4951 Κύριός
1006 4901 1144 4950 μου,
1179 4887 1331 4954 φησὶ,
1381 4885 1476 4938 καὶ
1507 4889 1538 4938 o'
1591 4889 1733 4951 Θεοῖς

1848 4887 2089 4938 Dominus
2135 4903 2298 4950 meus,
2342 4885 2533 4952 inquit,
2575 4893 2625 4937 et
2669 4885 2806 4939 Deus
2859 4899 3001 4935 meus
3039 4883 3105 4933 ".
3167 4879 3406 4932 Aﬂectus

165 4993 302 5045 μου.
346 4973 671 5039 Ἐνδιαθετος
698 4971 788 5029 οὖν
816 4978 848 5043 ἡ
883 4977 1030 5046 φωνὴ
1061 4979 1116 5046 η,
1149 4979 1321 5044 Κύριε
1356 4981 1386 5029 ὀ
1425 4980 1566 5042 owe
1588 4997 1727 5046 μου,

242 5159 283 5189 ’³
324 5158 478 5213 Rom.
505 5175 622 5225 vni,
655 5160 744 5215 35.
819 5160 862 5194 "
900 5162 1041 5217 Psal.
1075 5179 1145 5230 VI,
1182 5164 1234 5218 5.
1312 5167 1354 5196 ³ο
1397 5164 1535 5220 Psal.
1573 5183 1656 5228 τι,
1686 5166 1737 5219 5.

241 5297 351 5366 (ιι)
383 5295 514 5367 Reg.
540 5301 804 5372 secundus
837 5301 1170 5372 ὲμφατικῶς.
1206 5302 1324 5356 Mox
1353 5305 1517 5358 editio
1555 5305 1728 5360 Paris.

175 5369 720 5438 κατεπανισταμένων
747 5369 880 5440 μου.
902 5373 1074 5426 Εάὶιίο
1103 5389 1230 5426 vero
1271 5373 1434 5429 Basil.
1458 5386 1511 5429 et
1541 5393 1729 5430 novem

178 5455 297 5520 ursa.
333 5441 882 5520 x‘arsnavt’afaps'vwv
946 5461 1032 5511 με.
1089 5445 1289 5498 Ibidem
1349 5446 1512 5500 editio
1555 5446 1727 5502 Paris.

177 5509 311 5560 Οἷον.
347 5509 413 5560 At
437 5527 565 5562 mss.
596 5509 789 5562 Οίονεί.

242 5579 518 5655 μελιλιιιί
561 5591 614 5633 et
636 5581 871 5655 nonnulli
903 5597 1028 5635 mss.
1068 5582 1299 5652 ὑψώσειν
1334 5588 1727 5655 ἐπαγγέλλεται

173 5649 255 5700 τὸν
283 5648 537 5725 Θεόνη-ᾼι
571 5651 885 5725 major-pars
913 5668 1042 5705 mss.
1075 5648 1195 5707 cum
1234 5656 1368 5710 Oliv.
1406 5648 1466 5711 et.
1494 5648 1713 5725 'Anglitr.

177 5734 260 5792 ita,
292 5730 343 5792 ut
383 5721 669 5792 edidimus.
713 5719 834 5792 Nec,
869 5723 937 5773 ita
979 5725 1141 5775 multo
1189 5737 1306 5790 post
1359 5727 1486 5792 Reg.
1525 5719 1716 5782 tertius

174 5791 257 5846 zz‘:
297 5788 588 5860 ἀνώτερον.
633 5790 868 5845 Subinde
922 5794 1084 5848 editio
1113 5788 1284 5850 Paris.
1335 5809 1386 5851 et
1431 5788 1536 5854 tres
1585 5815 1711 5854 mss.

1816 5167 1854 5197 ²¹
1895 5162 2028 5216 Gen.
2063 5177 2205 5224 χιιι,
2239 5160 2326 5214 25.

1844 4978 2003 5045 igitur
2029 4992 2129 5031 vox
2168 4987 2270 5040 est,
2316 4978 2535 5029 Domine
2565 4976 2705 5029 Deus
2745 4991 2908 5037 meus,
2945 4983 2999 5028 et
3020 4988 3138 5042 qua:
3173 4971 3404 5040 prophe-

2403 5161 2445 5191 “
2480 5159 2633 5214 Joan.
2665 5175 2754 5221 xx,
2784 5155 2873 5210 28.

1837 5305 1930 5358 τοῦ
1954 5304 2008 5355 δὲ
2036 5305 2154 5373 τήν.
2185 5303 2286 5356 Alii
2319 5317 2444 5353 mss.
2482 5313 2701 5373 numero
2735 5296 2913 5363 plures
2946 5294 3021 5366 τῷ
3054 5294 3111 5348 δὲ
3144 5295 3260 5360 τήν.
3304 5292 3406 5344 lbi-

1837 5379 1955 5428 dent
1984 5369 2130 5428 (Iolb.
2172 5384 2395 5442 quartus
2418 5369 2692 5439 ἀφείλατο.

1909 5445 2019 5513 (45)
2047 5431 2482 5513 Reg-secundus
2536 5456 2658 5513 cum
2704 5438 2854 5513 Colh.
2892 5437 3087 5513 quinto
3117 5431 3272 5513 sapﬁ'
3296 5434 3396 5513 ὲπ-

1834 5501 2042 5579 έζεσεν.
2083 5501 2197 5566 ttth
2231 5513 2395 5566 editio
2428 5510 2600 5563 Paris.
2637 5501 3027 5576 ἀντιπάλωῆν.
3056 5501 3212 5559 Deest
3246 5501 3310 5575 ἦν
3344 5505 3395 5555 itt

1833 5603 1961 5638 mss.
2004 5585 2242 5638 Subinde
2273 5583 2401 5650 Reg.
2441 5581 2710 5635 secundus
2743 5579 2933 5649 εἴρηκέ
2965 5596 3037 5630 τι.

1902 5655 2186 5722 (41)(1011).
2246 5645 2516 5707 secundus
2562 5665 2681 5722 cum
2735 5645 2910 5722 altero
2957 5662 3076 5722 ius.
3123 5645 3392 5722 €69ﬁ9136f‘!

1829 5715 1936 5794 μοι.
1973 5715 2135 5777 Paulo
2168 5735 2285 5790 post
2322 5739 2448 5780 mss.
2488 5721 2650 5789 trcsﬂ
2685 5718 2835 5789 φωνὴ
2870 5719 2922 5788 ἡ,
2957 5715 3148 5790 Κύριε.
3185 5715 3324 5772 Editi
3355 5717 3386 5788 ἡ

1828 5797 1995 5868 gurria,
2037 5795 2226 5865 Κύριε.
