4068 6318
99 355 216 409 313

1242 350 1520 407 HOMILIA
1561 348 1626 403 IN
1668 349 1993 408 PSALMUM
2035 352 2227 407 XXIX.

3247 350 3352 410 5M

99 494 227 544 γης
271 477 470 531 αὐτοῦ.
508 478 620 531 Οὐκ
652 472 822 540 εἶπεν,
857 477 1286 548 Ἐξομολογεῐσθε
1317 480 1382 547 τῇ
1413 473 1684 545 ἁγιωσύνῃ

1789 476 1945 539 dixit,
1984 475 2325 529 Conﬁtemini
2382 476 2655 529 sanctitati
2710 475 2856 543 ejus,
2901 475 3032 539 sed,
3085 474 3353 528 Memoria:

101 570 305 631 αὑτοῦ,
346 569 509 633 ἀλλὰ,
559 568 635 638 Τῇ
678 571 883 640 μνήμη
929 569 1037 638 τῆς
1084 569 1421 638 ἁγιωσύνης
1465 566 1681 620 αὐτοῦ’

104 662 410 728 τουτέστιν,
461 663 859 734 Εὑχαριστεῖτε.
912 663 974 714 Ἠ
1016 659 1123 728 γὰρ
1170 658 1548 728 ἐξομολόγησις
1598 659 1683 709 ἐν-

104 753 292 806 ταῦθα
336 755 455 807 ἀντὶ
504 754 851 824 εὐχαριστίας
899 751 1252 822 λαμϐάνεται.
1301 746 1683 820 Εὐχαριστεῖτε

101 844 233 908 οὖν,
272 847 354 901 ὅτι
397 848 453 898 ὲν
491 848 677 917 μνήμῃ
713 846 810 914 τῆς
841 842 1148 914 ἁγιωσύνης
1194 843 1358 895 αὐτοῦ
1404 841 1679 909 ἐγένεσθεο

105 939 161 988 οἳ
199 938 481 1009 πρότερον,
520 938 609 991 διὰ
651 937 710 990 τὸ
753 934 1074 1006 ὲμὸαθύνειν
1111 936 1175 1005 τῇ
1211 935 1397 1004 κακίᾳ,
1443 935 1533 986 καὶ
1567 936 1682 995 ταῖς

106 1031 479 1101 ἀκαθαρσίαις
526 1030 625 1100 τῆς
679 1027 875 1098 σαρκὸς
942 1025 1335 1097 ὲμμολύνεσθαι
1403 1025 1549 1095 (51),
1606 1026 1682 1085 εἰς

106 1120 293 1191 λήθην
325 1119 513 1190 ἤλθετε
558 1119 654 1187 τῆς
686 1115 993 1184 ἁγιωσύνης
1036 1114 1127 1167 τοῦ
1171 1116 1489 1183 ποιήσαντος
1518 1113 1680 1181 ὑμᾶς.

117 1210 305 1280 ’Υπὲρ
338 1207 429 1263 οῦν
454 1209 546 1262 τοῦ
589 1205 875 1276 ὲξιλασμοῦ
905 1206 1011 1259 τῶν
1055 1205 1473 1276 ἡμαρτημένων,
1509 1203 1686 1272 ἐξομο-

106 1303 363 1371 λογεῖσθε
399 1303 522 1369 περὶ
549 1301 654 1352 τῶν
678 1300 773 1369 οὐχ
803 1298 969 1367 ὑγιῶς
1003 1300 1128 1369 ὑμῖν
1153 1296 1681 1367 προπεπραγμένων.

108 1397 242 1447 ’Ὁτι
274 1394 415 1463 ὀργὴ
446 1393 513 1445 ἐν
539 1390 618 1456 τῷ
650 1392 812 1459 θυμῷ
859 1390 1066 1453 αὐτοῦ,
1104 1389 1200 1443 καὶ
1239 1386 1346 1455 ζωὴ
1381 1389 1449 1440 ὲν
1485 1386 1563 1451 τῷ
1590 1389 1685 1439 θε-

108 1482 341 1550 λήματι
371 1478 573 1533 αὑτοῦ.
601 1480 869 1551 Πρότερον
905 1474 1023 1531 εἷπε
1053 1478 1114 1530 τὸ
1146 1476 1487 1546 σκυθρωπὸν,
1517 1476 1685 1548 ὀργὴν

110 1575 179 1623 ἐν
226 1572 307 1640 τῷ
357 1570 511 1641 θυμῷ
548 1570 639 1623 τοῦ
694 1570 860 1623 Θεοῦ·
912 1566 1033 1622 εἶτα
1076 1569 1136 1621 τὸ
1184 1569 1549 1639 φαιδρότερον,
1590 1568 1687 1636 τὴν

112 1666 266 1735 ζωὴν
297 1667 353 1717 ἐν
396 1664 473 1734 τῷ
505 1665 762 1734 θελήματι
796 1662 980 1717 αὐτοῦ.
1016 1665 1170 1715 Δοκεῖ
1198 1661 1514 1729 ταυτολογια
1546 1655 1684 1713 εἶναι

109 1759 231 1818 τοῖς
281 1755 354 1825 μὴ
402 1756 711 1826 δυναμένοις
742 1755 838 1824 τῆς
882 1753 1162 1824 ἀκριϐείας
1205 1752 1311 1805 τῶν
1356 1751 1687 1823 σημαινομέ-

1786 567 2082 620 sanctitatis
2119 562 2278 635 ejus:
2316 566 2418 621 hoc
2461 576 2566 630 est,
2609 566 2824 620 Gratias
2871 568 3031 637 agite.
3074 567 3353 621 Confessio

1785 672 2019 728 namque
2064 659 2151 713 hic
2186 673 2282 728 pro
2315 659 2606 727 gratiarum
2649 659 2860 711 actione
2893 658 3173 725 accipitur.
3216 657 3352 712 Gra-

1792 752 1898 806 tias
1929 752 2092 821 igitur
2128 752 2288 821 agite,
2323 750 2460 819 quod
2501 749 2553 802 in
2592 750 2853 804 memoria
2888 750 3188 803 sanctitatis
3231 748 3345 817 ejus

1787 845 1906 898 sitis
1937 862 1950 897 :
1982 845 2073 913 qui
2116 844 2289 913 prius,
2324 852 2508 913 utpote
2546 842 2806 910 profunda
2851 842 3083 896 immersi
3117 842 3341 905 malitia,

1785 947 1841 990 et
1885 936 2064 990 carnis
2123 936 2396 1005 spurcitiis
2448 934 2815 997 contaminati,
2860 935 2912 987 in
2968 934 3083 1002 ejus
3125 935 3212 1003 qui
3254 948 3346 987 vos

1792 1028 2034 1082 condidit
2080 1026 2406 1082 oblivionem
2448 1028 2741 1080 veneratis.
2776 1024 2957 1094 Itaque
3001 1027 3066 1079 ad
3107 1026 3351 1080 obtineo.-

1788 1120 1911 1172 dam
1954 1127 2292 1186 peccatorum
2350 1117 2585 1181 veniam,
2632 1117 2697 1170 de
2743 1116 2825 1170 his
2856 1131 2973 1185 qua:
3007 1128 3162 1170 antea
3194 1132 3222 1168 a
3253 1130 3349 1170 vo-

1788 1211 1873 1266 bis
1900 1225 2004 1264 non
2030 1220 2177 1264 recte
2201 1217 2347 1279 gesta
2379 1219 2503 1263 sunt
2529 1209 2917 1264 confiteamini.
2942 1206 3101 1261 Vens.
3126 1207 3176 1261 6.
3209 1208 3354 1273 Quo-

1788 1307 1929 1358 niam
1974 1305 2055 1357 ira
2094 1305 2147 1356 in
2177 1304 2531 1372 indignatione
2562 1301 2696 1370 ejus,
2730 1312 2777 1354 ct
2828 1302 2935 1355 vita
2983 1302 3038 1354 in
3084 1300 3353 1353 voluntate

1787 1399 1925 1466 ejus.
1960 1396 2117 1450 Prius
2169 1395 2321 1448 triste
2368 1394 2620 1463 quiddam
2666 1394 2819 1456 dixit,
2860 1395 2992 1446 iram
3028 1394 3078 1447 in
3112 1394 3352 1463 indigna-

1790 1486 1934 1539 tione
1966 1485 2055 1539 Dei
2094 1506 2105 1539 :
2143 1485 2334 1539 deinde
2377 1484 2577 1552 aliquid
2620 1484 2808 1547 laetius,
2847 1485 3009 1537 vitam
3059 1484 3111 1538 in
3158 1485 3349 1539 volun-

1789 1587 1900 1630 tate
1933 1577 2069 1645 ejus.
2100 1577 2320 1631 Videtur
2348 1574 2597 1645 repetitio
2625 1589 2764 1639 esse,
2796 1576 2861 1629 iis
2893 1578 2981 1645 qui
3017 1576 3351 1645 signiﬁcato-

1788 1684 1905 1722 rum
1941 1668 2343 1738 intelligentiam
2376 1676 2685 1721 accuratam
2714 1667 2924 1735 assequi
2953 1682 3053 1720 non
3086 1677 3345 1735 possunt:

1788 1758 2217 1827 quandoquidem
2251 1757 2508 1826 propheta
2543 1758 2675 1810 dicit
2722 1758 2853 1810 iram
2896 1772 3013 1811 esse
3045 1757 3097 1809 in
3135 1756 3222 1811 Dei
3262 1760 3348 1809 in—

114 1815 227 1899 νων
263 1815 616 1915 έφάπτεσθαι,
648 1815 740 1900 τοῦ
791 1815 1061 1916 προφητου
1110 1843 1353 1913 λέγοντος
1398 1815 1565 1915 όργὴν
1593 1815 1684 1896 ἐἷ-

1790 1850 2119 1921 dignatione,
2152 1847 2307 1918 quasi
2354 1849 2431 1901 ira
2461 1856 2514 1901 et
2548 1848 2840 1915 indignatio
2886 1848 3025 1902 idem
3069 1848 3198 1907 sint,
3226 1864 3346 1902 cum

112 1960 208 1993 ναι
246 1941 356 2011 (52)
385 1941 441 1992 ἐν
470 1940 547 2010 τῷ
574 1939 728 2010 θυμῷ
764 1938 856 1990 τοῦ
900 1935 1055 1998 Θεοῦ,
1084 1934 1159 1999 ὡς
1202 1935 1295 1988 τοῦ
1334 1936 1494 1989 αὑτοῦ
1538 1936 1689 1999 ὄντος

112 2036 293 2105 ὀργῆς
337 2033 427 2086 καὶ
471 2031 673 2102 θυμοῦ-
721 2031 962 2082 πλεῖστον
1005 2028 1061 2081 δὲ
1095 2027 1157 2080 τὸ
1201 2028 1470 2098 διάφορον.
1510 2028 1689 2097 Θυμὸς

119 2124 226 2191 μὲν
269 2122 377 2194 γάρ
407 2125 548 2175 ἐστιν
578 2122 612 2190 ἡ
646 2120 821 2190 κρίσις
855 2117 947 2170 τοῦ
983 2119 1277 2189 ἐπαχθῆναι
1308 2119 1431 2171 τάδε
1464 2119 1584 2172 τινὰ
1623 2119 1689 2172 τὰ

118 2215 423 2286 σκυθρωπὰ
460 2214 536 2283 τῷ
579 2212 711 2281 ἀξίῳ
786 2211 922 2284 ὀργὴ
964 2212 1021 2265 δὲ
1070 2213 1097 2263 6
1145 2212 1303 2274 πόνος
1348 2211 1468 2282 ἥδη,
1519 2210 1611 2262 κα)⁸
1654 2210 1687 2279 ή

117 2308 344 2368 κόλασις
377 2308 409 2376 ἠ
446 2305 551 2358 ἀπὸ
593 2303 686 2356 τοῦ
720 2304 926 2357 δικαίου
973 2301 1159 2373 κριτοῦ
1208 2302 1347 2355 κατά
1391 2302 1451 2353 τ’)
1492 2300 1686 2370 μέτρον

114 2399 219 2467 τῆς
277 2396 485 2459 ἀδικίας
545 2394 877 2465 ἐπαγομένη.
942 2393 1071 2444 Ἀπὸ
1134 2389 1573 2461 παραδείγματος
1630 2386 1686 2439 δὲ

119 2486 457 2557 σαφέστερον
484 2484 512 2538 ὃ
550 2484 691 2554 λέγω
738 2486 1022 2553 γενήσεται
1058 2479 1191 2549 (55).
1235 2478 1687 2548 Σημειωσὰμενος

115 2580 150 2630 ὁ
192 2578 377 2649 ἰατρὸς
402 2579 460 2630 τὸ
488 2577 813 2647 φλεγμαῖνον
845 2575 1007 2643 μέρος
1042 2571 1133 2623 καὶ
1167 2570 1418 2634 ὓπουλον,
1450 2568 1688 2642 ἐγκρίνει

115 2672 223 2744 τὴν
255 2672 425 2742 τομὴν
458 2667 755 2737 ἀναγκαίαν
784 2662 918 2717 εἶναι
948 2662 1025 2733 τῷ
1056 2662 1334 2733 κάμνοντι.
1376 2661 1544 2714 Τοῦτο
1591 2660 1687 2713 θυ-

123 2764 229 2833 μὸν
260 2759 509 2830 ὀνομάζει
546 2760 578 2827 ὴ
616 2756 825 2827 Γραφή.
856 2754 1011 2808 Μετὰ
1035 2753 1089 2806 δὲ
1128 2754 1225 2824 τὴν
1254 2754 1346 2806 ἐπὶ
1373 2752 1448 2823 τῷ
1490 2752 1686 2822 βοηθή-

126 2871 260 2923 ματι
294 2851 471 2921 κρίσιν
511 2848 601 2900 τοῦ
643 2846 825 2919 ἰατροῦ
855 2845 1207 2898 ἐπακολουθεῖ
1245 2845 1428 2898 λοιπὸν
1461 2846 1492 2915 ἡ
1539 2845 1689 2915 ἐνέρ-

124 2962 250 3013 γεια
284 2945 362 3005 εἰς
406 2942 561 3013 ἔργον
605 2941 716 3013 (54)
756 2941 960 3009 ἄγουσα
1003 2939 1071 2993 τὰ
1112 2938 1395 3010 κριθέντα,
1427 2939 1520 2991 καὶ
1547 2940 1575 2991 6
1612 2938 1690 2991 σί-

116 3040 287 3107 δηρος
341 3036 552 3106 τέμνων
598 3036 691 3088 καὶ
743 3035 932 3105 ὀδύνην
983 3033 1223 3104 ἐμποιῶν
1274 3032 1352 3101 τῷ
1400 3032 1686 3084 διακοπτο-

123 3124 295 3194 μένῳ.
342 3123 509 3176 Τοῦτο
557 3123 691 3193 ὀργὴ
743 3122 876 3175 θεοῦ
925 3121 1253 3192 ὠνόμασται.
1311 3120 1462 3173 Ἐλθὲ
1507 3120 1686 3173 τοίνυν

120 3216 220 3268 ἐπὶ
244 3215 305 3268 τὸ
350 3214 722 3284 προκείμενον,
757 3214 849 3265 καὶ
894 3214 1143 3285 εὑρήσεις
1171 3212 1231 3265 τὸ
1272 3210 1555 3264 ἀκόλουθον
1586 3210 1686 3281 τῆς

122 3307 355 3369 ἐννοίας.
382 3307 502 3357 Ὅτι
547 3303 691 3373 ὀργὴ
724 3304 793 3356 ἐν
839 3303 918 3369 τῷ
964 3304 1125 3374 θυμῷ
1171 3304 1376 3359 αὐτοῦ.
1416 3303 1458 3355 Τ
1465 3303 1682 3375 ιμωρία,

124 3399 269 3454 κατὰ
315 3400 375 3451 τὸ
406 3397 607 3450 δίκαιον
654 3399 825 3468 κρῖμα
877 3396 972 3451 τοῦ
1025 3396 1178 3451 Θεοῦ·
1218 3396 1346 3463 Ζωὴ
1392 3394 1460 3448 δὲ
1501 3396 1571 3449 ἐν
1606 3395 1687 3462 τῷ

123 3492 412 3559 θελήματι
439 3489 640 3544 αὑτοῦ.
671 3490 734 3543 Τί
773 3485 865 3544 οὖν
900 3507 1091 3560 φησιν;
1128 3492 1245 3543 Ὀτι
1274 3488 1302 3541 ὃ
1335 3490 1432 3559 μὲν
1479 3488 1619 3542 θέλει
1656 3490 1685 3542 6

123 3582 280 3645 Θεὸς,
306 3581 463 3634 τοῦτό
492 3583 626 3645 ἐστι,
658 3582 865 3645 πάντας
899 3582 1142 3653 μετέχειν
1171 3580 1333 3636 αὑτοῦ
1372 3582 1468 3653 τῆς
1507 3582 1648 3652 ζωῆς
1667 3598 1681 3611 ο

123 3676 192 3728 τὰ
218 3675 275 3727 δὲ
309 3675 680 3747 περιπατικά,
719 3676 838 3745 οὐχὶ
884 3674 958 3745 τῷ
1001 3675 1261 3745 θελήματι
1311 3674 1475 3727 αὑτοῦ
1530 3676 1684 3745 ὲνερ-

124 3767 325 3834 γεῖται,
367 3766 501 3819 ἀλλά
542 3769 607 3837 τῇ
657 3766 783 3836 ἀξίᾳ.
816 3765 924 3817 τῶν
974 3764 1367 3836 ἡμαρτηκότων
1400 3766 1683 3833 ἐπάγεται.

125 3858 237 3928 Τὴν
273 3860 368 3928 μὲν
401 3854 493 3912 οῦν
526 3857 668 3929 ζωὴν
699 3858 727 3909 6
755 3856 885 3921 Θεὸς
913 3856 992 3926 τῷ
1028 3856 1140 3927 ἰδίῳ
1178 3856 1437 3927 θελήματι
1475 3857 1686 3927 ἑκάστῳ

125 3953 431 4021 χαρίζεται,
459 3952 557 4020 τὴν
588 3951 645 4003 δὲ
674 3950 843 4019 ὀργὴν
886 3950 1044 4011 αὐτὸς
1088 3950 1316 4011 ἕκαστος
1363 3948 1538 4019 ἑαυτῷ
1586 3949 1682 4019 θη-

128 4041 369 4113 σαυρίζει
400 4041 510 4111 (55)
545 4042 640 4094 Ἐν
682 4040 872 4110 ἡμέρᾳ
908 4039 1087 4109 ὀργῆς
1127 4040 1224 4093 καὶ
1251 4041 1687 4109 ἀποκαλύψεως

126 4134 224 4188 καὶ
250 4133 677 4202 δικαιοκρισίας
716 4132 820 4186 τοῦ
863 4132 1028 4186 Θεοῦ.
1056 4131 1289 4203 Σύνηθες
1318 4132 1374 4184 δὲ
1400 4135 1465 4203 τῇ
1497 4134 1683 4206 Γραφῇ

127 4226 452 4295 προτάσσειν
496 4225 566 4279 τὰ
609 4224 905 4298 σκυθρωπὰ
946 4225 1053 4279 τῶν
1105 4225 1513 4297 χρηστοτέρων·
1553 4227 1683 4280 διότι

126 4314 289 4384 ἡδίων
317 4316 462 4368 ἐστὶν
500 4317 531 4386 ἠ
565 4316 879 4378 ἀπόλαυσις,
922 4315 1492 4387 προκαθηγησαμένων
1520 4316 1686 4385 αὐτῆς

124 4406 234 4461 τῶν
267 4407 599 4461 λυπούντων.
656 4406 802 4475 Ἐγὼ
850 4407 960 4475 γὰρ
1003 4404 1339 4465 ἀποκτενῶ,
1392 4406 1550 4475 φησὶ,
1587 4407 1685 4460 καὶ

1791 1950 1964 1996 tamen
2026 1940 2312 2009 plurimum
2370 1939 2640 1994 diﬁ'erant.
2703 1937 3000 2007 Indignatio
3059 1939 3202 1992 enim
3268 1949 3352 1992 est

1783 2032 2039 2101 judicium
2089 2032 2153 2087 de
2197 2031 2493 2101 inlligendis
2541 2030 2767 2084 merenti
2818 2030 2981 2084 certis
3023 2032 3348 2099 quibusdam

1791 2125 2032 2179 tristibus
2067 2143 2079 2179 :
2110 2125 2189 2179 ira
2240 2138 2364 2178 vero
2418 2124 2568 2177 labor
2620 2132 2673 2177 et
2729 2122 3070 2191 supplicium,
3118 2123 3258 2192 quod
3318 2139 3347 2175 a

1783 2215 1927 2284 justo
1967 2214 2147 2283 judice
2186 2230 2283 2284 pro
2328 2214 2602 2283 injustitiae
2649 2229 2899 2268 mensura
2945 2214 3055 2281 jam
3099 2213 3344 2269 infertur.

1787 2304 1937 2371 Quod
1990 2316 2168 2359 autem
2225 2305 2381 2368 dico,
2437 2304 2490 2358 id
2545 2305 2790 2373 exemplo
2849 2306 3185 2360 manifestius
3234 2308 3345 2360 ﬁet.

1788 2394 2023 2450 Medicus
2071 2395 2118 2449 si
2161 2409 2320 2465 quant
2356 2404 2562 2464 partem
2611 2394 3031 2451 inﬂammatione
3074 2396 3347 2461 affectam,

1787 2496 1842 2541 et
1886 2486 2037 2541 sanie
2082 2487 2288 2541 occulta
2326 2485 2578 2541 refertam
2612 2488 2999 2553 observaverit,
3030 2489 3347 2545 incisionem

1782 2577 1990 2646 judicat
2013 2592 2131 2632 esse
2161 2578 2442 2648 aegrotanti
2475 2579 2855 2634 necessariam.
2900 2579 3031 2635 Illud
3072 2582 3347 2651 Scriptura

1789 2668 2206 2737 indignationem
2248 2676 2423 2722 vocat.
2460 2668 2564 2723 Sed
2602 2679 2723 2739 post
2774 2671 3036 2737 prolatam
3072 2687 3100 2725 a
3137 2674 3350 2729 medico

1786 2760 1852 2813 de
1884 2757 2155 2813 atterendo
2197 2757 2435 2812 remedio
2479 2760 2819 2825 sententiam,
2850 2762 2991 2815 actio
3024 2762 3238 2815 tandem
3270 2778 3351 2817 se-

1787 2853 1989 2922 quitur,
2023 2866 2127 2919 qua
2164 2851 2305 2920 quod
2344 2849 2620 2905 decretum
2656 2860 2736 2906 est
2772 2851 3066 2921 perﬁcitur,
3116 2852 3350 2907 ferrum-

1788 2960 1912 3014 qne,
1940 2946 2081 3014 quod
2122 2944 2331 3009 incidit,
2361 2953 2415 2998 et
2442 2944 2677 2999 dolorem
2726 2947 2866 3015 parit
2904 2947 3219 3003 ineisionem
3254 2965 3351 3019 pa-

1790 3037 1961 3101 tienti,
2002 3036 2305 3092 adhibetur.
2354 3036 2484 3090 Illud
2523 3037 2600 3091 ira
2639 3037 2729 3091 Dei
2760 3037 3079 3107 appellatum
3113 3052 3213 3095 est.
3249 3040 3349 3094 Ve-

1713 3152 1754 3209 α
1788 3128 1906 3182 nias
1934 3142 2061 3197 ergo
2088 3128 2154 3181 ad
2183 3128 2531 3197 propositum,
2566 3138 2620 3182 et
2659 3128 2817 3199 hujus
2843 3130 3123 3185 sententiae
3155 3146 3349 3186 cense--

1790 3217 2061 3285 quentiam
2116 3216 2373 3271 invenies.
2429 3215 2689 3281 Quoniam
2745 3220 2825 3272 ira
2874 3221 2926 3272 in
2990 3222 3351 3292 indignatione

1790 3308 1924 3377 ejus.
1963 3308 2149 3372 Poena,
2180 3309 2471 3363 secundum
2519 3308 2721 3374 justum
2754 3309 2845 3364 Dei
2891 3311 3191 3379 judicium:
3230 3311 3350 3367 Vita

1794 3408 1919 3447 vero
1947 3393 2002 3445 in
2031 3392 2295 3447 voluntate
2326 3393 2457 3461 ejus.
2500 3394 2636 3460 Quid
2670 3410 2798 3466 ergo
2822 3396 2986 3451 dicit?
3018 3398 3168 3464 Quod
3204 3400 3350 3454 Deus

1792 3482 1922 3549 vult,
1952 3488 2050 3537 hoc
2090 3499 2229 3548 esse,
2259 3495 2316 3538 ut
2349 3488 2471 3540 vita:
2508 3488 2622 3556 ejus
2664 3489 2774 3542 sint
2816 3492 3108 3560 participes
3137 3508 3346 3549 omnes.

1790 3572 1924 3625 Mala
1975 3581 2148 3626 autem
2199 3589 2303 3628 non
2351 3574 2468 3644 ejus
2518 3578 2792 3633 voluntate
2841 3581 2995 3645 ﬁunt,
3032 3585 3126 3638 sed
3155 3586 3352 3638 merito

1791 3678 1974 3719 eorum
1996 3665 2086 3735 qui
2148 3678 2503 3734 peccaverunt
2563 3670 2883 3727 inferuntur.
2946 3674 3122 3728 Vitam
3186 3676 3351 3745 igitur

1791 3756 1985 3825 cuique
2024 3755 2159 3811 Deus
2209 3759 2424 3826 propria
2470 3759 2745 3816 voluntate
2792 3763 2976 3817 tribuit
3008 3781 3021 3816 :
3055 3763 3188 3816 iram
3222 3780 3351 3819 vero

1792 3849 1890 3902 sibi
1928 3850 2152 3916 quisque
2192 3853 2431 3919 congerit
2457 3851 2525 3904 In
2557 3854 2641 3906 die
2680 3856 2797 3919 ine,
2829 3866 2875 3908 et
2914 3856 3267 3922 reuelationis,
3298 3868 3350 3913 et

1783 3939 1915 4009 justi
1955 3938 2146 4009 judicii
2180 3938 2275 3993 Dei
2307 3940 2373 3995 ³⁸.
2422 3940 2619 3997 Tristia
2654 3953 2834 3999 autem
2889 3957 3013 4001 ante
3062 3964 3149 4003 res
3203 3949 3352 4005 laetas

1791 4033 2049 4089 collocare
2076 4033 2213 4089 solet
2243 4032 2543 4105 Scriptura,
2576 4048 2859 4107 propterea
2892 4041 3033 4108 quod
3066 4042 3349 4097 delectatio

1786 4124 2069 4193 jucundior
2104 4135 2219 4191 est,
2264 4136 2409 4191 tum,
2450 4142 2569 4181 cum
2611 4144 2730 4197 quae
2769 4143 3052 4184 mterorem
3096 4130 3347 4199 aderunt,

1793 4216 1961 4284 ipsam
2015 4225 2422 4284 praecesserunt.
2472 4216 2582 4286 Ego
2637 4218 2805 4283 enim,
2846 4220 3036 4291 inquit,
3092 4225 3347 4291 occidam,

1790 4316 1837 4360 et
1872 4309 2035 4361 vivere
2066 4308 2256 4375 faciam
2292 4307 2358 4360 ³⁸.
2394 4306 2718 4365 Beneﬁcium
2755 4326 2911 4379 ptena
2949 4323 3031 4367 est
3063 4316 3346 4383 posterius.

1790 4396 2113 4462 Percutiam,
2144 4406 2193 4451 et
2234 4414 2326 4469 ego
2358 4400 2553 4455 sanabo
2582 4401 2645 4453 ”.
2678 4401 2792 4470 Ipse
2824 4403 2967 4456 enim
3007 4403 3161 4459 alfért
3200 4408 3350 4461 dolo-

126 4496 232 4566 ζῇν
284 4495 532 4561 ποιήσω.
586 4496 823 4566 Δευτέρα
868 4498 900 4565 ἡ
953 4495 1237 4566 εὐεργεσία
1296 4494 1431 4564 μετά
1475 4497 1571 4567 τὴν
1605 4500 1684 4554 κό-

1797 4506 1932 4555 rem,
1963 4499 2015 4544 et
2066 4504 2253 4546 rursus
2299 4501 2507 4547 recreat
2546 4510 2559 4547 :
2596 4495 2877 4562 percussit,
2907 4503 2960 4548 et
3002 4511 3195 4553 manus
3235 4498 3349 4567 ejus

125 4588 298 4640 λασιν.
324 4584 590 4653 Πατάξω,
631 4584 791 4655 κάγὼ
848 4584 1106 4654 ἰάσομαι.
1148 4585 1318 4648 Αὐτὸς
1364 4586 1472 4656 γὰρ
1503 4588 1688 4658 ἀλγεῖν

126 4679 304 4740 ποιεῖ,
350 4676 444 4729 καὶ
495 4677 657 4731 πάλιν
705 4676 1159 4748 ἀποκαθίστησιν·
1210 4678 1429 4743 ἔπαισε,
1482 4681 1576 4733 καὶ
1631 4685 1687 4736 αἱ

125 4772 305 4840 χεῖρες
346 4766 509 4822 αὐτοῦ
555 4769 791 4823 ίάσαντο.
844 4768 1219 4841 Προλαμὸἁνει
1264 4771 1331 4824 τά
1384 4772 1685 4837 κακοῦντα,

126 4862 212 4914 ἴνα
247 4860 609 4933 μονιμώτεραι
646 4861 774 4930 ἡμῖν
805 4863 862 4914 αἱ
896 4862 1112 4932 χάριτες
1137 4861 1416 4929 γένωνται,
1449 4864 1687 4934 σφοδρῶς

126 4942 574 5023 ἀντιποιηθέντων
624 4952 779 5025 ἡμῶν
813 4952 913 5022 τῆς
963 4952 1206 5022 φυλακῆς
1255 4952 1360 5005 τῶν
1405 4953 1683 5010 δοθέντων.

130 5043 200 5097 Τὸ
226 5043 490 5111 ἑσπέρας
526 5042 963 5112 αὐλισθήσεται
997 5042 1325 5113 κλαυθμὸς,
1372 5045 1468 5098 καὶ
1503 5048 1588 5111 εἱς
1620 5046 1686 5098 τὸ

1796 4594 2140 4640 sanaverunt.
2173 4587 2504 4643 Antecedunt
2539 4588 2698 4654 mala,
2732 4605 2835 4658 quo
2872 4590 3032 4663 128
3070 4592 3220 4647 nobis
3256 4594 3348 4647 bc-

1795 4678 1985 4733 neﬁcia
2034 4680 2306 4735 stabiliora
2352 4681 2483 4735 ﬁant
2535 4693 2692 4751 atque
2743 4683 2999 4751 ﬁrmiora,
3034 4687 3226 4755 quippe
3257 4689 3348 4755 qui

1794 4778 1923 4823 tunc
1980 4783 2300 4839 magnopere
2348 4772 2469 4825 data
2519 4774 2899 4828 custodiamus.
2952 4777 3031 4827 Ad
3088 4793 3349 4842 vesperum

1794 4858 2150 4911 demorabitur
2188 4861 2359 4926 ﬂetus,
2391 4871 2437 4913 et
2470 4863 2537 4915 ad
2578 4865 2891 4917 matutinum
2934 4866 3139 4922 la’titia.
3170 4867 3351 4923 Remi-

1796 4951 2003 5003 niscere
2053 4951 2303 5019 temporis
2356 4954 2624 5023 passionis
2674 4954 2907 5021 D0mini,
2959 4966 3015 5010 et
3065 4961 3349 5015 verborum

1794 5046 2033 5103 invenies
2065 5048 2490 5119 intelligentiam.
2518 5052 2596 5106 Ad
2629 5069 2903 5122 vesperam
2938 5056 3079 5110 enim
3109 5058 3352 5112 demora-

125 5136 268 5201 πρωὶ
300 5136 679 5206 ἀγαλλίασις.
698 5136 978 5208 Μνήσθητι
1006 5136 1099 5187 τοῦ
1127 5134 1315 5207 καιροῦ
1346 5134 1436 5187 τοῦ
1469 5137 1608 5189 κατὰ
1634 5137 1684 5189 τὲ

1803 5147 1885 5192 tus
1915 5149 1996 5194 est
2027 5139 2183 5197 ﬂetus
2230 5145 2280 5196 in
2326 5142 2534 5200 Domini
2568 5145 2864 5216 discipulis,
2896 5163 3014 5202 cum
3055 5165 3174 5204 eum
3206 5151 3353 5204 vide-

190 5224 235 5256 ⁸⁸
259 5224 414 5283 Rom.
442 5244 500 5293 η,
534 5227 586 5283 5.
660 5228 875 5283 "Deut.
906 5243 1076 5293 xxxn,
1111 5228 1200 5282 59.
1273 5226 1316 5257 ³¹
1347 5228 1475 5281 ibid.

213 5318 513 5393 5|)__Editio
544 5320 715 5377 Paris.
756 5320 1092 5393 μολύνεσθαι.
1122 5324 1187 5393 At
1209 5336 1341 5376 mss.
1374 5323 1674 5393 ὲμμολύνε-

124 5388 435 5462 σθαιρριοιι
467 5400 575 5445 tres
605 5408 731 5447 mss.
756 5388 1243 5462 ἓξομολογήσαοθε.
1278 5388 1478 5447 Ibidem
1519 5396 1670 5449 Colb.

124 5460 386 5532 secundus
415 5460 993 5532 Opiv_1tertpayjtévwv.

192 5531 302 5601 (52)
328 5528 483 5601 Deest
516 5528 654 5585 εἶναι
678 5528 726 5584 in
758 5528 1022 5601 aliquibus
1054 5546 1161 5584 mss

191 5600 303 5671 (55)
329 5598 429 5654 Ubi
451 5614 701 5671 corrupte
730 5598 921 5669 legitur
956 5605 1006 5656 in
1026 5601 1260 5655 editione
1284 5613 1465 5656 nostra
1504 5602 1674 5658 Paris.

135 5668 260 5721 Ἀπὸ
286 5668 740 5746 παραδείγματος
784 5668 841 5746 δὲ
886 5673 913 5725 ὁ
935 5672 1280 5746 σαφέστερον
1309 5674 1336 5724 ὃ
1357 5674 1497 5742 λέγω
1518 5678 1677 5746 γενή-

125 5756 290 5810 σεται,
324 5743 581 5808 scriptum
620 5743 885 5798 invenitur
933 5744 984 5795 in
1042 5745 1312 5810 aliquibus
1354 5759 1480 5797 mss.
1542 5743 1672 5797 Ἀπὸ

124 5808 561 5878 παραδείγματος
601 5811 654 5861 δὲ
691 5812 1011 5880 σαφέστερον
1038 5814 1085 5874 ὅ,
1125 5808 1247 5873 étc.,
1288 5812 1338 5864 in
1392 5812 1523 5881 Reg.
1552 5831 1675 5870 vero

1782 5325 1939 5405 tertio
1983 5325 2113 5379 Ἀπὸ
2134 5328 2573 5405 παραδείγματος
2597 5332 2650 5405 δὲ
2683 5331 2710 5383 ὃ
2736 5329 2877 5399 λεγω
2908 5336 3233 5405 σαφέστερον
3258 5352 3351 5404 γε·

1781 5397 2043 5464 νήσεται·
2096 5412 2159 5450 ex
2190 5397 2295 5466 quo
2336 5397 2484 5452 vario
2535 5397 2816 5455 verborum
2865 5397 3051 5459 ordine
3104 5397 3345 5461 errorem

1786 5467 2133 5536 typograpltis
2160 5469 2426 5535 objeetnm
2454 5488 2572 5523 esse.
2600 5470 2959 5536 su~picamur.

1854 5535 1964 5610 (54)
1995 5535 2127 5610 Reg.
2157 5539 2424 5593 secundus
2456 5544 2532 5605 είς
2559 5541 2614 5593 ἓν
2632 5535 2810 5610 ἔργον.
2841 5546 2964 5599 Mox
2983 5545 3145 5600 editio
3172 5546 3341 5601 Paris.

1782 5605 1809 5657 6
1831 5606 2061 5686 τέμνων.
2085 5605 2249 5661 Deest
2280 5612 2538 5686 articulus
2572 5605 2783 5686 injuss.

1857 5677 1971 5761 (55)
2004 5678 2193 5733 Nostra
2227 5681 2389 5737 editio
2422 5681 2593 5738 Paris.
2627 5680 2998 5756 θησαυρίζειν.
3021 5690 3086 5743 At
3111 5707 3235 5745 mss.
3259 5691 3348 5761 οη-

1781 5750 2042 5814 σαυρίζει.
