4098 6324
195 341 307 393 517

1315 344 1597 398 ΙΙΟΜΙΜᾹ
1638 344 1701 396 ΙΝ
1748 344 2074 398 PSALMUM
2118 346 2309 399 XXIX.

3316 352 3421 411 SlS

191 457 418 529 ἀρετάς,
457 458 918 521 ἐπακολουθούσας
948 461 1067 520 ταῖς
1100 460 1161 511 ἐκ
1194 459 1579 529 θεωρημάτων.
1611 462 1742 512 Κατξ

1870 475 2007 522 mur,
2044 476 2163 529 qua:
2224 460 2556 514 formidanda
2603 475 2744 528 sunt,
2784 475 2874 520 aut
2920 482 3022 518 non
3067 469 3418 520 formidanda.

191 549 308 619 γάρ
358 549 453 617 τὴν
485 549 822 621 συμμετρίαν
875 553 967 603 καὶ
1002 550 1262 621 ἁρμονίαν
1309 551 1414 604 τῶν
1446 551 1542 618 τῆς
1585 549 1760 619 ψυχῆς

193 639 588 709 θεωρημάτων,
621 642 746 695 ἔνιοι
783 643 886 695 τῶν
921 644 1096 712 σοφῶν
1137 645 1416 712 νενοήκασι
1445 643 1505 695 τὸ
1535 643 1753 706 κάλλος·

191 730 340 782 κατὰ
388 731 443 783 δὲ
497 734 556 785 τὸ
609 733 1017 786 ἀποτελεστικὸν
1050 735 1156 786 τῶν
1210 733 1653 803 ὑποϐαλλομένων
1699 735 1760 786 ἐκ

188 819 308 870 τῶν
338 820 681 894 θεωρητικῶν
715 823 942 892 ἀρετῶν,
972 826 1067 895 τὴν
1106 825 1255 893 ἰσχὺν
1285 829 1588 895 νενοήκασι.
1615 825 1758 894 Πλὴν

192 910 284 963 ἵνα
333 916 424 967 καὶ
457 914 646 975 κάλλος
697 916 1013 986 ἐπιγένηται
1046 918 1109 985 τῇ
1161 916 1339 988 ψυχῇ,
1389 918 1480 969 καὶ
1535 915 1757 986 δύναμις

185 1005 305 1055 τῶν
338 1006 561 1057 δεόντων
595 1006 996 1077 ὲπιτελεστικὴ,
1045 1005 1190 1070 θείας
1225 1011 1300 1072 εἰς
1341 1008 1497 1060 τοῦτο
1541 1010 1756 1079 χάριτος

186 1096 491 1168 χρῄζομεν.
527 1099 610 1162 Ὠς
641 1101 818 1152 τοίνυν
851 1101 960 1154 ἅνω
991 1098 1227 1170 εἴρηκεν,
1261 1105 1387 1154 ’Ὁτι
1424 1100 1533 1168 ζωὴ
1580 1103 1647 1153 ἐν
1679 1101 1757 1166 τῷ

186 1187 480 1255 θελήματι
516 1190 725 1244 αὐτοῦ·
758 1189 898 1242 οὕτω
941 1189 1033 1243 νῦν
1082 1191 1203 1262 ὑῲοῖ
1235 1193 1324 1244 τὸν
1369 1193 1499 1245 Θεὸν
1541 1191 1627 1244 διὰ
1660 1193 1756 1261 τῆς

185 1280 539 1349 εὐχαριστίας
576 1282 744 1350 λέγων
782 1280 912 1350 (65),
951 1283 1032 1334 ὅτι
1075 1286 1168 1337 Ἐν
1199 1284 1277 1351 τῷ
1318 1285 1605 1355 θελήματί
1635 1301 1751 1338 σου

183 1370 498 1438 παρέσχου
528 1371 605 1435 τῷ
633 1370 841 1423 κάλλει
867 1390 984 1440 μου
1011 1373 1280 1443 δύναμιν.
1312 1375 1485 1438 Καλὸς
1515 1375 1611 1446 μὲν
1646 1374 1752 1444 γὰρ

182 1463 340 1532 ἥμην
392 1463 530 1515 κατὰ
570 1462 667 1528 τὴν
721 1462 898 1530 φύσιν,
946 1465 1173 1535 ἀσθενὴς
1224 1467 1278 1517 δὲ
1310 1465 1397 1518 διὰ
1446 1468 1504 1518 τὸ
1538 1467 1593 1532 ἐξ
1629 1469 1750 1520 ὲπι-

183 1552 392 1623 ϐουλῆς
447 1553 537 1605 τοῦ
590 1554 762 1620 ὄφεως
814 1554 1150 1624 νεκρωθῆναι
1202 1553 1277 1623 τῷ
1328 1556 1746 1625 παραπτώματι.

181 1644 280 1714 Τῷ
310 1643 402 1698 οὖν
430 1645 611 1698 κάλλει
653 1664 772 1716 μου,
801 1645 829 1698 ὃ
856 1646 1003 1717 παρὰ
1033 1646 1123 1698 σοῦ
1164 1646 1350 1698 ἔλαϐον
1384 1648 1447 1698 ὲκ
1486 1646 1583 1714 τῆς
1610 1646 1753 1717 πρώ-

178 1753 288 1806 της
324 1739 680 1808 κατασκευῆς,
726 1736 1062 1808 προσέθηκας
1097 1737 1318 1806 δύναμιν
1357 1736 1452 1804 τὴν
1479 1737 1584 1787 τῶν
1613 1735 1751 1787 δεόν-

1871 549 2066 604 Verum
2098 551 2245 604 aiunt
2276 552 2725 619 pulchritudinem
2761 571 2824 610 ac
2857 559 3019 611 robur
3049 560 3274 610 virtutes
3307 571 3426 622 spe-

1868 642 2151 697 culatrices
2170 658 2271 696 non
2287 658 2424 705 esse,
2441 659 2558 695 cum
2574 644 2682 697 sint
2703 647 3142 713 speculatricibus
3161 649 3424 714 posterio-

1869 749 1969 786 res.
1989 733 2118 788 Nam
2138 753 2200 791 ex
2224 737 2595 791 convenientia
2615 737 2677 789 ha
2688 739 3000 806 rmoniaque
3016 741 3173 811 129
3185 749 3424 795 contem-

1867 825 2159 891 plationum
2193 829 2404 890 animae,
2433 830 2698 897 sapientes
2725 830 2938 896 quidem
2971 833 3416 898 pulchritudinem

1868 916 2246 970 intellexerunt
2283 939 2292 970 :
2329 927 2384 971 at
2415 936 2541 975 vero
2565 936 2627 974 ex
2659 921 2706 973 vi
2739 920 3001 976 efﬁciente
3033 937 3217 976 eorum
3247 942 3362 993 qua:
3390 943 3415 976 a

1865 1006 2152 1060 virtutibus
2183 993 2625 1076 speculatricibus
2655 1021 3047 1079 preponuntur,
3082 1012 3241 1065 robur
3274 1028 3391 1065 com

1866 1100 2026 1152 menti
2061 1108 2205 1150 sunt.
2248 1096 2623 1153 Verumtamen
2665 1113 2719 1154 ut
2753 1113 2802 1156 et
2843 1103 3004 1156 decor
3044 1106 3233 1157 anima:
3269 1119 3394 1158 acce

1863 1191 1970 1255 dat,
2006 1200 2058 1244 et
2097 1191 2236 1245 adsit
2283 1193 2364 1245 vis
2405 1207 2589 1244 eorum
2637 1208 2752 1260 qua:
2799 1195 2952 1250 oflicii
2998 1207 3120 1249 sunt
3159 1196 3416 1258 effectrix,

1865 1283 2013 1336 nobis
2044 1285 2108 1336 ad
2141 1287 2242 1338 hoc
2272 1299 2407 1353 opus
2435 1295 2516 1338 est
2543 1286 2719 1338 divina
2749 1290 2942 1353 gratia.
2975 1288 3041 1343 lit
3072 1288 3236 1357 igitur
3265 1299 3415 1340 antea

1863 1374 2015 1435 dixit,
2066 1374 2325 1437 Quoniam
2372 1377 2479 1430 vita
2523 1377 2581 1428 in
2636 1377 2898 1430 voluntate
2951 1380 3061 1447 ejus
3109 1397 3126 1435 :
3164 1382 3242 1434 sic
3280 1397 3419 1433 nunc

1862 1464 2025 1518 Deum
2064 1466 2358 1532 gratiarum
2392 1468 2603 1522 actione
2632 1468 2836 1522 exaltat
2872 1469 3053 1523 dicens
3083 1485 3095 1522 :
3131 1471 3194 1523 In
3233 1472 3416 1524 volun-

1859 1562 1966 1605 tate
2018 1561 2110 1604 tua
2159 1555 2445 1619 praestitisti
2483 1559 2662 1611 decori
2713 1573 2822 1610 meo
2878 1561 3136 1611 virtutem.
3193 1558 3416 1613 Pulcher

1858 1646 2069 1710 quidem
2120 1658 2265 1697 eram
2312 1649 2598 1698 secundum
2649 1657 2930 1710 naturam;
2969 1652 3061 1703 sed
3113 1649 3411 1718 languidus,

1861 1745 2138 1804 propterea
2176 1737 2316 1804 quod
2362 1753 2424 1790 ex
2470 1742 2731 1806 serpentis
2774 1740 2981 1794 insidiis
3021 1751 3237 1807 peccato
3272 1759 3413 1794 tuor.

179 1845 299 1881 των
331 1832 636 1900 πρακτικήν
688 1832 815 1899 (66).
865 1831 1016 1901 Καλὴ
1071 1831 1166 1900 μὲν
1208 1826 1298 1883 οὖν
1343 1831 1488 1882 πᾶσα
1531 1829 1674 1900 ψυχὴ
1721 1832 1742 1881 ’ί

1861 1837 1979 1880 tuus
2010 1843 2176 1884 eram.
2210 1827 2597 1884 Pulchritudini
2645 1850 2771 1902 ergo
2807 1850 2954 1896 mete,
2987 1848 3144 1901 quam
3179 1850 3242 1888 ex
3278 1845 3329 1888 te
3361 1838 3409 1888 in

179 1919 244 1968 ὲν
292 1917 599 1988 συμμετρία
647 1918 751 1970 τῶν
787 1919 998 1970 οἰκείων
1058 1919 1334 1987 δυνάμεων
1369 1918 1746 1989 θεωρουμένη·

177 2007 381 2069 κάλλος
434 2008 488 2059 δὲ
534 2006 802 2074 ἀληθινὸν,
851 2007 941 2058 καὶ
995 2005 1420 2077 ἐρασμιώτατον,
1473 2009 1617 2077 μόνῳ
1675 2009 1752 2079 τῷ

173 2103 274 2154 τὸν
316 2101 438 2154 νοῦν
475 2101 863 2172 κεκαθαρμένῳ
897 2100 1186 2172 θεωρητόν,
1219 2102 1279 2153 τὸ
1306 2102 1434 2172 περὶ
1470 2101 1566 2171 τὴν
1604 2102 1751 2154 θείαν

172 2195 274 2245 καὶ
325 2193 594 2263 μακαρίαν
633 2192 809 2262 φύσιν.
850 2188 923 2247 Οἵ)
956 2197 983 2246 ὁ
1021 2193 1330 2255 ἐνατενίσας
1370 2195 1486 2256 ταῖς
1535 2211 1752 2264 μαρμα-

176 2286 380 2353 ρυγαῖς
411 2285 501 2336 καὶ
537 2285 654 2345 ταῖς
685 2282 887 2351 χάρισι,
925 2281 1323 2352 μεταλαμϐάνει
1351 2300 1399 2334 τι
1432 2284 1524 2334 ἀπ’
1560 2281 1746 2344 αὐτοῦ,

172 2370 372 2442 ὥσπερ
411 2373 517 2423 ἀπό
561 2389 702 2434 τινος
747 2371 954 2440 βαφῆς,
992 2371 1182 2440 αἴγλην
1227 2373 1348 2423 τινὰ
1393 2372 1630 2442 ἀνθηρὰν
1670 2373 1748 2434 εἰς

172 2463 280 2532 τὴν
325 2463 526 2515 οἰκείαν
567 2464 686 2533 ὄψιν
730 2462 1230 2534 ἀναχρωννύμενος.
1255 2462 1413 2514 Ὅθεν
1447 2465 1538 2514 xai.
1587 2465 1749 2514 Μωῦ-

175 2555 315 2622 σῆς,
483 2554 859 2624 μετειληφέναι
904 2554 994 2605 τοῦ
1045 2553 1271 2616 κάλλους
1319 2553 1523 2605 ἐκείνου
1575 2555 1629 2604 ἐν
1672 2552 1748 2622 τῷ

170 2648 390 2717 ὁμιλεῖν
433 2648 567 2719 Θεῷ,
597 2647 850 2719 ἐδοξάσθη
897 2648 956 2701 τὸ
1007 2648 1310 2719 πρόσωπον.
1352 2649 1407 2698 Ὀ
1440 2644 1529 2699 οὖν
1571 2647 1749 2699 αἰσθό-

176 2754 345 2805 μενος
385 2737 480 2807 τῆς
513 2737 701 2790 ἑαυτοῦ
737 2737 954 2808 ἀρετῆς,
996 2737 1093 2805 τὴν
1120 2735 1501 2806 εὐχαριστικην
1547 2734 1746 2804 ταύτην

171 2828 372 2896 ἀφίησι
409 2832 616 2898 φωνην·
657 2830 847 2895 Κύριε,
876 2829 945 2880 ἐν
1002 2826 1079 2891 τῷ
1109 2826 1394 2896 θελήμτιτί
1435 2844 1549 2880 σου
1597 2843 1744 2893 παρ-

173 2919 374 2986 έσχου
417 2917 493 2982 τῷ
535 2919 743 2972 κάλλει
784 2937 902 2988 μου
955 2918 1225 2986 δύναμιν.
1275 2921 1478 2988 Ὥσπερ
1527 2919 1581 2969 δὲ
1629 2921 1743 2979 ταῖς

171 3009 534 3079 Θεοιρητικαῖς
594 3011 810 3080 ἀρεταῖς
851 3008 1146 3079 ἀθεώρητοι
1203 3008 1570 3071 ἀκολουθοῦσι,
1600 3007 1659 3059 τό
1686 3024 1743 3060 τε

171 3103 376 3166 κάλλος
429 3105 518 3157 καὶ
571 3106 602 3174 ἡ
648 3104 902 3174 δύναμις,
969 3104 1137 3166 οὕτως
1189 3102 1294 3154 εἰσί
1347 3120 1487 3165 τινες
1548 3102 1736 3155 κακίαι

168 3184 497 3262 ἀθεώρητοι,
529 3193 562 3262 ἦ
593 3210 649 3244 τε
696 3193 983 3262 αἰσχρότης
1023 3195 1171 3263 καὶὴ
1205 3191 1472 3244 ἀσθέν;ια.
1523 3191 1585 3244 Τί
1632 3193 1739 3264 γὰρ

169 3285 482 3354 ἀωρότερον
526 3286 617 3338 καὶ
646 3285 1040 3355 είδεχθέστερον
1081 3285 1255 3355 ψυχῆς
1287 3284 1600 3354 ὲμπαθοῦς;
1634 3285 1738 3336 Ἴδε

173 3393 269 3444 μοι
318 3377 407 3429 τὸν
457 3376 810 3447 θυμούμενον,
855 3378 945 3430 καὶ
976 3378 1071 3447 τὴν
1120 3379 1176 3431 ὲν
1222 3376 1368 3447 αὐτῷ
1421 3377 1734 3448 ἀγριότητα.

168 3467 379 3518 Θέασαι
415 3469 502 3519 τὸν
552 3469 901 3538 λυπούμενον,
950 3470 1041 3521 καὶ
1083 3469 1139 3520 τὸ
1187 3471 1244 3521 ἐν
1290 3468 1436 3538 αὑτῷ
1484 3470 1736 3522 ταπεινὸν

170 3558 270 3609 καὶ
331 3560 720 3628 συμπεπτωκὸς
779 3561 874 3628 τῆς
922 3560 1116 3630 ψυχῆς.
1146 3560 1246 3611 Τὸν
1291 3561 1346 3612 δὲ
1390 3561 1660 3628 λαγνείαις
1705 3561 1735 3631 ἦ

170 3651 638 3720 γαστριμαργίαις
667 3651 1115 3712 ὑποπεπτωκότα,
1161 3649 1192 3720 ἢ
1238 3650 1420 3717 φόϐοις
1469 3651 1737 3720 ἐπτοημέ-

171 3756 286 3802 νον,
319 3740 399 3802 τίς
427 3741 489 3792 ἂν
517 3741 608 3793 καὶ
640 3740 969 3810 προσϐλέψαι
1015 3739 1324 3809 ἀνάσχοιτο;
1357 3740 1734 3809 διαϐαινούσης

173 3830 340 3900 μέχρι
377 3830 479 3882 τῶν
531 3831 777 3902 περάτων
811 3831 901 3882 τοῦ
951 3830 1193 3899 σώματος
1240 3831 1335 3899 τῆς
1380 3830 1519 3883 κατὰ
1561 3830 1734 3901 ψυχὴν

168 3921 489 3985 διαθέσεως’
522 3922 706 3992 ὧσπερ
739 3917 829 3973 οὖν
863 3922 954 3973 καὶ
990 3921 1054 3972 τὰ
1084 3920 1191 3989 (67)
1225 3921 1340 3991 ἴχνη
1383 3920 1472 3972 τοῦ
1509 3922 1736 3985 κάλλους

167 4012 274 4080 τῆς
304 4013 477 4082 ψυχῆς
501 4015 556 4064 ὲν
597 4016 658 4082 τῇ
695 4012 1021 4065 καταστάσει
1057 4010 1147 4063 τοῦ
1184 4011 1336 4078 ἁγίου
1380 4011 1732 4080 διαφαίνεται.

169 4105 502 4173 Προνοητέον
533 4106 708 4157 τοίνυν
738 4104 828 4156 τοῦ
865 4105 1091 4167 κάλλους
1120 4107 1268 4174 ἡμῖν,
1295 4105 1380 4156 ἵνα
1411 4106 1504 4157 καὶ
1542 4107 1568 4157 ὁ
1599 4123 1735 4173 νυμ-

171 4194 298 4260 φίος
327 4195 494 4261 Λόγος
525 4195 916 4264 ἀποδεξάμενος
950 4197 1092 4265 ἡμᾶς
1123 4196 1250 4266 εἴπῃ
1269 4212 1280 4224 ·
1309 4196 1456 4261 Ὂλη
1496 4197 1651 4263 καλὴ
1693 4195 1746 4261 νγ

168 4288 440 4352 πλησίον
466 4305 606 4355 μου,
637 4287 734 4339 καὶ
765 4284 964 4355 μῶμος
985 4289 1095 4340 οὐκ
1122 4286 1292 4338 ἔστιν
1314 4287 1382 4338 ἐν
1407 4287 1526 4339 σοι.

1855 1918 2023 1986 prima
2073 1924 2346 1976 creatione
2387 1926 2588 1992 accepi,
2623 1927 2870 1979 addidisti
2905 1927 3176 1988 virtutem,
3224 1941 3409 1980 eorum

1854 2026 1972 2078 qum
2003 2014 2067 2067 ad
2100 2014 2328 2070 cilicium
2351 2017 2616 2086 pertinent
2641 2016 2975 2072 ellicieutem.
2999 2019 3224 2073 Pulchra
3251 2022 3413 2089 igitur

1853 2112 1934 2154 est
1960 2103 2138 2156 anima
2166 2108 2362 2171 omnis,
2393 2125 2512 2178 qua:
2541 2109 2591 2162 in
2619 2111 2952 2179 propriarum
2977 2113 3235 2166 virtutum
3264 2130 3410 2185 sym-

1856 2195 2046 2247 metria
2097 2200 2450 2266 conspicitur.
2491 2201 2838 2257 Pulchritndo
2877 2214 3053 2259 autem
3087 2221 3232 2268 vera,
3264 2222 3412 2258 ama-

1853 2287 2252 2358 bilissimaque,
2305 2306 2464 2359 quam
2529 2294 2572 2346 is
2623 2295 2768 2348 solus
2811 2298 2899 2363 qui
2943 2315 3128 2366 puram
3176 2309 3409 2354 mentem

1851 2377 2010 2433 habet
2044 2381 2391 2450 contemplari
2422 2394 2616 2454 potest,
2645 2386 2784 2439 circa
2834 2387 3066 2442 divinam
3105 2407 3167 2445 ac
3199 2391 3406 2444 beatam

1851 2478 2100 2524 naturam
2148 2476 2415 2527 consistit.
2468 2474 2631 2544 Cujus
2683 2476 2914 2545 lulgores
2965 2490 3019 2532 et
3068 2481 3267 2548 gratias
3317 2483 3405 2549 qui

1851 2554 2055 2609 intente
2085 2565 2444 2628 conspexerit,
2485 2564 2550 2617 ab
2579 2581 2642 2618 ea
2681 2568 2823 2620 velut
2859 2567 2925 2620 ab
2966 2569 3141 2636 aliqua
3175 2571 3408 2624 tinctura

1849 2647 2093 2700 nonnihil
2128 2660 2423 2715 mutuatur,
2467 2653 2711 2707 floridum
2748 2658 3032 2723 quemdam
3072 2657 3406 2726 splendorem

1850 2737 1902 2789 in
1955 2741 2230 2809 propriam
2283 2743 2472 2798 faciem
2528 2745 2859 2815 imprimens.
2914 2746 3065 2801 Unde
3113 2759 3166 2801 et
3211 2749 3406 2819 Moysis

1848 2827 2013 2884 facies
2041 2833 2200 2886 simul
2237 2843 2398 2902 atque
2441 2852 2504 2889 ex
2549 2837 2799 2889 familiari
2831 2852 2950 2890 cum
2985 2837 3094 2891 Deo
3121 2855 3407 2905 congiessrt

1847 2923 2260 2987 pulchritudinis
2307 2928 2447 2980 illius
2498 2929 2766 2997 particeps
2802 2927 2920 2990 fuit,
2964 2929 3256 2982 clariﬁcata
3299 2941 3405 2985 est.

1848 3013 2078 3067 Proinde
2121 3016 2337 3069 virtutis
2372 3031 2480 3069 suae
2508 3018 2596 3084 qui
2630 3017 2877 3072 conscius
2910 3030 3011 3083 εει,
3053 3020 3189 3074 hanc
3223 3036 3405 3076 vocem

1844 3113 2021 3171 grates
2070 3105 2447 3172 rependentem
2499 3106 2697 3159 emittit
2729 3125 2740 3158 :
2773 3105 3012 3171 Domine,
3045 3110 3096 3161 in
3143 3111 3404 3164 voluntat:

1846 3204 1934 3247 tua
1962 3197 2252 3264 pra'stitisti
2292 3197 2465 3248 decori
2502 3212 2614 3249 meo
2642 3199 2898 3250 virtutem.
2943 3200 3400 3265 Quemadmodum

1845 3295 2025 3338 autem
2065 3301 2141 3339 ea:
2178 3288 2408 3339 virtutes
2439 3302 2556 3353 quae
2586 3288 2634 3339 in
2671 3287 3123 3356 contemplatione
3152 3289 3268 3343 sita:
3298 3306 3403 3344 non

1845 3390 1990 3441 sunt,
2024 3379 2251 3432 virtutes
2302 3378 2685 3447 speculatrices
2735 3390 3045 3447 sequuntur,
3082 3390 3204 3448 puta
3245 3383 3404 3436 decor

1845 3483 1899 3529 et
1942 3474 2107 3526 robur
2153 3489 2166 3523 :
2219 3470 2296 3524 sic
2345 3478 2471 3522 sunt
2512 3471 2753 3538 qua-dam
2798 3470 2925 3523 vitia
2969 3474 3400 3542 contemplatiOui

1845 3579 1950 3617 non
1983 3561 2247 3628 subjecta,
2275 3575 2465 3627 nempe
2491 3557 2704 3612 fteditas
2728 3569 2779 3612 et
2805 3559 3068 3616 debilitas.
3096 3562 3231 3627 Quid
3259 3564 3398 3616 enim

1844 3653 2178 3707 invenustins
2209 3667 2271 3704 ac
2311 3651 2606 3705 deformius
2635 3652 2808 3704 dedita
2863 3650 3140 3706 affectibus
3184 3655 3402 3708 anima?

1842 3741 1997 3804 Vide,
2028 3754 2230 3808 quaeso,
2259 3739 2471 3802 iratum,
2503 3749 2558 3793 et
2579 3755 2695 3792 eam
2725 3757 2882 3807 quam
2914 3758 3020 3809 prae
3047 3759 3103 3795 se
3136 3741 3238 3796 fert
3273 3743 3398 3796 feri-

1844 3841 2029 3886 tatem.
2093 3832 2323 3886 Tristem
2389 3849 2449 3885 ac
2507 3843 2758 3886 mmstum
2820 3835 3131 3897 considera,
3181 3835 3400 3904 ejusque

1842 3923 2218 3977 demissionem
2269 3933 2320 3976 et
2375 3922 2542 3974 animi
2597 3923 2949 3986 abiectionem
2996 3924 3226 3979 intuere.
3269 3926 3400 3992 Quis

1841 4029 1968 4069 vero
2005 4015 2211 4068 libidini
2243 4023 2334 4066 aut
2372 4013 2507 4081 gulae
2542 4014 2945 4080 inservientem,
2974 4028 3065 4070 aut
3104 4019 3399 4072 terroribus

1842 4117 2263 4168 consternatum,
2306 4106 2388 4159 vel
2423 4105 2664 4174 aspicere
2703 4108 2900 4175 queat?
2935 4123 3055 4161 cum
3090 4108 3203 4162 luec
3233 4111 3399 4162 animi

1842 4195 2052 4251 affectio
2079 4199 2144 4250 ad
2172 4205 2410 4250 extrema
2446 4213 2609 4266 usque
2637 4201 2876 4266 corporis
2907 4201 3183 4266 pervadat,
3212 4216 3398 4267 quem-

1843 4289 2127 4343 admodum
2163 4304 2192 4342 e
2230 4290 2501 4342 contrario
2534 4289 2754 4358 vestigia
2785 4292 2946 4343 etiam
2983 4291 3395 4358 pulchritudinis

169 4377 367 4429 animae
410 4377 460 4429 in
501 4378 602 4429 viri
650 4376 816 4430 sancti
864 4378 1048 4429 habitu
1102 4377 1458 4444 resplendent.
1508 4376 1874 4444 Comparanda
1938 4380 2118 4447 itaque
2189 4379 2343 4433 nobis
2402 4389 2479 4434 est
2537 4381 2720 4433 isthrec
2752 4381 3106 4450 pulchritudo,
3142 4393 3197 4436 ut
3232 4399 3392 4452 spon-

169 4484 265 4522 sas
319 4469 547 4522 Verbum
608 4470 911 4537 approbans
958 4483 1054 4521 nos
1103 4469 1245 4521 dicat
1286 4484 1298 4519 :
1331 4467 1456 4520 Tota
1495 4467 1729 4535 pulchra,
1770 4469 2004 4538 proxima
2028 4487 2166 4535 mea,
2189 4483 2235 4525 et
2258 4476 2464 4527 macula
2495 4491 2594 4527 non
2624 4484 2697 4526 est
2727 4475 2782 4527 in
2815 4485 2862 4526 te
2885 4474 2948 4526 ³⁸.

244 4560 297 4613 6.
350 4560 745 4630 Ἀπέστρεψας
776 4561 842 4614 δὲ
872 4561 933 4614 τὸ
974 4561 1296 4628 πρόσωπόν
1329 4575 1466 4624 σου,
1502 4561 1598 4613 καὶ
1623 4562 1738 4630 ἐγε-

1909 4562 1960 4616 6.
1999 4567 2245 4618 Avertisti
2301 4577 2472 4620 autem
2524 4567 2714 4635 [aciem
2780 4577 2944 4629 luant,
2982 4576 3028 4618 et
3066 4567 3235 4634 [actus
3281 4582 3393 4620 sum

167 4651 367 4720 νήθην
424 4655 869 4722 τεταραγμένος.
920 4655 1062 4716 Ἕως
1121 4653 1216 4723 μὲν
1271 4654 1394 4716 ὅτε,
1446 4654 1628 4724 φησὶν,
1674 4655 1729 4706 αἱ

167 4744 386 4808 ἀκτῖνες
422 4745 517 4816 τῆς
565 4747 864 4815 ἐπισκοπῆς
901 4763 992 4797 σου
1026 4745 1339 4814 ὲπέλαμπόν
1385 4763 1503 4814 μοι,
1545 4747 1600 4796 ὲν
1645 4747 1730 4797 εὖ-

244 4881 289 4912 ³⁸
311 4881 463 4934 Cant.
491 4897 562 4945 tv,
589 4884 638 4935 7.

247 5042 356 5112 (65)
417 5042 544 5110 Reg.
585 5044 847 5099 secundus
893 5045 948 5095 ὲν
997 5043 1072 5112 τῷ
1129 5042 1390 5112 θελήματί
1437 5058 1547 5095 σου·
1593 5041 1734 5095 οὕτω

169 5113 265 5168 νῦν
306 5113 427 5180 ὑψοϊ
455 5114 543 5164 τὸν
591 5115 719 5167 Θεὸν
769 5112 854 5166 διὰ
895 5115 994 5178 τῆς
1028 5114 1250 5185 χάριτος
1284 5115 1496 5185 λέγων.
1534 5114 1732 5165 Ibidem

171 5184 336 5237 editio
389 5192 565 5236 nostra
612 5185 780 5238 Paris.
836 5183 1140 5253 παράσχου.
1192 5183 1336 5237 Multi
1405 5201 1528 5238 mss.
1592 5201 1732 5252 παρ-

173 5255 329 5308 έσγου
340 5293 355 5308 .

392 5320 540 5388 Regii
577 5323 799 5391 primus,
834 5325 1099 5376 secundus
1124 5324 1425 5388 etquintus
1456 5339 1574 5375 cum
1611 5322 1732 5374 Col-

176 5393 396 5444 liertinis
441 5393 628 5462 quinto
660 5403 713 5445 et
766 5403 915 5446 sexto
965 5393 1188 5462 δύναμιν
1235 5392 1330 5462 τὴν
1372 5392 1477 5443 τῶν
1503 5393 1729 5445 δεόντων

174 5454 525 5532 παρεκτικῆν,
560 5454 674 5514 Vim
701 5480 760 5514 ea
804 5479 918 5531 qum
959 5454 1109 5530 (iﬁ‘icii
1142 5478 1256 5514 att-nl
1289 5454 1622 5528 'largi'cni'cm.
1663 5469 1730 5514 At

179 5545 285 5585 tres
317 5535 404 5584 alii
435 5548 563 5585 mss.
600 5533 746 5601 ltegii
784 5545 837 5585 et
871 5543 1067 5601 septem
1102 5533 1394 5584 Colberltni
1422 5549 1540 5584 Ctlni
1568 5533 1726 5585 editis

175 5615 222 5655 et
261 5617 380 5653 cum
418 5603 612 5655 Catena
639 5600 961 5654 Gorderiana
987 5600 1211 5668 δύναμιν
1238 5601 1331 5671 τὴν
1365 5602 1472 5653 τῶν
1503 5601 1724 5652 δεόντων

175 5672 498 5742 πρακτικήν,
547 5671 658 5723 Vim
692 5688 867 5724 eorum
914 5687 1029 5738 quia
1062 5672 1209 5739 oﬁicii
1242 5683 1359 5724 sunt
1391 5673 1714 5739 e/i'ectriirem.

170 5742 359 5810 Aptam
414 5743 629 5812 quidem
678 5755 732 5795 et
795 5743 1035 5796 idoneam
1087 5747 1402 5796 sententiam
1459 5759 1523 5797 ex
1569 5754 1716 5795 utra-

1838 4659 2197 4710 conturbatus.
2225 4657 2469 4722 Quamliu
2495 4658 2660 4719 enim,
2694 4657 2888 4724 inquit,
2915 4657 3264 4724 inspectionis
3293 4667 3393 4710 tua:

1839 4746 1973 4799 radii
2007 4748 2136 4800 mihi
2170 4747 2441 4811 aﬂ'ulsere,
2474 4749 2524 4800 in
2558 4758 2700 4801 statu
2737 4748 2890 4801 firmo
2921 4758 3080 4815 atque
3109 4748 3392 4814 tranquillo

1839 5057 1940 5109 que
1980 5041 2202 5094 lectione
2228 5041 2361 5094 efﬁci
2399 5056 2552 5108 posse
2587 5048 2793 5095 constat
2826 5060 2838 5095 :
2870 5043 2963 5096 sed
2996 5040 3121 5108 quin
3156 5055 3392 5108 πρακτι-

1837 5114 1940 5181 κήν
1972 5113 2068 5180 legi
2119 5121 2381 5179 oporteat,
2416 5111 2643 5181 dubitari
2700 5127 2800 5164 non
2853 5125 3009 5180 posse
3040 5109 3385 5181 arbitramur.

1838 5178 2044 5233 Etenim
2071 5183 2113 5233 si
2155 5178 2282 5233 nihil
2315 5181 2479 5245 aliud,
2515 5180 2626 5248 ipsa
2651 5190 2796 5234 certe
2822 5178 3083 5250 orationis
3113 5180 3385 5250 seriesita

1834 5251 2115 5318 legendum
2144 5265 2264 5303 esse
2311 5261 2490 5318 aperte
2520 5246 2770 5302 esteiidit.
2819 5251 2950 5304 Cum
2987 5248 3126 5300 enim
3161 5246 3388 5299 Basilius

1833 5321 1991 5388 paulo
2019 5333 2139 5372 ante
2171 5320 2463 5386 scripserit,
2496 5321 2588 5371 καὶ
2618 5319 2844 5390 δύναμις
2876 5318 2983 5370 τῶν
3010 5318 3232 5390 δεόντων
3269 5319 3382 5390 ἐπι-

1829 5390 2132 5457 τελεστική,
2164 5391 2341 5442 debuit
2377 5405 2523 5448 Sane,
2572 5390 2612 5441 si
2657 5387 2765 5442 sibi
2805 5400 3047 5444 constare
3079 5387 3260 5449 voluit,
3304 5388 3388 5439 hic

1831 5476 2138 5529 πρακτικην
2188 5459 2443 5529 scribere,
2487 5470 2541 5509 ut
2576 5473 2672 5510 vox
2711 5476 2811 5512 una
2847 5459 3021 5529 alteri,
3047 5458 3262 5508 omnino
3305 5472 3389 5529 re-

1817 5527 2103 5596 spondeat.
2141 5529 2269 5581 Nam
2324 5528 2383 5580 τὸ
2433 5529 2831 5582 ἐπιτελεστικόν
2878 5540 2930 5584 et
2979 5528 3038 5581 τὸ
3089 5527 3358 5598 πρακτικό

1828 5601 1983 5666 plane
2020 5601 2150 5670 idem
2186 5601 2362 5653 valere
2399 5616 2578 5661 nemo,
2614 5604 2821 5666 opinor,
2853 5601 3083 5670 negabit.

1899 5670 2008 5739 (67)
2042 5669 2129 5723 Sic
2179 5684 2301 5725 octo
2333 5685 2462 5723 mss.
2521 5673 2587 5724 At
2635 5673 2796 5727 editio
2846 5667 3016 5725 I‘ai'is.
3067 5669 3255 5738 ὥσπερ
3295 5667 3390 5723 καὶ

1874 5740 1884 5752 1

1824 5756 1910 5792 τα.
