4098 6324
676 309 782 365 319

1999 300 2056 354 3.
2101 295 2342 355 BASILII
2380 297 2595 356 MAGNI

3807 294 3916 347 Ξίῡ

677 425 786 479 νῖιὶ
809 443 824 491 ;
850 433 1132 494 postquam
1163 437 1290 478 vero
1326 423 1570 478 avertisti
1610 421 1800 478 faciem
1831 430 1993 484 tuam,
2023 430 2238 490 pertur-

2342 420 2524 473 σταθεῖ
2572 421 2898 474 καταστάσει
2945 421 3036 474 καὶ
3068 417 3324 491 ἀταράχῳ
3369 419 3590 488 διῆγον·
3625 416 3826 488 ἐπειδὴ
3857 418 3914 469 £1:

680 515 824 569 hatio
862 515 1055 570 anima:
1103 513 1466 583 tumultusque
1511 514 1943 582 deprehenditur.
1980 511 2237 566 Avertere

681 617 857 660 autem
881 605 1069 661 faciem
1094 622 1245 661 suam
1265 607 1458 662 dicitur
1479 605 1619 659 Deus
1642 615 1775 672 tum,
1795 619 1913 662 cum
1939 596 2236 659 amictionis

681 705 921 766 tempore
955 700 1343 754 tentatiouibus
1378 697 1656 766 expositos
1690 696 1962 766 relinquit,
1996 706 2054 749 ut
2085 694 2237 750 forti-

682 789 809 844 tudo
859 793 1116 847 certantis
1170 797 1546 861 cognoscatur.
1605 790 1832 846 Proinde
1885 789 1927 843 si
1979 803 2079 856 pax
2119 803 2237 858 quae

681 878 1015 936 intellectum
1073 896 1290 936 omnem
1339 893 1557 951 superat
1592 883 1634 916 "
1702 881 2010 938 cusmdierit
2076 884 2235 937 corda

683 980 908 1037 nostra,
993 972 1340 1041 cupiditatum
1412 974 1694 1029 tumultum
1764 972 2238 1044 coufusionemque

678 1062 852 1118 vitare
886 1078 1190 1133 possumus.
1233 1065 1362 1119 Cum
1406 1065 1569 1136 igitur
1606 1067 1696 1120 Dei
1733 1064 1986 1120 voluntati
2027 1069 2237 1122 aversio

683 1164 1009 1224 opponatur,
1062 1155 1443 1224 pulchritudini
1498 1173 1625 1215 vero
1681 1165 1735 1212 et
1779 1157 1960 1212 decori
2021 1159 2236 1212 virtuti-

680 1262 785 1316 que
825 1248 1187 1316 perturbatio;
1233 1250 1416 1320 utique
1469 1247 1799 1320 perturbatio
1846 1247 2007 1304 fuerit
2053 1250 2236 1304 defor-

682 1340 842 1394 mitas
884 1348 938 1395 et
993 1340 1281 1398 inﬁrmitas
1339 1345 1550 1406 animae.
1602 1357 1666 1395 ex
1715 1342 2033 1396 alienatione
2073 1359 2100 1395 a
2133 1343 2239 1398 Deo

681 1432 1024 1497 proveniens.
1059 1433 1349 1488 Precemur
1397 1435 1576 1503 itaque
1630 1448 1843 1504 semper
1877 1435 2030 1488 nobis
2071 1443 2126 1487 ut
2158 1435 2237 1487 af.

681 1522 885 1595 fulgeat
918 1526 1009 1579 Dei
1047 1524 1233 1587 facies,
1261 1534 1318 1578 ut
1349 1525 1400 1578 in
1429 1535 1613 1579 sancto
1671 1541 1735 1581 ac
1796 1525 2048 1596 religioso
2095 1535 2236 1583 statu

684 1619 874 1683 simus,
909 1627 963 1672 et
999 1619 1178 1684 mites,
1208 1629 1263 1675 et
1291 1619 1464 1676 modis
1496 1623 1746 1677 omnibus
1799 1621 2110 1691 tranquilli,
2171 1637 2237 1678 ex

683 1711 846 1765 animi
898 1711 963 1765 ad
1013 1712 1151 1767 bona
1205 1717 1612 1783 praeparatione.
1669 1714 1899 1767 Paratus
1935 1714 2090 1785 130
2118 1731 2234 1768 sum

681 1802 843 1864 enim,
889 1802 1095 1872 inquit,
1133 1813 1178 1856 et
1212 1821 1315 1857 non
1365 1820 1479 1856 sum
1514 1806 1753 1857 turbatus
1781 1805 1846 1863 ‘°.
1875 1804 2039 1861 Vens.
2067 1807 2118 1861 9.
2154 1807 2235 1860 Ad

683 1903 753 1958 te,
798 1892 1036 1958 Domine,
1067 1893 1328 1959 clamabo,
1355 1904 1402 1948 et
1433 1896 1500 1947 ad
1526 1895 1689 1950 Deum
1713 1913 1880 1950 meum
1898 1898 2234 1965 deprecabor.

685 1984 838 2054 Saepe
861 1986 1058 2040 dictum
1089 1996 1170 2041 est
1204 1987 1269 2040 dc
1294 1989 1526 2041 clamore
1553 1990 1617 2041 ad
1648 1989 1952 2054 Dominum,
1997 1991 2136 2058 quod
2169 1992 2239 2046 sit

682 2075 800 2145 ejus
848 2077 1012 2132 solius
1045 2078 1133 2147 qui
1167 2095 1355 2149 magna
1400 2087 1454 2133 et
1500 2079 1742 2135 coelestia
1777 2082 1943 2152 cupit,
1979 2084 2237 2138 clamare.

686 2167 743 2221 Si
780 2167 903 2236 quis
932 2178 1109 2223 autem
1133 2184 1298 2239 parva
1329 2178 1382 2223 et
1409 2177 1620 2224 terrena
1669 2185 1698 2225 a
1733 2171 1839 2226 Deo
1884 2173 2140 2242 petierit,
2190 2174 2236 2226 is

685 2273 850 2325 parva
883 2268 938 2312 et
959 2258 1192 2313 demissa
1225 2273 1377 2323 voce,
1414 2273 1584 2326 eaque
1616 2275 1721 2314 non
1768 2262 1832 2313 ad
1862 2261 2090 2314 sublime
2116 2276 2237 2329 per-

687 2348 945 2416 tingeute,
979 2362 1077 2401 nec
1113 2349 1178 2400 ad
1209 2347 1416 2401 Domini
1465 2362 1624 2402 aures
1659 2350 2004 2417 perveniente
2047 2349 2235 2403 utitur.

689 2435 850 2492 Vens.
889 2437 970 2492 ll).
1009 2437 1138 2503 Qua:
1172 2439 1371 2491 utilitas
1420 2441 1473 2492 in
1508 2441 1760 2510 sanguine
1809 2457 1952 2506 meo,
1988 2443 2111 2494 dum
2150 2444 2240 2495 de-

686 2531 875 2584 scendo
905 2532 957 2584 in
995 2531 1420 2601 corruptionem?
1468 2529 1597 2597 Cur,
1648 2533 1842 2601 inquit,
1891 2534 2160 2589 clamavi?
2189 2545 2241 2588 et

683 2638 805 2691 quae
855 2633 908 2678 te
956 2624 1238 2679 Dominum
1300 2639 1474 2678 meum
1505 2639 1569 2678 ac
1613 2626 1778 2679 Deum
1810 2643 1981 2679 meum
2017 2627 2242 2697 rogavi?

683 2714 844 2780 Quid,
870 2715 1062 2784 inquit,
1087 2716 1222 2769 bona
1248 2717 1426 2770 carnis
1456 2717 1786 2780 habitudine,
1815 2727 1904 2769 aut
1923 2719 2088 2771 multo
2119 2734 2242 2771 san-

684 2806 846 2875 guine
882 2807 1014 2861 mihi
1040 2821 1174 2876 opus
1201 2816 1283 2862 est
1317 2827 1330 2862 :
1359 2821 1482 2862 cum
1508 2821 1703 2877 corpus
1726 2809 2062 2864 dissolutioni
2101 2825 2242 2866 com-

687 2898 834 2952 muni
857 2898 1037 2952 statim
1060 2898 1375 2953 tradeutlum
1398 2897 1583 2952 sit?At
1601 2900 1801 2969 castigo
1827 2916 2014 2969 corpus
2049 2919 2240 2969 meum,

683 2998 730 3042 et
761 2989 820 3043 iu
847 2989 1146 3043 servitute»:
1171 2991 1352 3058 redigo
1384 2989 1449 3054 δι,
1499 2998 1557 3042 ut
1590 3005 1657 3045 ne
1705 2993 1937 3060 vigente,
1976 2995 2242 3065 nimisque

686 3087 1013 3135 exaestuante
1042 3092 1160 3133 meo
1184 3080 1480 3149 sanguine,
1518 3081 1851 3150 corpulentia
1893 3086 2104 3138 occasio
2149 3086 2240 3138 liat
2267 3104 2310 3160 ο

689 3173 916 3238 peccati.
951 3169 1110 3225 Carni
1163 3179 1267 3223 tua:
1317 3183 1385 3224 ne
1410 3170 1732 3240 obsequare,
1775 3186 1985 3238 somno,
2027 3173 2239 3241 balneo,

689 3279 754 3318 ac
779 3263 1026 3317 mollibus
1058 3262 1318 3327 culcitris,
1359 3277 1570 3334 semper
1591 3263 1728 3318 hanc
1753 3274 2001 3334 repetens
2026 3274 2244 3320 senten-

689 3354 818 3406 tiam
852 3369 866 3405 :
901 3351 1032 3416 Qua:
1057 3353 1260 3406 utilitas
1285 3354 1338 3406 in
1374 3355 1627 3422 sanguine
1657 3371 1792 3418 meo,
1837 3356 1963 3408 dum
1990 3357 2244 3413 descendo

685 3444 744 3496 in
772 3445 1156 3512 corruptionem
1177 3447 1202 3497 .9
1227 3445 1361 3508 Quid
1401 3443 1551 3498 foves
1578 3447 1718 3513 quod
1751 3447 1908 3515 paulo
1941 3462 2056 3518 post
2079 3451 2247 3505 inter-

690 3539 889 3590 iturum
938 3536 1064 3589 est?
1105 3535 1230 3603 quid
1263 3539 1478 3605 saginas
1509 3546 1559 3589 te
1593 3539 1762 3606 ipsum
1792 3548 1844 3592 et
1867 3541 2250 3610 pinguefacis?

690 3625 769 3678 An
793 3625 1008 3695 ignoras
1036 3625 1174 3694 quod
1203 3634 1404 3692 quanto
1429 3625 1677 3695 pinguius
1727 3627 1822 3680 tibi
1853 3643 2048 3696 corpus
2080 3633 2248 3686 conli-

694 3719 791 3785 cis,
818 3727 968 3772 tanto
990 3717 1290 3786 graviorem
1325 3730 1600 3770 carcerem
1631 3717 1824 3771 animae
1852 3720 2054 3773 struis?
2088 3720 2246 3776 Nun-

695 3809 822 3880 quid
849 3808 1177 3877 conﬁtebitur
1205 3807 1298 3858 tibi
1322 3805 1514 3874 pulvis,
1558 3816 1648 3859 aut
1681 3810 2015 3862 annuntiabit
2054 3812 2247 3866 uerita-

693 3914 796 3956 tem
842 3903 1030 3955 tuast?
1081 3901 1358 3966 Quomodo
1409 3900 1549 3953 enim
1599 3901 1876 3954 terrestris
1908 3916 1969 3956 ac
2011 3917 2246 3960 carneus

695 3995 855 4050 homo
887 3995 982 4049 tibi
1025 3995 1134 4048 Deo
1176 3992 1557 4047 confitebitur?
1617 3993 1886 4061 quomodo
1928 4007 2056 4048 vero
2083 3997 2246 4052 etiam

693 4085 1036 4139 annuntiabit
1065 4085 1362 4145 veritatem,
1404 4083 1496 4154 qui
1540 4098 1712 4151 neque
1761 4085 2055 4155 disciplinis
2105 4088 2250 4143 dedit

696 4190 902 4247 tempus
929 4176 1119 4241 ullum,
1151 4187 1205 4232 et
1228 4177 1383 4245 cujus
1411 4193 1562 4231 mens
1611 4177 1662 4230 in
1695 4186 1839 4231 tanta
1896 4180 2075 4235 carnis
2113 4183 2250 4236 mole

693 4270 904 4324 defossa
935 4276 1017 4322 est
1050 4282 1113 4320 ac
1136 4268 1366 4321 obruta?
1390 4266 1469 4320 Ob
1505 4269 1558 4321 id
1607 4269 1773 4337 igitur
1817 4286 2033 4327 carnem
2076 4290 2245 4329 meam

694 4378 928 4426 macero,
978 4376 1075 4414 nec
1131 4375 1292 4429 parco
1342 4373 1460 4413 meo
1503 4360 1772 4429 sanguini,
1823 4363 1912 4428 qui
1947 4363 1996 4416 in
2032 4380 2245 4419 carnem

2335 511 2679 582 ἀπέστρεψάς
2733 529 2826 563 σου
2869 513 2929 563 τὸ
2961 514 3271 582 πρόσωπον,
3313 512 3372 565 τὸ
3401 512 3652 581 ἐμπαθὲς
3689 511 3792 564 καὶ
3830 528 3918 564 τε·

2336 601 2699 674 θορυδήμένον
2728 603 2824 672 τῆς
2853 602 3027 672 ψυχῆς
3056 606 3389 676 ἀπηλέγχθη.
3430 604 3838 675 Ἀποστρέᾳειν

2335 693 2548 761 λέγεται
2589 698 2648 749 τὸ
2688 695 2878 749 ἑαυτοῦ
2926 697 3210 767 πρόσωπον
3255 703 3282 752 ὁ
3322 699 3488 764 Θεὸς,
3531 698 3667 749 ὅταν
3711 703 3775 751 ὲν
3809 701 3917 760 τῡῖς

2333 782 2440 834 τῶν
2493 786 2858 856 περιστάσεων
2905 789 3114 857 καιροῖς
3146 787 3388 853 ἐκδότους
3437 789 3576 861 ἀφίῃ
3625 790 3751 850 τοῖς
3806 788 3917 853 (δε)

2335 880 2676 945 πειρασμοῖς,
2725 875 2815 930 ἐπὶ
2844 877 2905 929 τὸ
2935 877 3240 947 γνωσθῆναι
3267 880 3325 930 τὸ
3365 881 3583 934 εὔτονον
3624 878 3728 932 τοῦ
3772 880 3919 944 ἀγω-

2334 963 2632 1037 νιζομένου.
2678 970 2800 1023 Ἐὰν
2844 964 2998 1039 οὖνὴ
3041 971 3228 1041 εἰρήνη
3267 971 3301 1040 ή
3346 972 3693 1044 ὑπερέχουσα
3735 971 3919 1022 πάντα

2334 1057 2457 1111 νοῦν
2500 1063 2776 1133 φρουρήσῃ
2824 1062 2920 1125 τὰς
2973 1061 3197 1131 καρδίας
3253 1061 3427 1131 ἡμῶν,
3476 1063 3770 1136 δυνάμεθα
3816 1064 3916 1130 τὴν

2334 1148 2575 1220 ταραχὴν
2613 1150 2705 1202 καὶ
2756 1152 2854 1222 τὴν
2909 1150 3164 1222 σύγχυσιν
3209 1150 3313 1202 τῶν
3359 1150 3545 1205 παθῶν
3599 1153 3914 1222 aug-nsi).

2349 1239 2497 1292 Ἐπεὶ
2545 1237 2634 1293 οὖν
2679 1242 2975 1296 ἀντίκειται
3005 1241 3082 1312 τῷ
3122 1241 3216 1312 μὲν
3249 1240 3509 1310 θελήματι
3562 1243 3659 1294 τοῦ
3702 1241 3847 1295 Θεοῦ
3879 1243 3913 1308 ἡ

2337 1333 2682 1404 ἀποστροφὴ,
2723 1333 2798 1403 τῷ
2828 1333 2883 1384 δέ
2922 1333 3106 1387 κάλλει
3142 1333 3234 1387 καὶ
3261 1334 3325 1403 τῇ
3368 1331 3666 1402 ὠραιότητι
3705 1336 3811 1388 καὶ
3852 1336 3917 1401 τῇ

2335 1422 2557 1492 δυνάμει
2586 1425 2618 1493 ἡ
2650 1425 2858 1495 ταραχή
2884 1441 2896 1452 ·
2930 1426 3011 1495 εἴη
3043 1427 3107 1479 ἂν
3142 1429 3174 1495 ή
3203 1424 3410 1496 ταραχὴ
3444 1423 3552 1492 (69)
3577 1422 3780 1495 αἶσχος
3825 1428 3918 1478 καὶ

2337 1513 2583 1567 ἀσθένεια
2612 1515 2805 1586 ψυχῆς,
2839 1518 2902 1569 ἐκ
2932 1517 3028 1586 τῆς
3056 1517 3162 1569 ἀπὸ
3188 1517 3319 1571 Θεοῦ
3363 1515 3783 1587 ἀλλοτριώσεως
3820 1520 3919 1585 ἐτ-

2337 1605 2609 1675 γινομένη.
2666 1607 2965 1676 Εὑχώμεθα
3019 1603 3110 1660 οὖν
3162 1611 3248 1662 ἀεὶ
3294 1609 3622 1680 ἐπιλάμπειν
3674 1611 3817 1678 ἡμῖν
3858 1610 3918 1660 τὸ

2338 1697 2623 1766 πρόσωπον
2676 1697 2765 1750 τοῦ
2821 1697 2992 1764 Θεοῦ,
3053 1699 3138 1752 ἵνα
3199 1704 3255 1754 ἐν
3313 1703 3691 1772 καταστήματι
3765 1695 3916 1770 ὦμεν

2339 1792 2666 1862 ἱεροπρεπεῖ,
2691 1790 2783 1844 καὶ
2822 1793 3004 1861 πρᾶοι,
3041 1792 3131 1844 καὶ
3155 1795 3308 1846 παντὶ
3341 1797 3523 1866 τρόπῳ
3546 1794 3824 1866 ἀτάραχοι
3857 1796 3916 1844 ἐκ

2336 1883 2433 1952 τῆς
2475 1883 2610 1953 πρὸς
2655 1882 2721 1935 τά
2767 1882 2906 1936 καλά
2941 1883 3298 1954 ἑτοιμότητος.
3343 1886 3750 1956 Ἠτοιμάσθην
3785 1885 3918 1954 reip,

2339 1975 2489 2043 φησὶ,
2521 1973 2615 2026 καί
2647 1976 2756 2028 οὐκ
2785 1974 3138 2045 ἐταράχθην.
3165 1975 3320 2043 Πρὸς
3344 1978 3436 2042 σὲ,
3466 1980 3668 2047 Κύριε,
3706 1978 3920 2046 κεχρίὶρ

2338 2066 2530 2134 ξομαι,
2561 2067 2656 2120 καὶ
2689 2067 2836 2136 πρὸς
2871 2068 2978 2122 τὸν
3004 2060 3148 2122 Θεόν
3178 2084 3297 2135 μου
3335 2069 3725 2139 δεηθήσομαι.
3782 2069 3918 2121 Πολ-

2337 2156 2493 2220 λάκις
2519 2157 2727 2230 εῗρητα⁹
2757 2161 2885 2232 περὶ
2915 2159 3006 2213 τοῦ
3036 2159 3361 2229 κεκραγέναι
3405 2163 3539 2233 πρὸς
3562 2163 3798 2231 Κύριον,
3836 2162 3918 2213 ὁτι

2341 2248 2498 2318 μόνου
2531 2247 2624 2301 τοῦ
2661 2250 2868 2320 μεγάλα
2900 2249 2994 2302 καὶ
3019 2249 3311 2318 ἐπουράνια
3355 2251 3754 2321 ἐπιθυμοῦντος
3803 2253 3917 2303 ἐστι

2325 2340 2396 2392 αδ
2439 2341 2682 2412 κράζειν.
2728 2344 2790 2395 Et
2817 2342 2873 2394 δέ
2931 2358 3004 2403 τις
3047 2338 3216 2411 μικρά
3242 2343 3334 2394 καὶ
3367 2343 3579 2411 ἐπίγεια
3610 2341 3796 2411 αἰτοίη
3829 2340 3916 2393 τὶν

2338 2432 2491 2498 Θεὸν,
2532 2435 2700 2504 μικρᾷ
2746 2433 2838 2486 καὶ
2888 2435 3112 2503 ταπεινῇ
3164 2432 3423 2504 κέχρηται
3479 2436 3546 2503 τῇ
3599 2436 3783 2502 φωνῇ,
3844 2434 3914 2502 μὴ

2341 2525 2613 2600 φθανούσῃ
2660 2527 2738 2589 είς
2791 2525 2941 2594 ὕψος,
2993 2525 3123 2595 μηδὲ
3161 2527 3424 2597 ἐρχομένῃ
3462 2528 3540 2589 εἰς
3591 2527 3695 2589 τὰς
3743 2527 3915 2590 ἀκοὰς

2340 2617 2431 2671 τοῦ
2467 2619 2687 2687 Κυρίου.
2726 2617 2821 2682 Τίς
2843 2616 3092 2685 ὠφέλεια
3117 2617 3185 2670 ἐν
3214 2617 3291 2682 τῷ
3327 2617 3528 2686 αἵματί
3553 2635 3696 2686 μου,
3729 2618 3807 2672 ἐν
3843 2619 3916 2683 τῷ

2340 2711 2716 2764 καταϐαίνειν
2759 2710 2872 2779 (70)
2928 2726 3001 2779 με
3051 2712 3136 2776 είς
3181 2709 3544 2780 διαφθοράν;
3584 2713 3688 2778 Τί,
3725 2713 3912 2781 φησιν,

2340 2800 2637 2872 ἐκέκραξα;
2684 2801 2774 2854 καὶ
2819 2803 2946 2871 περὶ
2980 2800 3119 2865 τίνος
3149 2801 3370 2874 ἐδεήθην
3398 2803 3536 2875 πρὸς
3570 2801 3628 2856 σὲ
3672 2804 3769 2855 τὸν
3801 2802 3914 2855 Κύ-

2343 2895 2454 2964 ριόν
2500 2911 2599 2964 μου
2645 2895 2736 2948 καὶ
2781 2894 2868 2947 τὸν
2909 2894 3039 2947 Θεὸν
3089 2911 3228 2965 μου;
3272 2895 3364 2959 Τίς
3395 2912 3480 2965 μοι
3527 2896 3709 2965 χρεία,
3759 2893 3912 2963 φησὶ,

2345 2986 2542 3058 σαρκὸς
2575 2987 2865 3050 εὐπαθείας
2913 2988 3005 3040 καὶ
3051 2988 3277 3058 αἵματος
3319 2986 3584 3056 πλήθους,
3630 2987 3914 3056 μέλλοντος

2343 3080 2463 3132 ὅσον
2485 3079 2693 3132 οὐδέπω
2725 3079 3102 3148 παραδίδοσθαι
3137 3081 3199 3147 τῇ
3235 3080 3381 3147 κοινῇ
3415 3076 3656 3129 διαλύσει
3686 3077 3781 3130 τοῦ
3815 3077 3913 3131 σώο

2351 3187 2548 3240 ματοςς
2597 3171 2746 3223 Ἀλλ’
2793 3169 3100 3228 ὑπωπιάζω
3140 3167 3249 3239 (71)
3288 3187 3406 3238 μου
3456 3169 3522 3221 τὸ
3560 3170 3766 3240 σῶμα,
3817 3174 3912 3225 καί

2344 3261 2718 3331 δουλαγωγῶ,
2769 3262 2960 3332 μήπως
3019 3260 3362 3325 εὐεκτοῦντος
3415 3261 3507 3314 καὶ
3557 3262 3914 3333 ὑπερζέοντός

2351 3374 2438 3428 μοι
2470 3354 2564 3408 τοῦ
2594 3355 2843 3426 αἵματος,
2881 3354 3099 3426 ἀφορμὴ
3127 3355 3259 3426 πρὸς
3286 3355 3557 3425 ἁμαρτίαν
3583 3357 3616 3424 ή
3648 3355 3916 3425 πολυσαρ-

2348 3450 2440 3502 κία
2479 3450 2720 3519 γένηται.
2750 3447 2842 3517 Μὴ
2866 3447 3122 3500 κολάκευέ
3150 3464 3240 3500 σου
3273 3447 3370 3518 τὴν
3407 3447 3583 3518 σάρκα
3607 3445 3796 3510 ὕπνοις
3825 3447 3914 3499 καὶ

2348 3542 2589 3615 λουτροῖς
2631 3542 2724 3594 καὶ
2765 3540 3023 3612 μαλακοῖς
3049 3541 3358 3611 στρώμασιν
3382 3581 3396 3604 ,
3437 3539 3524 3591 ἀεὶ
3559 3540 3826 3607 ἐπιλέγων
3856 3539 3914 3592 τὸ

2350 3636 2498 3704 ῥῆμα
2529 3635 2686 3686 τοῦτο
2709 3651 2721 3664 ·
2759 3634 2850 3698 Τίς
2877 3632 3127 3701 ὠφέλεια
3153 3631 3221 3683 ἐν
3250 3631 3329 3695 τῷ
3357 3632 3556 3697 αἵματί
3569 3650 3711 3700 μου,
3744 3633 3813 3684 ἐν
3844 3632 3913 3694 τῷ

2349 3725 2722 3777 καταϐαίνειν
2769 3740 2843 3792 με
2884 3725 2966 3787 είς
3013 3720 3336 3790 διαφθοράν
3356 3738 3376 3785 ;
3425 3722 3489 3773 Τί
3531 3724 3813 3793 περιέπεις
3860 3722 3912 3773 τὸ

2350 3815 2542 3884 μικρὸν
2573 3813 2793 3884 ὕστερον
2820 3811 3261 3882 φθαρησόμενον;
3288 3811 3337 3863 τί
3364 3813 3744 3875 καταπιαίνεις
3771 3830 3914 3864 σεαυ-

2344 3906 2433 3958 τὸν
2466 3906 2559 3959 καὶ
2587 3907 2933 3976 περισαρκοῖς
2957 3922 2970 3969 ;
3009 3904 3079 3956 Ἢ
3107 3904 3338 3972 ἀγνοεῖς.
3370 3905 3449 3955 ὅτι
3477 3905 3588 3974 ὅσῳ
3610 3904 3910 3974 παχυτέραν

2346 4000 2443 4070 τὴν
2483 3999 2658 4068 σάρκα
2712 3996 2919 4067 σεαυτῷ
2975 3998 3165 4059 ποιεῖς,
3219 3994 3452 4065 τοσούτῳ
3502 3994 3798 4064 βαρύτερον
3849 3998 3907 4064 τῇ

2346 4089 2489 4160 ψυχῇ
2523 4088 2946 4152 κατασκευάζεις
2985 4089 3045 4140 τὸ
3083 4087 3480 4158 δεσμωτήριον;
3516 4088 3611 4154 Μὴ
3640 4087 3909 4156 ἐξομαλί-

2349 4182 2595 4253 plicata!
2616 4201 2710 4236 σοι
2735 4183 2900 4252 χοῦς,
2933 4184 2970 4249 ἣ
2996 4181 3312 4252 ἀναγγελεῖ
3327 4180 3437 4247 τὴν
3458 4180 3748 4246 ἀλήθειάν
3767 4196 3875 4233 σου
3894 4200 3908 4242 ,-

2350 4276 2474 4338 Πῶς
2518 4277 2624 4346 γὰρ
2675 4278 2702 4328 ὁ
2757 4275 2936 4344 χοῖκὸς
2989 4274 3271 4345 ἄνθρωπος
3304 4274 3394 4326 καὶ
3431 4267 3686 4343 σάρκινος
3731 4271 3905 4342 ἐξομο-

2349 4367 2633 4437 λογήσεταί
2677 4383 2758 4417 σοι
2805 4365 2882 4434 τῷ
2911 4364 3062 4433 Θεῷ;
3118 4363 3234 4425 πῶς
3283 4364 3339 4415 δὲ
3380 4364 3472 4415 καὶ
3506 4364 3796 4430 ἀναγγελεῖ
3822 4363 3907 4430 τὴν

696 4453 996 4508 coalescere
1021 4451 1177 4515 solet,
1219 4458 1277 4504 ut
1308 4449 1752 4518 impedimentum
1784 4450 1986 4504 nullum
2022 4454 2150 4508 mihi
2182 4458 2244 4510 sit

2353 4459 2603 4528 ἀλήθειαν
2646 4457 2758 4524 (7‘2)
2809 4458 2836 4507 ὁ
2889 4457 3023 4524 μήτε
3075 4453 3356 4522 μαθήμασι
3390 4453 3578 4523 καιρὸν
3620 4454 3775 4516 δοὺς,
3825 4456 3908 4506 καὶ

701 4547 770 4602 ad
798 4545 1215 4608 confessionem,
1244 4557 1416 4611 neque
1443 4543 1510 4595 ad
1544 4541 1786 4596 veritatis
1821 4543 2250 4614 intelligentiam.

2357 4554 2414 4604 ἐν
2443 4549 2675 4617 τοσούτῳ
2711 4547 2864 4617 βάρει
2907 4546 3004 4615 τῆς
3046 4545 3243 4613 σαρκὸς
3272 4544 3360 4596 τὸν
3399 4542 3524 4597 νοῦν
3560 4544 3755 4597 ἑαυτοῦ
3791 4562 3905 4610 συγ-

695 4642 1036 4713 κεχωσμένον
1064 4641 1232 4711 Eximi;
1272 4638 1370 4691 Διά
1397 4637 1552 4690 τοῦτο
1576 4637 1753 4691 τοίνυν
1783 4639 1997 4709 ἐκτήκω
2029 4659 2128 4710 μου
2164 4647 2266 4716 τὴν
2319 4646 2514 4717 σάρκα,
2576 4645 2667 4696 καὶ
2700 4640 2902 4711 ἀφειδῶ
2945 4638 3036 4692 τοῦ
3065 4639 3293 4708 αἵματος
3330 4639 3466 4707 ὅπερ
3491 4639 3570 4699 είς
3606 4639 3784 4708 σάρκα
3819 4637 3904 4689 πέυ

693 4751 831 4803 φυκε
872 4729 1345 4802 μεταπήγνυσθαι,
1397 4729 1481 4781 ἵνα
1531 4728 1692 4798 μηδέν
1749 4746 1835 4798 μοι
1967 4731 2078 4802 (75)
2129 4736 2266 4806 πρὸς
2309 4734 2745 4808 ἐξομολόγησινῆ
2780 4732 2913 4803 πρὸς
2935 4730 3032 4801 τὴν
3058 4731 3156 4800 τῆς
3193 4729 3445 4798 ἀληθείας
3482 4732 3806 4800 κατανόησιν
3829 4731 3906 4798 ἑμ-

694 4827 926 4891 ποδίζον.

762 4923 812 4978 7.
842 4923 1006 4978 Vens.
1036 4921 1123 4974 H.
1148 4919 1363 4973 Audiuit
1399 4918 1668 4979 Dominus,
1689 4930 1734 4973 et
1750 4923 1992 4975 misertus
2015 4933 2087 4976 est
2112 4928 2247 4980 mei:

2429 4923 2477 4975 7.
2509 4923 2769 4975 Ἤκουσε
2790 4917 3019 4982 Κύριος,
3053 4911 3147 4966 καὶ
3166 4909 3392 4979 ἠλέησέ
3415 4927 3490 4979 με
3510 4927 3524 4940 ’
3549 4911 3766 4977 Κύριος
3798 4908 3904 4978 ἐγέ-

761 5014 803 5046 ³⁹
828 5013 1058 5082 Philipp.
1085 5026 1158 5075 tv,
1180 5013 1231 5066 Ἰ.
1305 5011 1349 5042 ⁸ο
1367 5009 1506 5064 Psal.
1533 5026 1720 5076 cum,
1748 5011 1839 5065 60.
1914 5015 1953 5043 “
1980 5013 2142 5068 lCor.
2168 5016 2352 5080 tx,27.

761 5109 874 5180 (68)
918 5109 1093 5182 Editio
1115 5106 1484 5182 ﬁnisﬁnem
1519 5110 1649 5182 τοῖς.
1678 5107 1756 5182 ΔΑι
1797 5123 1924 5182 mss.
1951 5124 2060 5182 ser:
2089 5109 2245 5182 ἀφίῃ.

693 5177 826 5248 lleg.
862 5189 1046 5234 sextus
1066 5177 1275 5247 ἀφίησι.
1301 5177 1496 5230 Ibidem
1528 5178 1688 5243 aliqui
1725 5194 1851 5230 mss.
1883 5179 1974 5231 ἐπὶ
1993 5178 2071 5232 τό,

760 5250 871 5320 (69)
911 5249 1022 5314 llla,
1048 5249 1134 5318 εἴη
1166 5248 1231 5301 ἂν
1256 5250 1289 5319 ή
1310 5248 1543 5320 ταραχή,
1577 5248 1767 5320 desunt
1794 5248 1842 5320 in
1876 5249 2078 5320 duobus
2105 5263 2232 5320 mss.

692 5316 970 5384 Aliquanto
1017 5316 1136 5386 post
1186 5316 1422 5371 nonnulli
1459 5332 1586 5369 mss.
1613 5317 1901 5385 εὐχόμεθα.
1934 5319 2035 5370 Alii
2076 5316 2247 5385 εὐχώ-

695 5392 851 5461 μεθα.
884 5387 1002 5461 Μοξ
1044 5389 1170 5441 editi
1220 5389 1409 5461 ἥσυχοι
1459 5387 1551 5461 καὶ
1596 5388 1777 5454 πρᾶοι.
1817 5387 1922 5440 Sed
1962 5403 2062 5441 vox
2107 5388 2245 5456 ἥσυ-

692 5458 951 5530 χοιόίοθεξ
979 5459 1030 5530 in
1063 5460 1260 5511 nostris
1289 5458 1532 5530 undecim
1565 5471 1692 5530 mss.

712 5521 725 5530 ’
761 5529 875 5597 (70)
914 5526 1077 5597 0011).
1106 5537 1330 5594 quartus
1394 5526 1611 5593 perinde
1658 5534 1819 5593 atque
1874 5524 2016 5578 LXX
2059 5528 2116 5597 ἐν
2162 5525 2241 5595 τῷ

691 5595 1012 5666 καταϐῆναι.
1042 5595 1176 5650 Editi
1212 5611 1338 5650 vero
1368 5607 1422 5649 et
1453 5611 1580 5650 mss.
1612 5610 1714 5649 non
1755 5597 1907 5663 pauci
1937 5597 1993 5648 ἐν
2038 5595 2114 5665 τῷ
2149 5613 2246 5648 κα-

692 5669 982 5721 ταϐαἰνειν.

765 5740 876 5809 (7t)
914 5735 1026 5792 Duo
1058 5751 1187 5793 mss.
1228 5751 1348 5792 cum
1401 5745 1546 5792 textu
1594 5748 1750 5791 sacro
1783 5734 2102 5798 ὑπωπιάζω.
2140 5733 2246 5789 Alii

2355 5109 2458 5162 duo
2492 5098 2776 5161 ὑποπιάζω
2797 5135 2811 5157 ,
2855 5103 3126 5162 corrupte,
3173 5106 3270 5160 pro
3301 5085 3900 5162 ὑπωπιάζωηΝοῃηηΗί

2354 5157 2445 5229 5m
2474 5157 2770 5230 ὑποπιέςευ.
2807 5166 2924 5218 Mox
2959 5157 3108 5231 Régii
3147 5157 3413 5215 secundus
3442 5168 3494 5212 et
3531 5158 3735 5231 tertius
3750 5157 3904 5231 ιπερ-

2351 5225 2561 5310 ξέοντός
2593 5225 2716 5310 μου.
2760 5235 2900 5310 Editi
2936 5243 2990 5286 et
3024 5225 3112 5286 avlii
3131 5231 3359 5310 quidam
3397 5225 3900 5310 tuss._ﬁrrsp§éov:d;

2353 5296 2461 5385 μοι.
2499 5296 2607 5385 ῌέὁ
2653 5309 2723 5385 it_a
2754 5305 2925 5385 multo
2961 5312 3082 5385 post
3131 5300 3268 5385 Reg.
3293 5299 3515 5385 tertius;

2478 5381 2648 5453 ῥῆμα.
2676 5364 3170 5453 Stnlhindeq'uatuor
3204 5364 3332 5453 mss.
3361 5371 3418 5421 ὲν
3445 5365 3523 5436 τῷ
3550 5364 3898 5418 καταϐαίνειν.

2347 5437 2682 5507 ΕᾱίιῖοἪθτο
2713 5437 2976 5515 Paris-si
3000 5437 3428 5515 F‘i’_"“°‘6ﬁ‘.’9.‘t
3744 5503 3782 5515 .,
3845 5504 3856 5514 .

2418 5503 2530 5589 (⁵12)
2572 5517 2723 5572 Unus
2757 5503 3144 5589 tus._&)._ﬁ05't;iv
3176 5503 3520 5589 com-Ibidem
3547 5505 3717 5557 editio
3744 5503 3897 5557 Paris.

2351 5576 2826 5663 μαθήσει-καιρόν.
2859 5576 3127 5663 sed-mss.
3153 5589 3288 5663 olcth

2423 5643 2534 5729 (7"5)
2584 5643 2732 5718 Illud,
2784 5651 2853 5729 ﬁ,
2889 5652 3132 5729 acescit.
3175 5643 3590 5729 Qolb._quartq.'
3630 5644 3699 5729 ιη¹
3730 5643 3898 5729 eodem

2351 5711 2681 5786 illo—codice
2720 5711 2914 5780 'sta't'im
2963 5721 3154 5791 legitur
3197 5715 3497 5784 ἐμποδίζοι.
3546 5712 3700 5767 Haud
3758 5711 3895 5779 longe
