4098 6324
115 317 246 374 521
1305 324 1578 379 ΗΟΜΙΙΛΛ
1622 327 1683 380 IN
1727 328 2050 386 PSALMUM
2092 331 2278 388 XXIX.
3302 338 3406 390 392

111 434 322 502 νήθη
351 436 578 501 ,ϐοηθός
624 453 761 505 μου.
807 433 959 487 Μετὰ
1004 433 1064 485 τὸ
1104 434 1458 508 διηγήσασθαι
1501 438 1618 490 τίνα

1843 439 2098 498 Dominus
2130 444 2303 512 [actus
2330 453 2405 496 est
2438 443 2658 512 adjutor
2685 458 2849 498 metu.
2893 443 3181 514 Postquam
3221 459 3408 502 narra“

109 525 156 578 ἃ
198 529 369 598 πρὸς
389 529 478 582 τὸν
500 530 629 582 Θεὸν
651 527 962 598 ὲκέκραξεν,
999 527 1157 590 εὐθὺς
1185 532 1498 604 αἰσθόμενος
1527 532 1623 604 τῆς
1644 535 1715 585 ἀνι

1841 535 2189 603 νίιιιιιιειιιιιιι
2248 531 2446 588 fuerint
2505 550 2625 605 qua:
2662 535 2773 603 ipse
2831 536 2894 589 ad
2951 536 3230 595 Dominum
3287 540 3404 596 cla-

111 621 272 692 τιλή
290 623 436 691 quem;
475 623 566 676 τοῦ
601 620 753 683 Θεοῦ,
803 622 1099 692 παρορμῶν
1145 624 1289 693 ἡμᾶς
1328 625 1461 699 πρὸς
1488 627 1586 696 τὴν
1629 627 1715 680 τῶι

1839 626 2024 686 mavit,
2079 626 2259 678 statim
2305 624 2393 677 Dei
2455 627 2692 679 sentiens
2753 625 3034 692 auxilium,
3079 642 3174 680 nos
3225 632 3287 682 ad
3319 647 3406 699 pc-

110 713 364 782 ὁμοίιον
389 718 617 784 αἴτησιν.
657 713 927 778 Ἤκουσε,
955 715 1108 786 φησι,
1134 718 1362 785 Κύριος,
1391 719 1487 772 καὶ
1508 719 1715 787 ἠλέησι

1841 717 1995 769 tenda
2029 717 2222 770 similia
2248 728 2524 786 provocat.
2568 720 2820 782 Audirit,
2872 721 3080 789 inquit,
3120 721 3396 787 Dominus,

113 824 206 872 με
241 825 260 838 ·
322 811 536 875 Κύριος
571 805 820 875 ἐγενήθη
857 809 1082 876 ,ϐοηθός
1107 826 1242 877 μου.
1296 810 1595 882 Εύχὼμεθα
1643 810 1715 867 οὗπ

1836 816 1881 858 et
1915 807 2155 858 misertus
2172 817 2244 859 est
2263 809 2396 860 mei:
2425 807 2676 862 Dominus
2696 812 2868 878 [actus
2893 821 2967 864 est
2995 813 3213 880 adjutor
3233 831 3396 870 meus.

114 903 235 953 καὶ
298 903 497 970 ἡμεῖς,
550 900 640 951 καὶ
681 900 970 970 κράζωμεν
1019 900 1115 970 τὴν
1161 905 1530 976 πνευματικὴν
1585 903 1710 974 βοὴν

1837 897 2066 952 Oremus
2091 900 2252 968 igitur
2279 909 2333 951 et
2367 916 2484 962 nos,
2519 916 2580 953 ac
2619 901 2950 968 spiritualem
2978 902 3272 957 clamorem
3296 906 3401 958 cla-

116 992 311 1044 σίτού
323 1008 469 1060 μενοι
497 991 560 1044 τὰ
598 993 823 1063 μεγάλα,
860 991 932 1061 μὴ
955 994 1382 1068 ἀντιποιούμενοι
1410 999 1506 1065 τῆς
1535 999 1715 1068 σαρκὸς

1837 1006 2065 1054 menms,
2100 1006 2204 1043 non
2256 1005 2416 1059 parva
2468 1002 2726 1056 petentes,
2771 1011 2866 1048 nec
2917 997 3065 1050 carni
3125 998 3401 1050 studentes

117 1083 222 1150 (Ol
260 1083 381 1150 γὰρ
405 1082 472 1134 ἐν
503 1087 676 1152 σαρκὶ
710 1085 897 1149 ὄντες,
928 1085 1046 1150 Θεῷ
1077 1089 1283 1155 ἀρέσαι
1315 1091 1384 1142 οὐ
1406 1090 1708 1156 δύνανται)

1836 1078 1962 1144 (Qui
1997 1083 2131 1132 enim
2157 1081 2211 1132 in
2229 1095 2384 1131 carne
2415 1090 2555 1143 sunt,
2577 1080 2681 1133 Deo
2699 1081 2903 1147 placere
2934 1101 3034 1137 non
3058 1101 3275 1154 possunt
3307 1086 3396 1154 ⁸⁸),

117 1172 228 1226 ἵνα
275 1176 376 1227 καὶ
409 1176 560 1245 ἡμῶν
593 1175 870 1249 ἐπακούσῃ
911 1179 937 1229 6
974 1178 1191 1249 Κύριος,
1229 1183 1455 1252 ἐλεήσας
1488 1184 1642 1254 ἡμῶν
1674 1184 1715 1234 τε

1836 1179 1892 1220 ιιι
1923 1181 1975 1221 et
2007 1186 2104 1222 nos
2135 1171 2390 1224 exattdiat
2424 1169 2582 1233 Deus,
2613 1174 2937 1227 debilitatem
2975 1190 3211 1232 nostram
3243 1179 3401 1232 mise-

118 1265 402 1328 ἀσθενὲς,
450 1269 540 1318 καὶ
576 1283 673 1333 της
722 1265 869 1330 θείας
919 1267 1165 1337 βοηθείας
1198 1271 1597 1335 ἀπολαύσαντες
1640 1274 1715 1325 κα“

1837 1270 2004 1321 ratus,
2042 1268 2202 1326 atque
2249 1263 2450 1316 auxilio
2491 1262 2675 1316 divino
2721 1263 2868 1318 fruiti
2909 1269 3070 1320 etiam
3118 1287 3214 1326 nos
3244 1272 3398 1325 dica-

1834 1366 1949 1404 mus
1982 1367 1994 1404 :
2034 1349 2195 1402 Vens.
2232 1350 2316 1403 12.
2356 1351 2669 1406 Convertisti
2695 1353 2964 1422 planctum
2991 1374 3154 1411 meum
3183 1360 3234 1413 in
3261 1377 3396 1430 gau-

1831 1444 1976 1494 dium
2024 1443 2172 1495 milii.
2230 1441 2341 1496 Non
2383 1446 2431 1496 in
2466 1446 2703 1513 qualibet
2731 1449 2906 1500 anima
2962 1448 3100 1502 inest
3147 1455 3397 1518 gaudium

1835 1533 1924 1585 Dei
1954 1552 1967 1586 :
2003 1537 2093 1587 sed
2120 1536 2164 1588 si
2197 1534 2318 1605 quis
2355 1534 2576 1589 multum
2608 1548 2890 1606 peccatum
2917 1555 3072 1591 suum
3108 1542 3392 1609 planxerit,

1834 1625 2134 1679 vehementi
2191 1627 2441 1680 videlicet
2481 1629 2647 1689 luctu,
2699 1643 2751 1684 et
2804 1631 3034 1686 assiduis
3069 1634 3393 1702 gemitibus,

119 1724 476 1794 διηνεκέσιν,
511 1728 584 1790 ὡς
624 1729 714 1779 ἐπὶ
746 1728 998 1781 τεθνεῶτι
1045 1729 1220 1800 ἐαυτῷ
1267 1732 1492 1785 κοπετὸν
1539 1735 1715 1804 ἐποιή-

1832 1719 2056 1784 perinde
2079 1723 2230 1788 quasi
2263 1737 2321 1776 se
2359 1723 2470 1789 ipse
2503 1734 2767 1777 mortuum
2803 1726 3120 1795 planxisset,
3160 1728 3283 1782 huic
3309 1730 3396 1784 iSIi

124 1833 319 1881 σατο,
349 1820 440 1870 τοῦ
473 1821 711 1870 τοιούτου
747 1821 774 1870 6
811 1822 1034 1883 κοπετος
1082 1825 1158 1883 είς
1203 1823 1372 1890 χαρὰν
1423 1825 1715 1895 στρέςεταιη

1834 1813 2083 1877 planctus
2119 1813 2168 1865 in
2211 1814 2462 1883 gaudium
2492 1817 2735 1870 vertitur.
2769 1821 2918 1883 Quod
2946 1830 3126 1874 autem
3159 1820 3397 1875 laudabi-

1833 1903 1896 1956 lis
1923 1904 1992 1957 sit
2023 1904 2191 1959 lnctus
2218 1909 2454 1976 quidam,
2487 1911 2775 1962 ostendunt
2799 1914 2942 1977 pueri
2977 1915 3024 1966 in
3051 1913 3168 1970 foro
3202 1916 3396 1970 seden-

1833 2005 1912 2048 tes
1945 2012 2007 2050 ac
2034 1997 2275 2052 dicentes
2302 2017 2314 2052 :
2346 2000 2648 2054 Lamentati
2688 2018 2868 2055 sumus
2901 2006 3061 2068 vobis,
3082 2019 3126 2059 et
3147 2023 3247 2061 non
3279 2007 3396 2074 plo-

1830 2090 1991 2141 rastis
2014 2106 2034 2144 :
2082 2094 2405 2147 cantabimus
2441 2094 2583 2148 vobis
2615 2095 2778 2159 tibiis,
2814 2106 2864 2149 et
2916 2113 3018 2151 non
3051 2099 3282 2152 tta/lastis
3323 2099 3391 2154 ⁵³.

1831 2179 1981 2234 Tibia
2015 2191 2192 2236 autem
2220 2183 2633 2239 instrmnentum
2684 2190 2943 2242 mnsiemn
2972 2200 3074 2254 εει,
3111 2191 3254 2260 quod
3299 2191 3395 2244 lla-

1833 2279 1918 2323 tns
1952 2287 2051 2340 ope
2083 2272 2323 2326 melodiae
2356 2274 2600 2330 inservit.
2650 2274 2856 2330 Idcirco
2891 2293 3136 2333 sanetum
3165 2283 3394 2350 queruli-

1831 2364 1919 2417 bet
1946 2365 2260 2433 prophetam
2301 2367 2484 2420 tibiam
2515 2385 2610 2437 per
2663 2370 3071 2424 translationem
3125 2376 3392 2429 nominari

1828 2455 2081 2521 arbitror,
2123 2461 2190 2513 ob
2249 2463 2420 2514 sancti
2466 2462 2697 2529 Spiritus
2723 2471 2942 2517 motum.
2983 2463 3391 2533 Quamobrem,

1829 2546 2021 2616 inquit,
2054 2547 2388 2604 Cantavimus
2412 2552 2550 2605 vobis
2583 2555 2747 2618 tibiis,
2772 2565 2820 2609 et
2846 2573 2947 2608 non
2974 2557 3229 2612 saltastis.
3259 2557 3392 2612 Nam

1827 2640 2125 2708 pr0pbetici
2151 2656 2430 2697 sermones
2455 2643 2808 2699 adhortantur
2829 2662 2924 2698 nos
2953 2647 3018 2698 ad
3041 2659 3241 2702 sancta:
3269 2665 3393 2720 pro-

1825 2731 2019 2800 pbetiaa
2037 2733 2352 2786 concinnam
2377 2735 2664 2800 actionem,
2691 2751 2806 2804 quae
2822 2737 3213 2809 dictalslest
3233 2740 3395 2794 salta-

1827 2822 2067 2889 tio.Quin
2085 2823 2245 2876 etiam
2263 2834 2443 2879 nostra
2464 2842 2620 2881 causa
2638 2828 2998 2884 lamentantur
3013 2836 3306 2900 prophetae,
3325 2835 3392 2888 ad

1826 2914 2026 2968 luctum
2059 2931 2156 2970 nos
2189 2917 2562 2987 cohortantes,
2591 2931 2642 2972 ut
2672 2935 2764 2989 per
2808 2923 3148 2991 propheticos
3178 2940 3389 2980 sermo-

1826 3023 1920 3061 ncs
1953 3018 2298 3076 peccatorum
2337 3020 2643 3065 nostrorum
2676 3016 2876 3068 conscii
2914 3015 3120 3082 effecti,
3161 3019 3386 3072 exitium

1826 3110 2068 3154 nostrmn
2095 3100 2394 3168 lugeamus,
2437 3103 2711 3158 laboribus
2753 3121 2816 3159 ac
2856 3110 3109 3164 terumnis
3165 3125 3385 3166 carnem

1825 3201 2061 3244 nostram
2094 3195 2435 3261 castigantes.
2466 3194 2582 3249 Tali
2611 3197 2990 3263 igiturhomini
3018 3200 3261 3255 luctuosa
3292 3219 3386 3257 ve-

1824 3283 1921 3336 stis
1944 3283 2336 3350 conscinditur,
2365 3301 2522 3353 quam
2549 3303 2670 3342 cum
2717 3301 3000 3359 peccatum
3051 3307 3206 3346 suum
3243 3295 3387 3362 plan-

1823 3380 1994 3439 geret,
2034 3372 2304 3426 induerat.
2361 3373 2598 3443 Denique
2631 3377 2679 3430 ei
2728 3379 3154 3447 circnmponitnr
3204 3381 3384 3436 tunica

1823 3463 2037 3524 la-titize,
2064 3473 2119 3517 et
2147 3463 2364 3532 pallium
2400 3466 2614 3530 salutis,
2639 3467 2917 3538 splendida
2962 3471 3168 3525 scilicet
3211 3473 3300 3525 illa
3331 3481 3386 3528 et

1823 3555 2084 3624 nuptialia
2115 3557 2454 3621 indumenta.
2487 3561 2682 3628 quibus
2719 3562 2763 3614 si
2798 3563 2920 3631 quis
2949 3561 3108 3617 fuerit
3135 3573 3382 3624 ornatus,

1820 3663 1849 3702 e
1877 3650 2101 3716 nuptiali
2129 3651 2364 3705 thalamo
2401 3668 2506 3705 non
2538 3654 2800 3720 ejicietur.
2827 3654 3146 3708 Couscidisti
3175 3671 3384 3709 saccum

1818 3758 2010 3804 meum.
2029 3754 2075 3797 et
2093 3743 2484 3798 circumdedisti
2500 3761 2579 3797 me
2606 3745 2813 3798 ltetitia.
2838 3745 3038 3800 Saccus
3069 3746 3383 3817 adjumento

117 1357 320 1425 ἡμεῖς
360 1361 630 1427 εἴποιμεν·
681 1359 1020 1426 "Harpali-ar;
1060 1361 1166 1412 τὸν
1209 1365 1460 1413 νοπετόι·
1497 1383 1612 1430 μου
1646 1368 1733 1428 εὶς

120 1450 355 1516 χαρὰν
375 1450 525 1518 ἐμοί.
575 1451 646 1502 Οὐ
678 1453 744 1520 τῇ
775 1451 1008 1521 τυχούσῃ
1039 1451 1180 1522 ψυχῇ
1212 1455 1242 1523 ἡ
1275 1454 1382 1506 ἀπὸ
1411 1454 1543 1507 Θεοῦ
1590 1458 1731 1527 χαρᾶι

120 1541 454 1610 ἐγγίνεται,
496 1541 608 1594 ἀλλ’
635 1541 688 1595 εἴ
724 1560 807 1606 τις
854 1543 1020 1596 πολλὰ
1055 1545 1150 1614 τὴν
1180 1546 1450 1617 ἁμαρτίαν
1477 1547 1571 1616 τὴν
1606 1549 1730 1600 ἐαυ-

120 1635 236 1686 τοῦ
304 1635 716 1699 ἀπεκλαύσατο,
777 1637 1013 1708 ἰσχυροῖς
1073 1637 1324 1708 ὀδυρμοῖς
1374 1641 1464 1693 καὶ
1515 1640 1731 1711 θρήνοις

126 1912 282 1975 fort
323 1913 380 1965 δέ
416 1915 562 1966 ἐστιν
598 1916 895 1978 ἐπαινετῶς
944 1915 1243 1984 κόψασθαι,
1291 1918 1537 1982 δηλοῦσιν
1581 1924 1626 1972 oi
1674 1925 1730 1974 ὲν

124 2007 274 2068 ταῖς
301 2007 523 2077 ἀγοραῖς
553 2007 846 2078 καθήμενοι
903 2009 1106 2073 παῖδες,
1142 2013 1188 2061 ot
1224 2009 1498 2077 λέγοντες·
1539 2013 1731 2080 Ἐὕρη-

125 2095 430 2166 νήσαμεν
457 2097 613 2167 ὑμῖν,
661 2099 755 2152 καὶ
797 2101 907 2151 οὐκ
944 2100 1249 2166 ἐκόψασθε
1280 2101 1422 2169 (74)”
1459 2102 1732 2171 ηὺλήσα-

124 2203 263 2254 μεν
286 2189 448 2258 ὑμῖν,
480 2189 577 2241 καὶ
603 2191 709 2242 οὐκ
735 2189 1111 2256 ὠρχήσασθε.
1143 2193 1296 2242 Ἔστι
1324 2191 1379 2243 δὲ
1407 2194 1434 2245 ό
1462 2194 1619 2257 αύλὸς
1641 2195 1729 2266 ὅρ-

127 2294 319 2344 γανον
351 2279 603 2348 μουσικὸν
647 2278 912 2348 πνεύματι
963 2280 1208 2350 συνεργῷ
1253 2283 1388 2352 πρὸς
1449 2284 1542 2354 τὴν
1605 2287 1729 2354 μελ-

129 2368 318 2437 ῳδίαν
335 2368 630 2439 χρώμενον.
652 2370 848 2440 Διόπερ
882 2365 1033 2440 οἶμαι
1064 2372 1238 2424 πάντα
1267 2372 1417 2440 ἅγιον
1444 2376 1728 2446 προφήτην

130 2460 314 2513 αὐλὸν
347 2460 618 2532 τροπικῶς
657 2462 1012 2534 ὀνομάζεσθαι
1058 2463 1143 2516 διά
1186 2465 1281 2535 τὴν
1325 2469 1386 2520 ἐκ
1433 2468 1526 2518 τοῦ
1571 2466 1724 2534 ἁγίου

130 2550 468 2620 Πνεύματος
521 2552 749 2621 κίνησιν.
803 2554 1030 2624 Διόπερ.
1099 2555 1294 2624 φησιν,
1359 2556 1727 2624 Ηύλήσαμεν

129 2643 312 2710 ὑμῖν,
345 2644 440 2696 καὶ
463 2647 570 2698 οὐκ
593 2645 969 2712 ὠρχήσασθε.
1008 2649 1069 2698 Ui
1096 2645 1202 2716 γὰρ
1231 2649 1552 2718 προφητικοὶ
1580 2649 1725 2717 λόγοι

129 2734 552 2804 προτρέπονται
611 2736 758 2804 ἡμᾶς
807 2734 898 2787 ἐπὶ
957 2734 1053 2805 τὴν
1101 2734 1366 2806 εὔρυθμον
1417 2735 1516 2804 τῆς
1564 2737 1726 2804 ἁγίας

132 2826 483 2896 προφητείας
519 2828 816 2899 ἐνέργειαν,
877 2828 995 2897 ἥτις
1035 2828 1244 2898 εἴρηται
1276 2828 1518 2897 ὄρχησις.
1568 2827 1724 2881 Ἀλλά

132 2919 237 2969 καὶ
277 2918 562 2989 θρηνοῦσιν
592 2920 720 2988 ἡμῖν
762 2919 808 2970 οἱ
855 2919 1166 2989 προφῆται,
1217 2920 1294 2980 εἰς
1325 2918 1550 2971 κοπετὸν
1579 2921 1724 2988 ἡμᾶς

134 3011 598 3083 προκαλούμενοι,
633 3013 738 3075 ἵνα,
773 3014 849 3074 εἰς
875 3011 1223 3082 συναίσθησιν
1258 3010 1498 3076 ἐλθόντες
1531 3013 1592 3064 ὲκ
1617 3012 1722 3065 τῶν

137 3105 502 3174 προφητικῶν
524 3105 696 3172 λόγων
723 3104 815 3156 ἐπὶ
843 3106 954 3168 τοῖς
984 3103 1189 3156 ἑαυτῶν
1224 3104 1598 3174 ἁμαρτήμασι,
1627 3122 1722 3157 κα-

132 3196 573 3266 ταπενθήσωμεν
607 3196 761 3266 ἡμῶν
809 3197 907 3267 τὴν
953 3195 1224 3249 ἀπώλειαν
1247 3238 1261 3261 ,
1300 3198 1355 3248 ὲν
1403 3197 1592 3260 κόποις
1631 3197 1721 3249 καὶ

136 3286 364 3355 μόχθοις
404 3288 501 3357 τὴ]
551 3289 727 3358 σὰρκα
780 3287 936 3357 ἡμῶν
987 3288 1417 3350 καταπιέσαντες
1453 3285 1582 3356 (75).
1633 3286 1722 3357 Τῷ

133 3377 371 3449 τοιούτῳ
416 3380 594 3430 τοίνυν
634 3381 1062 3450 περιρρήγνυται
1117 3380 1211 3448 μὲν
1250 3379 1308 3430 τὸ
1339 3378 1588 3431 πενθικδν
1635 3379 1721 3432 ἕν-

133 3469 311 3540 ὂυμα,
358 3469 386 3522 ὃ
416 3469 770 3522 καταπενθῶν
816 3471 1004 3522 ἑαυτοῦ
1036 3469 1133 3540 τὴν
1163 3469 1433 3540 ἁμαρτίαν
1467 3471 1721 3541 περιεϐά-

133 3564 285 3619 λετο.
337 3563 675 3636 Περιτίθεται
704 3564 758 3616 δὲ
790 3563 937 3633 αὐτῷ
974 3567 1000 3616 6
1033 3562 1197 3633 χιτὼν
1230 3563 1328 3632 τῆς
1360 3563 1717 3634 εὐφροσύνης,

133 3659 233 3711 καὶ
263 3657 326 3709 τὸ
375 3656 585 3728 ῐμὰτιον
629 3656 720 3710 τοῦ
755 3656 1041 3725 σωτηρίου,
1081 3655 1148 3707 τὰ
1181 3655 1378 3726 φαιδρά
1411 3655 1580 3707 ταῦτα
1627 3658 1719 3709 καὶ

133 3751 355 3820 γαμικά
379 3751 666 3820 ἐνδύματα,
695 3744 776 3812 οἷς
806 3750 833 3800 ὁ
859 3748 1268 3819 κεκοσμημένος
1298 3750 1360 3801 ἐκ
1387 3748 1478 3800 τοῦ
1503 3749 1720 3820 νυμφῶ-

1747 3147 1790 3205 C

132 3858 226 3903 νος
258 3842 360 3892 οὐκ
390 3841 799 3910 ἐκϐληθήσεται.
832 3840 1151 3908 Διέρῤηξας
1181 3840 1287 3892 τὸν
1321 3839 1551 3892 σάκκον
1573 3857 1713 3907 μου,

133 3933 235 3983 καὶ
265 3930 618 3998 περιέζωσάς
639 3949 712 3998 με
732 3933 1137 3998 εὐφροσύνην.
1166 3932 1429 4001 Συνεργὸς
1454 3933 1531 3993 είς
1555 3931 1716 4000 μετά-

131 4038 290 4074 νοιαν
310 4023 337 4073 ὁ
364 4023 580 4085 σάκκος,
603 4021 978 4085 ταπεινώσεως
1007 4023 1267 4093 ὑπάρχων
1294 4025 1356 4075 σύ
1367 4024 1558 4093 μόολεν
1581 4024 1711 4095 (76).

134 4116 334 4169 Πάλαι
359 4119 465 4184 γὰρ
499 4114 573 4168 ἂν
606 4117 674 4168 ἐν
706 4116 931 4182 σάκκῳ,
983 4118 1136 4186 φησι,
1189 4117 1285 4169 καὶ
1331 4118 1538 4183 σποδῷ
1575 4122 1715 4171 καθ-

130 4208 345 4280 ήμενοι
362 4209 753 4278 μετενόησαν.
773 4210 922 4261 Ἐπεὶ
953 4209 1008 4261 δὲ
1032 4212 1059 4261 6
1094 4209 1409 4272 Ἀπόστολος
1441 4210 1549 4278 (77)
1581 4215 1716 4264 ἀνα-

130 4302 564 4371 κεκαλυμμένῳ
601 4301 894 4368 προσώπῳ
932 4301 1046 4367 τὴν
1083 4300 1276 4367 αὐτὴν
1308 4302 1508 4354 εἰκόνα
1552 4319 1714 4372 μετα-

135 4393 440 4465 μορφοῦται
472 4392 588 4447 ἀπὸ
619 4392 803 4461 δόξης
833 4397 918 4459 εὶς
945 4394 1149 4457 δόξαν,
1175 4395 1272 4464 τὴν
1293 4393 1535 4446 δοθεῖσαν
1564 4394 1712 4466 αύτῷ

1817 3843 1899 3887 est
1951 3834 2014 3886 ad
2061 3835 2452 3902 paenitentiam,
2504 3849 2625 3887 cum
2677 3835 2885 3903 signum
2933 3840 3003 3890 sit
3041 3837 3380 3892 humilitatis.

1819 3923 1960 3978 Olim
1991 3925 2157 3985 enim,
2193 3925 2384 3990 inquit,
2420 3926 2474 3978 in
2499 3939 2649 3976 sacco
2673 3935 2720 3976 et
2760 3926 2929 3978 cinere
2963 3929 3195 3980 sedentes
3223 3930 3383 3996 paeni-

1818 4017 2033 4067 tentiam
2066 4025 2279 4084 egerunt
2311 4013 2375 4066 “.
2401 4015 2660 4080 Quoniam
2702 4030 2828 4068 vero
2861 4017 3182 4084 Apostolus,
3241 4034 3383 4072 reve-

1815 4108 1925 4161 lata
1961 4108 2114 4175 facie,
2163 4109 2230 4161 ad
2286 4109 2516 4160 eamdem
2568 4107 2847 4175 imaginem
2902 4108 3381 4166 transformaturc

1814 4200 1985 4270 gloria
2004 4201 2057 4253 in
2079 4200 2382 4270 gloriam";
2414 4199 2609 4253 idcirco
2635 4198 2810 4252 datam
2836 4199 2936 4254 sibi
2962 4217 2989 4254 a
3016 4200 3240 4254 Domino
3258 4218 3380 4271 gra-

1817 4294 1964 4358 tiam,
1998 4293 2270 4362 propriam
2305 4292 2528 4358 gloriam
2557 4303 2730 4348 vocat.
2771 4291 2929 4348 Vsus.
2966 4294 3052 4347 13.
3098 4292 3169 4346 Ut
3203 4304 3379 4347 cantet

1814 4384 2094 4452 tibigloria
2122 4400 2256 4437 mea.
2276 4382 2456 4438 Gloria
2484 4383 2636 4450 justi,
2658 4384 2879 4451 spiritus
2905 4384 2993 4452 qui
3038 4384 3087 4436 in
3127 4383 3244 4451 ipso
3274 4394 3377 4438 est.

129 4488 295 4557 χάριν
330 4486 434 4539 ἀπὸ
461 4486 552 4538 τοῦ
586 4485 788 4555 Κυρίου
839 4485 972 4538 ἰδίαν
1011 4486 1157 4553 λέγει
1186 4486 1361 4551 δόξαν.
1417 4487 1606 4551 Ὅπως
1634 4485 1710 4538 ἂν

1818 4476 2067 4545 Quisquis
2096 4478 2256 4546 igitur
2294 4478 2482 4546 Spiritu
2521 4477 2720 4545 psallit,
2754 4479 2898 4530 dicat
2931 4496 2944 4529 :
2997 4475 3063 4529 Ut
3089 4485 3260 4530 cantet
3287 4477 3380 4530 tibi

127 4578 307 4646 ψάλῃ
335 4594 429 4631 σοι
454 4579 488 4645 ἠ
515 4576 660 4641 δόξα
673 4595 809 4646 μου.
831 4577 964 4641 Δόξα
996 4577 1200 4630 δικαίου
1233 4579 1292 4630 τὸ
1317 4578 1528 4648 πνεῦμα
1555 4578 1614 4629 τὸ
1648 4580 1704 4629 ἐν

127 4669 304 4739 αύτῷ.
360 4671 416 4721 '0
447 4665 536 4722 οὖν
564 4669 777 4738 ψάλλων
803 4668 879 4739 τῷ
917 4670 1207 4739 πνεύματι,
1239 4670 1440 4738 λεγέτω
1461 4688 1473 4700 ·
1508 4672 1705 4734 Ὅπως

198 4834 246 4864 δ’
282 4833 431 4886 Rom.
461 4850 574 4896 vm,
625 4838 675 4891 8.
753 4835 797 4866 “
826 4835 952 4889 Luc.
985 4851 1083 4896 vn,
1118 4835 1208 4887 '52.
1282 4834 1327 4864 ⁸³
1356 4833 1486 4888 Luc.
1525 4850 1577 4898 χ,
1611 4834 1700 4887 15.

124 4993 299 5048 editio
339 4992 504 5044 Paris.
548 4993 878 5063 ἀντιλήψεως
924 4995 1022 5064 τῆς
1066 4991 1183 5046 τοῦ.
1237 4992 1342 5047 Sed
1379 4992 1527 5057 illud,
1571 4993 1690 5063 τῆς,

127 5065 261 5116 delit
294 5064 342 5114 in
365 5069 595 5129 quinque
619 5081 742 5116 mss.

197 5133 314 5202 (7i)
356 5131 553 5184 Textus
586 5149 736 5186 sacer
773 5131 1092 5186 ἐκλαύσατε.

195 5203 312 5273 (75)
351 5202 497 5273 Colb.
545 5213 786 5273 quartus,
837 5204 1141 5273 πιέσαντες.
1201 5203 1394 5257 Statim
1464 5202 1679 5269 plurimi

128 5271 259 5327 mss.
293 5271 657 5340 περιεϐάλετο.
698 5272 868 5324 Editio
919 5271 1085 5343 Paris.
1135 5273 1539 5343 περιεϐάλλετο.
1580 5273 1685 5326 lbi-

127 5344 244 5397 dem
281 5345 446 5404 major
479 5359 601 5410 pars
631 5357 754 5394 mss.
785 5341 1112 5411 περιτίθεται
1143 5341 1412 5397 δὲ-αὐτοῦ.

197 5413 309 5481 (76)
350 5412 521 5465 Είιὶιίιι
557 5422 733 5465 nostra
771 5411 1086 5482 Paris.cutn
1123 5429 1227 5465 nuo
1260 5413 1414 5465 Coll).
1445 5412 1682 5482 σύμϐου-

124 5480 232 5536 λον.
282 5487 351 5535 At
415 5483 560 5533 multi
620 5496 745 5534 mss.
807 5480 1091 5549 σύμϐολον.
1144 5483 1341 5535 Ibidem
1400 5480 1566 5536 editio
1622 5485 1679 5533 ἐν

128 5555 331 5622 σάκκῳ,
382 5553 566 5621 φησιν,
603 5553 651 5603 οί
697 5553 959 5620 πατέρες,
995 5563 1099 5604 etc.
1152 5555 1219 5604 At
1253 5554 1419 5613 illud,
1469 5555 1517 5605 οἱ
1572 5569 1678 5605 πα-

125 5627 292 5694 τέρες,
330 5625 482 5675 deest
517 5624 565 5672 in
589 5637 728 5694 mss.
762 5624 977 5688 perinde
1015 5624 1260 5694 atque‘in
1294 5624 1529 5694 editione
1571 5623 1674 5674 8.:-

127 5690 202 5746 sil'.
234 5695 430 5747 Ibidem
450 5693 598 5743 multi
621 5707 744 5764 mss.
767 5707 886 5764 cum
911 5693 1143 5764 editione
1166 5690 1324 5743 Basil.
1352 5692 1683 5764 καθήμεναι.

129 5767 218 5819 Alii
263 5779 388 5818 mss.
421 5777 541 5815 cum
580 5761 810 5812 editione
847 5760 1012 5814 Paris.
1045 5762 1365 5831 καθήμενοι.

436 5856 707 5913 Ριιτιιοι..
756 5858 870 5914 Gn.
921 5857 1126 5916 XXlX

1788 5622 1927 5688 facie
1945 5663 1957 5674 .
1978 5662 2012 5676 ..
2038 5657 2054 5674 .
2077 5661 2088 5672 .

1811 4572 1980 4639 gloria
2010 4587 2144 4632 mea,
2185 4581 2229 4622 et
2261 4587 2361 4622 non
2388 4585 2726 4636 compungar.
2765 4568 2876 4621 Non
2906 4567 3150 4637 amplius,
3184 4568 3378 4637 inquit,

1813 4663 2095 4716 admittam
2123 4661 2250 4723 ulla,
2297 4663 2363 4716 ob
2400 4675 2520 4730 qua:
2563 4661 2684 4729 jure
2728 4674 2791 4713 ac
2840 4663 3032 4715 merito
3075 4675 3167 4714 cor
3198 4675 3376 4713 meum

1773 4831 1816 4861 "
1851 4828 1890 4882 ll
1925 4826 2047 4882 Cor.
2080 4842 2159 4892 ιιι,
2197 4826 2257 4879 l8

1876 4991 1987 5060 (77)
2027 4991 2132 5044 Alii
2182 5006 2310 5046 mss.
2356 5005 2476 5044 cum
2534 4991 2762 5060 editiso
2818 4988 3157 5051 Ἀπόστολος.
3195 4987 3296 5040 Alii
3343 4987 3374 5039 6

1803 5059 1988 5128 ἆγιος.
2037 5063 2235 5114 omissa
2287 5077 2412 5114 voce
2444 5059 2814 5122 "Audo-.010;
2865 5061 3058 5127 Regius
3109 5059 3374 5110 secundus

1803 5135 2018 5184 exhibet
2046 5142 2330 5200 utramque
2357 5131 2658 5192 lectionem,
2686 5147 2844 5183 unam
2869 5132 2922 5183 in
2951 5128 3373 5200 contextu,a|te-

1792 5218 1904 5254 ram
1929 5203 1978 5253 in
2004 5199 2263 5267 margine.
2285 5203 2409 5270 Reg.
2428 5204 2644 5268 quintus
2665 5201 3156 5269 inramquejunxit.
3172 5201 3198 5251 6
3219 5199 3373 5266 ἅγιος

1802 5272 2141 5333 Ἀπόστολος.
2180 5273 2418 5340 lleSpicit
2463 5271 2691 5323 Basilius
2728 5272 2792 5322 ad
2827 5281 2983 5339 caput
3025 5269 3240 5340 tertium
3289 5286 3374 5318 se-

1788 5343 1975 5395 cunda:
2033 5337 2302 5409 l‘lpistolm'
2327 5344 2390 5394 ad
2427 5340 2738 5394 Corinthios
2783 5337 2922 5395 vers.
2971 5340 3054 5399 l8,
3095 5341 3181 5391 ubi
3218 5337 3371 5409 Apo-

1788 5411 1957 5463 stolus
1997 5405 2378 5490 sic—loquitur;
2424 5411 2620 5490 ᾛμεζς
2645 5411 2711 5490 ’δὲ
2748 5411 2945 5490 πάντες
2985 5405 3370 5490 ἀνακεκαλυμ-

1789 5481 1933 5552 μένῳ
1968 5481 2354 5552 προσώπῳ.....
2384 5482 2483 5552 τὴν
2537 5480 2704 5548 αὐτὴν
2759 5483 2942 5534 εἰκόνα
2991 5480 3370 5552 μεταμορφού-

1790 5538 1928 5619 μεθα
1966 5538 2072 5602 ἀπο
2104 5538 2258 5622 δόξτίς
2293 5555 2370 5614 είς
2397 5538 2577 5616 δόξαν,
2620 5538 2731 5604 Nos
2765 5568 2884 5611 vero
2915 5538 3095 5622 omnes
3134 5538 3366 5600 reuelato

2137 5625 2188 5674 in
2220 5621 2462 5675 eamdem
2514 5623 2795 5689 imaginem
2841 5621 3284 5688 transformamur
3330 5629 3368 5669 ιι

1790 5692 2032 5813 ςζαιὲιαιε
2070 5694 2126 5746 in
2173 5693 2485 5747 claritatem.
2531 5694 2728 5748 Ibidem
2780 5692 2998 5762 plurimi
3047 5704 3175 5743 mss.
3214 5689 3367 5740 ἐπα-

1792 5779 1854 5813 οη
1913 5799 1929 5813 .

1792 5779 1854 5831 οη
1887 5779 1929 5814 ο.
