4068 6318
105 395 223 447 5‘25

1240 380 1515 436 llOMllJA
1553 380 1621 432 IN
1663 375 1986 431 PSALMUM
2027 375 2241 430 XXXII.

3236 364 3341 425 396

105 510 392 581 γενόμενοι
419 508 496 577 τῷ
526 506 733 576 Κυρίῳ,
760 506 853 558 καὶ
877 496 1104 557 καθόσον
1127 502 1288 570 ἐσμὲν
1304 502 1535 565 δυνατοὶ,
1566 514 1689 551 κατ-

1813 496 2049 548 auduiio.
2076 490 2535 559 Quemadmodum
2583 502 2675 556 pes
2714 488 2961 543 obtortus
2986 479 3168 543 calceo
3196 504 3344 542 I'etzlo

107 602 439 662 omgijoweq
474 597 639 650 αύτοῦ
684 597 752 649 τὰ
788 596 1086 664 θαυμάσια,
1122 593 1262 644 οὕτω
1299 594 1690 661 συναγάγωμεν

112 696 186 747 ἐκ
231 696 330 763 τῆς
377 690 607 760 Θεωρίας
662 692 778 752 ταῖς
826 686 1071 756 καρδίαις
1120 684 1275 753 ἡμῶν
1333 683 1687 753 εὐφροσύνην.

114 786 253 845 Τοῖς
296 780 471 834 εύθισι
530 778 729 848 πρέπει
777 780 979 839 αῐνεσις
1014 794 1025 804 ·
1063 776 1251 844 ὥσπερ
1301 774 1508 835 σκολιὸς
1559 773 1692 835 ποῦς

115 875 275 946 ὀρθῷ
306 874 604 943 ὑποδήματι
650 873 747 925 οὐκ
787 868 1157 939 ἐναρμόζεται,
1204 866 1373 927 οὓτως
1404 865 1522 916 οὐδὲ
1556 883 1692 935 καρ-

115 968 269 1028 δίαις
314 962 708 1031 ἐνδιαστρὸφοις
752 967 784 1034 ὴ
824 962 1026 1023 αἴνεσις
1080 960 1173 1013 τοῦ
1227 956 1358 1009 Θεοῦ
1408 956 1695 1026 ἐπιπρέπει

119 1055 265 1121 (8'2).
298 1056 393 1108 Διὰ
418 1054 592 1115 τοῦτο,
634 1049 807 1123 οἶμαι,
837 1051 911 1113 ὡς
943 1052 1001 1103 οὐ
1034 1052 1331 1122 πρέποντος
1365 1046 1441 1116 τῷ
1474 1048 1694 1115 στόματι

118 1146 237 1196 τῶν
265 1145 527 1215 δαιμόνων
554 1143 645 1195 τοῦ
679 1142 803 1212 περὶ
830 1139 924 1192 τοῦ
955 1142 1203 1209 Σωτῆρος
1233 1138 1389 1206 λόγου
1411 1179 1423 1200 ,
1453 1138 1698 1205 ἀφαιρεῖ-

118 1250 218 1285 ται
250 1235 424 1287 αὐτῶν
453 1232 547 1300 τὴν
573 1232 833 1297 ἐξουσίαν,
871 1230 954 1282 ἴνα
997 1230 1069 1298 μὴ
1108 1229 1335 1301 φανερὸν
1358 1226 1515 1280 αὐτὸν
1549 1228 1699 1296 ποιήδ

125 1342 290 1375 σωσι.
340 1322 446 1374 Καὶ
489 1321 565 1391 τῷ
603 1321 815 1375 Πύθωνι
857 1322 884 1372 6
923 1318 1132 1381 Παῦλος
1174 1319 1430 1388 ἐπιτιμᾷ,
1487 1318 1569 1368 ἵνα
1626 1317 1698 1387 μὴ

125 1415 243 1466 ὰπὸ
292 1411 594 1482 ἀκαθάρτου
645 1413 673 1462 6
721 1412 871 1477 ἆγιος
928 1410 1259 1480 συνιστῆται.
1312 1406 1561 1462 Τοιοῦτον
1608 1408 1701 1459 καὶ

124 1506 215 1561 τὸ.
262 1504 341 1567 Τῷ
382 1504 447 1556 δὲ
479 1501 801 1573 ἁμαρτωλῷ
824 1502 989 1555 εἶπεν
1036 1507 1067 1557 ό
1104 1504 1277 1568 Θεόςσ
1336 1504 1467 1555 Ἵνα
1514 1501 1568 1552 τι
1620 1499 1701 1551 σὺ

124 1594 380 1665 ἐκδιηγῇ
430 1599 499 1650 τὰ
555 1594 907 1663 δικαιώματά
948 1611 1098 1662 μους
1152 1592 1561 1662 Φιλοτιμώμεθα
1612 1586 1703 1643 οὖν

128 1690 330 1754 φυγεῖν
370 1689 473 1739 πᾶν
519 1685 724 1737 σκολιὸν
773 1685 929 1756 ἔργον
969 1686 1060 1736 καὶ
1106 1682 1559 1754 στραγγαλιώδες,
1612 1681 1704 1733 καὶ

144 1778 569 1848 ιατορθὼσωμεν
618 1776 691 1837 ὼς
729 1775 857 1843 εύθῆ
890 1777 1089 1827 κανόνα
1135 1775 1223 1825 τὸν
1258 1774 1379 1827 νοῦν
1425 1774 1579 1845 ἡμῶν
1613 1774 1704 1827 καὶ

1793 602 1897 640 non
1942 586 2261 653 adaptatur;
2300 586 2369 636 ita
2406 596 2577 650 neque
2604 580 2842 633 distortis
2873 579 3130 633 cordibus
3161 576 3344 631 lau'tla-

1794 674 1867 725 tio
1899 672 1989 725 Dei
2014 670 2284 723 convenit.
2309 670 2665 740 Quapropter,
2704 670 2917 737 opinor,
2950 669 3207 737 quoniam
3239 684 3345 723 ser-

1795 779 1881 817 mo
1910 765 1997 831 qui
2032 764 2095 815 de
2118 760 2401 814 Servatore
2426 764 2653 816 habetur
2691 762 2986 813 ιΙεοιιιοιιυηι
3017 776 3077 815 os
3113 775 3218 813 non
3254 762 3348 814 dc-

1796 865 1899 911 rCI,
1930 855 2127 906 idcirco
2156 851 2232 902 eis
2264 850 2449 902 adimit
2479 850 2801 912 facultatem,
2830 859 2885 901 ut
2913 865 2979 902 ne
3004 852 3345 907 manifestum

1798 943 1969 1012 ipsum
2005 944 2225 995 fat-iant.
2254 940 2316 994 Ει
2343 938 2641 1010 Pythonem
2676 944 2913 1011 increpat
2964 941 3159 997 Paulus
3193 944 3260 1010 "’,
3291 947 3349 997 ul.

1798 1050 1864 1089 ne
1892 1034 1959 1086 ah
2002 1035 2207 1102 impuro
2247 1042 2463 1087 sanctus
2498 1034 2919 1088 commendetur.
2959 1031 3088 1089 Tale
3115 1046 3196 1087 est
3225 1043 3345 1099 hoc.

1802 1127 2077 1180 Peccatori
2114 1140 2286 1179 autem
2332 1126 2465 1177 dixit
2513 1124 2691 1177 Deuv:
2732 1123 2905 1189 Quare
2938 1141 2989 1181 tu
3013 1146 3231 1183 enarra:
3258 1128 3351 1199 ju-

1795 1220 1968 1273 atitiaa
2007 1234 2144 1271 mea:
2173 1219 2262 1272 “?
2296 1218 2565 1273 Couemur
2608 1217 2767 1285 igitur
2802 1216 2984 1285 fugere
3028 1236 3185 1277 omne
3216 1236 3352 1292 opus

1799 1313 2073 1379 obliquum
2109 1323 2171 1361 ac
2203 1318 2540 1375 tortuosum;
2583 1318 2741 1376 atque
2776 1319 3005 1362 mentem
3039 1323 3276 1366 nostram
3300 1314 3355 1368 et

1801 1400 2241 1471 animijudicium
2271 1399 2321 1452 in
2367 1403 2578 1454 modum
2613 1411 2771 1453 recta:
2812 1402 3007 1468 regulae
3041 1403 3351 1473 dirigamus,

1805 1506 1859 1548 ut
1892 1511 2011 1548 cum
2043 1495 2170 1548 recti
2201 1493 2481 1558 fuerimus,
2505 1497 2692 1549 deceat
2721 1511 2815 1550 nos
2860 1495 3066 1549 Domini
3095 1492 3351 1553 laudatio.

1802 1586 1876 1639 Ita
1911 1588 2053 1640 enim
2081 1588 2283 1656 peccati
2311 1595 2495 1638 auctor
2517 1603 2759 1654 serpens,
2813 1586 3062 1656 obliquus
3120 1591 3314 1643 dicitur
3338 1630 3353 1653 ,

1805 1688 1858 1731 et
1880 1677 2081 1745 gladius
2110 1679 2198 1732 Dei
2226 1677 2495 1731 inducitur
2521 1678 2571 1731 in
2605 1678 2889 1733 draconem
2923 1692 3222 1749 serpentem
3251 1693 3359 1737 tor.

1808 1776 2016 1821 tuosum
2048 1768 2115 1829 ",
2143 1772 2283 1839 quod
2307 1768 2479 1838 spiras
2503 1783 2565 1823 ac
2602 1771 2824 1823 divortia
2867 1773 2917 1826 in
2946 1773 3139 1827 itinere
3174 1774 3355 1828 faciat.

139 1868 194 1919 τὸ
234 1840 513 1937 κριτήριον
555 1866 654 1934 τῆς
710 1840 902 1933 ψυχῆς,
951 1864 1036 1915 ἴνα
1092 1865 1399 1933 γενομένοις
1446 1840 1579 1935 ημῖν
1613 1866 1704 1917 εὐ-

1815 1859 2019 1911 Etenitn
2048 1858 2172 1911 dum
2211 1860 2474 1928 serpentis
2507 1869 2707 1912 tractus
2735 1862 2966 1925 ducitur,
3013 1865 3066 1917 itt
3097 1874 3235 1918 terra
3272 1866 3355 1918 ia-

130 1956 288 2008 θὲσιν
340 1956 611 2027 ἐπιπρέψῃ
644 1957 675 2024 ἡ
712 1954 913 2010 αἴνεσις
959 1953 1050 2006 τοῦ
1086 1954 1308 2023 Κυρίου.
1359 1954 1565 2028 Ὥσπερ
1601 1955 1708 2027 γὰρ

129 2050 160 2101 ὁ
201 2052 301 2118 τὴν
342 2048 607 2117 ἁμαρτίαν
648 2046 1094 2117 καθηγησάμενος
1137 2047 1258 2114 ὄφις
1299 2045 1509 2109 σκολιὸς
1556 2049 1710 2117 λέγε-

129 2153 253 2200 ται,
288 2140 381 2191 καὶ
427 2139 687 2206 ἐπάγεται
719 2140 751 2207 ἡ
781 2138 871 2190 τοῦ
900 2137 1031 2189 Θεοῦ
1064 2138 1308 2208 μάχαιρα
1345 2137 1437 2189 ἐπὶ
1484 2137 1564 2191 τὸν
1591 2140 1711 2209 δρά-

133 2246 305 2282 κοντα
333 2230 421 2281 τὸν
453 2230 573 2298 ὅφιν
618 2229 728 2299 (85)
771 2230 859 2280 τὸν
900 2228 1128 2290 σκολιὸν,
1172 2229 1250 2279 ὅτι
1298 2226 1494 2289 πολλὰς
1538 2229 1711 2282 ἐκκλί-

136 2334 260 2378 σεις
292 2319 381 2369 καὶ
420 2316 684 2386 ἐκτροπάς
711 2317 767 2366 ἐν
804 2318 869 2384 τῇ
901 2313 1094 2383 πορείᾳ
1122 2316 1370 2365 ποιεῖται.
1407 2312 1709 2382 Συρόμενος

135 2408 254 2475 γὰρ
282 2409 309 2457 ὁ
334 2406 486 2468 ὁλκὸς
524 2406 616 2457 τοῦ
650 2406 821 2473 ὄφεως
844 2404 1139 2473 ἀνωμάλως
1172 2406 1237 2474 τῇ
1276 2404 1345 2471 γῇ
1370 2400 1708 2472 ἐπισύρεται,

139 2497 319 2560 ἄλλως
356 2496 645 2567 ὁρμώντων
673 2496 780 2549 τῶν
810 2493 1133 2565 ἔμπροσθεν,
1171 2496 1262 2547 καὶ
1305 2494 1544 2560 πλαγίως
1589 2495 1711 2561 ἐφε-

138 2591 393 2661 πομένων
444 2589 550 2642 τῶν
592 2590 750 2659 ἑξῆς.
805 2588 897 2641 καὶ
942 2587 1102 2640 πάλιν
1146 2587 1251 2639 τῶν
1292 2586 1525 2657 οὐραίων
1578 2578 1712 2656 πρὸς

137 2686 203 2735 τὸ
238 2680 474 2735 ἐναντίον
502 2682 886 2734 ἀπονευόντων.
926 2680 1087 2732 Ὥστε
1119 2682 1146 2733 6
1200 2679 1295 2749 μὲν
1325 2678 1401 2749 τῷ
1438 2679 1557 2747 ὄφει
1596 2672 1712 2731 ἐπό-

146 2790 311 2841 μενος
353 2774 558 2824 σκολιὸν
594 2774 685 2823 καὶ
727 2771 1009 2839 ἀνώμαλον
1038 2763 1132 2821 καὶ
1174 2772 1587 2839 ἐναντιωμάτων
1615 2769 1709 2836 γέ-

146 2879 319 2918 μοντα
348 2862 437 2913 τὸν
485 2861 596 2927 βίον
637 2859 825 2912 ἐαυτοῦ
858 2860 1180 2924 ἐπιδείξεται
1203 2876 1215 2889 ο
1252 2862 1279 2911 6
1306 2859 1361 2910 δὲ
1396 2860 1566 2911 ὀπίσω
1598 2854 1712 2911 Κυ-

145 2953 267 3023 ρίου
300 2952 391 3006 τοῦ
412 2952 546 3005 Θεοῦ
586 2952 945 3024 πορευόμενος
974 2942 1188 3013 εὐθείας
1215 2954 1445 3001 ποιεῖται
1474 2948 1569 3011 τὰς
1602 2948 1654 3015 (8
1669 2946 1709 3018 ι)

141 3045 387 3115 τρίϐους,
438 3044 531 3097 καὶ
574 3044 737 3114 ὀρθὰς
775 3043 871 3104 τὰς
920 3042 1137 3113 τροχιὰς
1178 3039 1283 3093 τῶν
1316 3039 1490 3091 ποδῶν
1528 3037 1709 3090 αὑτοῦ.

141 3135 344 3202 Εὑθὴς
378 3135 485 3206 γάρ
525 3137 736 3203 Κύριος
775 3136 806 3186 ὀ
846 3133 985 3197 Θεὸς
1020 3126 1205 3200 ἡμῶν,
1250 3129 1345 3183 καὶ
1388 3132 1711 3195 εὐθύτητας

144 3223 273 3279 εἶδε
300 3227 365 3279 τὸ
399 3229 717 3295 πρόσωπον
754 3220 961 3279 αὐτοῦ.
1006 3220 1129 3276 Ἐὰν
1162 3221 1254 3275 δύο
1288 3222 1510 3283 κανόνες
1551 3220 1711 3290 ἀλλή-

144 3320 265 3381 λοις
316 3318 723 3389 παρατεθῶσιν,
771 3314 803 3387 ἠ
861 3317 1088 3387 εὐθύτης
1145 3316 1322 3368 αὐτῶν
1387 3311 1711 3383 συναρμόζει

148 3411 402 3481 ἀλλήλοις
420 3428 431 3439 ·
460 3410 553 3461 ἐὰν
582 3410 635 3461 δὲ
670 3409 991 3479 διάστροφον
1014 3408 1166 3471 ξύλον
1200 3406 1379 3459 κανόνι
1411 3403 1713 3475 παρατεθῇ,

1810 1950 2087 2016 aequaliter
2125 1949 2449 2018 imprimitur
2483 1968 2496 2003 :
2529 1966 2650 2005 eum
2692 1952 2851 2005 aliter
2889 1958 3179 2022 procedant
3207 1965 3361 2011 ante-

1812 2040 1983 2093 riores
2006 2050 2206 2109 partes,
2242 2052 2295 2094 et
2328 2043 2541 2110 oblique
2570 2044 2917 2113 insequantur
2946 2058 3359 2117 consequentes,

1809 2142 1862 2185 et
1882 2146 2089 2184 rursum
2109 2134 2291 2187 cauda:
2317 2145 2492 2201 partes
2512 2136 2563 2188 in
2581 2136 2908 2192 contrarium
2928 2150 3166 2210 vergant.
3182 2133 3361 2209 Quare

1809 2227 1898 2295 qui
1937 2236 2237 2293 serpentem
2290 2226 2553 2296 sequitur,
2603 2244 2751 2283 suam
2788 2232 2949 2286 vitam
2982 2224 3250 2303 obliquam
3282 2236 3362 2289 in-

1809 2317 2175 2388 :equalenique
2198 2326 2249 2371 et
2281 2318 2745 2375 contrarietatibus
2762 2322 3005 2379 refertam
3022 2319 3361 2381 demonstra.

1809 2407 1925 2461 bit:
1957 2410 2046 2478 qui
2079 2424 2206 2462 vero
2246 2422 2381 2476 pone
2427 2406 2704 2462 Dominum
2740 2402 2905 2465 Deum
2942 2415 3153 2479 incedit,
3187 2428 3362 2472 rectas

1810 2500 2028 2551 semitas
2044 2508 2096 2551 et
2128 2509 2269 2553 recta
2296 2499 2512 2569 vestigia
2539 2502 2728 2569 pedum
2752 2516 2967 2556 suorum
2998 2499 3144 2560 facit.
3176 2504 3363 2563 Rectus

1810 2587 1950 2641 enim
1991 2587 2241 2639 Dominus
2278 2588 2411 2641 Deus
2456 2602 2648 2655 noster,
2680 2601 2727 2644 et
2760 2608 2875 2661 quia
2911 2605 3048 2647 recta
3085 2605 3205 2650 sunt
3239 2599 3363 2651 vidit

1811 2676 1969 2745 facies
2002 2676 2163 2745 ipsius
2187 2677 2275 2729 ιη’.
2298 2676 2512 2743 Regula:
2535 2678 2653 2731 duae
2681 2679 2722 2733 si
2750 2679 2902 2749 juxta
2933 2697 2990 2737 se
3014 2685 3363 2750 collocentitr,

1810 2785 1993 2824 earum
2033 2769 2297 2823 rectitudo
2344 2770 2482 2822 inter
2514 2785 2571 2823 se
2608 2775 2889 2837 convenit;
2924 2776 2966 2828 si
3001 2792 3129 2833 vero
3167 2778 3365 2833 distorti

1814 2874 1921 2917 tum
1957 2862 2157 2931 lignum
2188 2863 2253 2915 ad
2295 2858 2529 2931 regulam
2563 2873 2879 2932 apponatur,
2914 2867 3183 2922 obtortum
3216 2886 3366 2939 repe-

1812 2952 1949 3005 ritur
1998 2964 2139 3005 recto
2184 2968 2287 3006 non
2332 2968 2644 3022 congruere.
2690 2953 2951 3021 Quoniam
3009 2958 3171 3026 igitur
3222 2966 3365 3014 recta

1814 3054 1895 3095 est
1934 3041 2024 3096 Dei
2061 3042 2309 3105 laudatio,
2358 3054 2502 3096 recto
2535 3058 2665 3112 Opus
2709 3055 2790 3099 est
2838 3048 3020 3112 corde,
3066 3050 3114 3104 ei
3161 3063 3218 3106 ut
3250 3052 3368 3107 laus

1813 3135 2090 3189 conveniat
2124 3144 2512 3201 competatque.
2542 3134 2691 3199 Quod
2725 3136 2766 3189 si
2808 3152 2964 3191 nemo
2995 3139 3135 3195 valet
3181 3143 3359 3197 dicere

1818 3220 2096 3279 Dominum
2129 3224 2305 3280 Jesum
2339 3227 2438 3281 nisi
2476 3228 2526 3280 in
2559 3224 2757 3295 Spiritu
2790 3240 2977 3283 sancto
3002 3231 3068 3295 ",
3099 3236 3367 3303 quomodo

1818 3313 2058 3383 proferes
2092 3314 2323 3377 laudem,
2349 3332 2467 3369 cum
2505 3324 2707 3370 rectum
2740 3319 2988 3387 spiritum
3023 3322 3127 3377 non
3166 3324 3366 3378 habeas

1822 3403 1873 3455 iu
1903 3403 2010 3455 tuis
2045 3404 2336 3458 visceribus
2368 3407 2674 3459 innovatum
2698 3406 2775 3462 "‘2

149 3501 563 3569 ἀσυνάρμοστον
619 3498 927 3567 εὑρίσκεται
984 3496 1061 3565 τῷ
1118 3496 1261 3565 ὀρθῷ
1324 3496 1385 3547 τὸ
1437 3494 1708 3564 στρεὸλόν.
1765 3495 1916 3550 Ἐπεὶ
1956 3491 2048 3548 οὖν
2096 3495 2256 3567 εὑθής
2300 3500 2445 3550 ἐστιν
2476 3500 2509 3567 ἡ
2544 3499 2637 3551 τοῦ
2703 3500 2835 3553 Θεοῦ
2901 3505 3123 3569 αίνεσις,
3164 3498 3372 3573 εὐθείας

151 3593 313 3665 χρεία
335 3592 579 3662 καρδίας,
597 3592 969 3662 ἵναέπιπρέψῃ
984 3592 1118 3661 αὐτῇ
1144 3590 1235 3642 καὶ
1277 3588 1561 3658 ἐφαρμόσῃ
1598 3588 1625 3639 6
1650 3587 1756 3657 (85)
1797 3582 1959 3650 αἶνος.
1985 3590 2048 3641 Εἰ
2084 3590 2139 3642 δὲ
2199 3592 2371 3653 οὐδεὶς
2401 3576 2618 3646 δύναται
2650 3595 2822 3646 εἰπεῖν
2853 3595 3051 3666 Κύριον
3090 3599 3291 3670 Ἰησοῦν
3324 3604 3371 3654 εί

156 3690 232 3759 μὴ
258 3692 315 3743 ἐν
350 3688 625 3758 Πνεύματι
659 3688 818 3757 ἁγίῳ,
851 3686 966 3749 πῶς
997 3687 1061 3739 ἂν
1089 3684 1315 3757 ἐνέγκῃς
1340 3684 1428 3737 τὸν
1468 3679 1552 3737 air

156 3798 251 3833 σου
273 3798 287 3845 ;

226 3874 281 3926 2.
331 3873 819 3944 Ἐξομολογεῖσθε
874 3871 953 3936 τῷ
1001 3868 1193 3940 Κυρίῳ
1238 3864 1307 3925 ἐν
1357 3867 1596 3940 κιθάρᾳ,
1646 3864 1716 3924 ἐν

156 3968 470 4035 ψαίτηρίῳ
508 3965 843 4033 δεκαχόρδῳ
872 3963 1104 4032 ψάλατε
1149 3962 1325 4028 αὐτῷ.
1362 3965 1630 4034 Πρότερον
1660 3964 1717 4015 ἐν

158 4057 363 4125 κιθάρᾳ
410 4055 489 4107 δεῖ
539 4055 1031 4122 ἐξομολογήσασθαι
1084 4055 1191 4124 (86)
1231 4054 1305 4123 τῷ
1340 4056 1561 4124 Κυρίῳ·
1598 4072 1721 4106 του-

158 4147 334 4207 τέστι,
368 4146 465 4207 τὰς
496 4145 583 4197 διὰ
640 4145 732 4197 τοῦ
793 4137 1042 4215 σώματος
1101 4145 1376 4216 ἐνεργείας
1434 4145 1720 4205 ἀποδοῦναι

160 4237 514 4309 ἐναρμονίως.
562 4236 775 4306 Ἐπειδὴ
802 4236 907 4305 γάρ
939 4240 995 4288 ἐν
1021 4237 1095 4306 τῷ
1125 4234 1332 4305 σώματι
1381 4238 1717 4308 ἡμάρτομεν,

160 4329 249 4381 ὅτε
280 4326 699 4397 παρεστήσαμεν
728 4328 794 4378 τὰ
832 4327 967 4397 μέλη
995 4326 1159 4395 «ἡμῶν
1184 4326 1343 4378 δοῦλα
1376 4330 1440 4397 τῇ
1478 4326 1721 4399 ἁμαρτία

161 4420 243 4480 είς
269 4418 367 4486 τὴν
402 4416 645 4485 ἀνομίαν,
680 4415 756 4485 τῷ
796 4414 1005 4485 σώματι
1044 4417 1135 4467 καὶ
1182 4414 1718 4487 ἐξομολογησὼμεθα,

162 4508 239 4576 τῷ
280 4507 427 4576 αὐτῷ
453 4507 780 4578 κεχρημένοι
811 4506 1023 4577 ὀργάνῳ
1052 4506 1187 4573 πρὸς
1211 4506 1309 4575 τὴν
1343 4508 1597 4561 ἀνάλυσιν
1622 4509 1721 4579 τῆς

166 4598 460 4667 ἁμαρτίας.
522 4597 926 4667 Ἐλοιδόρησας;
979 4599 1290 4668 εύλόγησον.
1334 4600 1717 4672 Ἐπλεονέκτη-

1688 3683 1755 3751 ·ιὴ
1794 3681 1930 3753 ἔχων
1967 3684 2026 3737 τὺ
2059 3684 2212 3746 siml;
2239 3686 2455 3757 πνεῦμα
2518 3688 2856 3757 ἐγκαινισθὲν
2893 3692 2948 3743 ὲν
2977 3695 3086 3756 τοῖς
3124 3696 3371 3763 ὲγκάτοις

1888 3867 1941 3922 2.
1984 3867 2135 3922 VERS.
2186 3867 2239 3923 2.
2277 3867 2609 3937 Conﬁteminl
2661 3864 2883 3926 Domino
2932 3874 2985 3926 in
3035 3876 3268 3943 cithara,
3318 3875 3374 3932 lit

1820 3961 2065 4026 psalterio
2099 3962 2270 4012 decem
2309 3964 2623 4013 chordarum
2659 3964 2866 4029 psallite
2906 3965 3003 4019 illi.
3043 3966 3278 4023 Primum
3320 3974 3371 4023 in

1822 4052 2025 4104 cithara
2062 4051 2282 4103 Domino
2322 4051 2563 4103 conﬁteri
2595 4062 2835 4121 oportet;
2874 4056 2973 4110 hoc
3000 4065 3101 4121 est,
3133 4061 3375 4125 corporis

1827 4142 2063 4195 actiones
2100 4143 2358 4195 concinne
2392 4144 2684 4198 absolvere.
2717 4145 2976 4210 Quoniam
3024 4149 3167 4202 enim
3216 4144 3371 4222 133

1827 4233 1881 4288 in
1920 4247 2145 4301 corpore
2177 4234 2534 4303 peccavimus,
2561 4249 2682 4287 cum
2724 4246 2905 4288 nostra
2939 4237 3175 4292 membra
3219 4250 3375 4295 serva

1826 4326 2045 4392 peccato
2077 4325 2143 4378 ad
2187 4325 2519 4391 iniquitatem
2558 4326 2901 4394 praebuimus.
2945 4341 3165 4396 corpore
3214 4331 3376 4385 etiam

1826 4417 2199 4481 conliteamur,
2242 4418 2429 4470 eodem
2467 4426 2677 4471 utentes
2706 4416 3060 4470 instrunmento
3089 4419 3153 4470 ad
3188 4435 3377 4489 pecca-

1827 4518 1936 4562 tum
1990 4510 2378 4563 dissolvendum
2405 4510 2470 4564 ³⁸.
2526 4509 2869 4564 Conviclatus
2924 4510 3017 4563 es?
3070 4512 3375 4569 benedicasi

1830 4598 2081 4668 Eripuisti
2146 4602 2359 4654 aliena?
2420 4603 2645 4657 reddito.
2696 4602 2989 4657 Inebriatus
3039 4603 3131 4657 es?
3176 4603 3376 4674 jejuna;

169 4704 302 4752 σας;
348 4687 561 4749 ἀπόδος.
605 4688 936 4758 Ἑμεθύσθης
976 4689 1115 4757 (87);
1146 4693 1458 4759 νήστευσον.
1503 4692 1709 4757 Ἦλαζο-

1825 4692 2101 4760 Superbus
2134 4693 2321 4747 fuisti?
2354 4705 2468 4748 esto
2511 4694 2744 4747 humilis.
2796 4694 3081 4748 lnvidisti?
3132 4698 3375 4750 obsecra.

169 4779 379 4843 νεύσω;
445 4778 825 4850 ταπεινώθητι.
894 4770 1256 4849 ⁴Εφθόνησας;
1325 4783 1720 4853 παρακάλεσον.

180 4870 537 4939 Ἐφὸνευσας;
577 4870 1017 4941 μαρτύρησον·ἢ
1065 4869 1133 4922 τὰ
1181 4870 1595 4941 ίσοδυναμοῦντα
1650 4873 1727 4943 τῷ

240 4980 286 5013 δ’
330 4983 443 5034 Act.
487 4998 595 5041 xvr,
655 4981 741 5035 18.
830 4984 875 5014 ⁸ο
924 4982 1066 5036 Psal.
1102 4999 1224 5038 xm
1254 5025 1268 5049 ,
1306 4985 1392 5040 16.

170 5052 214 5083 ⁵³
246 5050 390 5104 Psal.
426 5070 477 5114 1.,
510 5052 593 5106 12.
674 5052 721 5082 ³⁸
760 5051 913 5106 Rom.
944 5069 1014 5112 νι,
1055 5054 1143 5106 19.

242 5163 355 5233 (82)
398 5162 527 5233 Beg.
559 5165 747 5217 tertius
777 5164 907 5217 Θεοῦ
951 5166 1165 5233 πρέπει.

240 5232 355 5303 (85)
397 5232 570 5285 Editio
624 5233 793 5287 Paris.
841 5237 931 5287 τὸν
980 5232 1120 5303 ὅφιν.
1175 5233 1332 5287 Deest
1366 5232 1623 5287 articulus
1672 5233 1724 5287 in

170 5302 443 5383 omnibus,
484 5317 617 5369 quos
663 5306 791 5357 mihi
838 5308 1052 5375 quidem
1102 5304 1281 5358 videre
1328 5304 1584 5373 contigit,
1630 5319 1725 5358 co-

176 5374 401 5425 dicibtts.
860 5374 865 5375 ⁷

242 5440 356 5509 (84)
397 5440 545 5494 Colb.
574 5451 797 5507 quartus
830 5446 965 5495 ποιεῖ
993 5444 1107 5506 τάς.

244 5510 356 5577 (85)
394 5510 541 5563 Colh.
567 5522 787 5579 quartus
833 5514 925 5563 καὶ
974 5511 1287 5582 ἐφαρμοσθῇ
1336 5512 1384 5565 ό.
1417 5512 1532 5567 Mox
1573 5514 1718 5577 Regii

176 5583 365 5632 tertius
386 5591 439 5631 et
463 5590 647 5633 sextus
670 5595 785 5631 cum
810 5584 1039 5634 editione
1068 5583 1227 5635 Basd.
1256 5586 1575 5647 coniunctim
1606 5584 1723 5646 πῶς

176 5650 491 5721 ἀνενέγκῃς.
519 5649 693 5721 Editio
716 5648 886 5703 Paris.
912 5667 1033 5721 cum
1064 5651 1401 5721 Regrquinto
1433 5655 1721 5718 separatim

176 5720 237 5791 ἂν
280 5718 698 5791 ἐνέγκῃςκιὶες.
726 5720 1140 5791 secunduscum
1172 5720 1319 5791 Colbr.
1351 5724 1575 5789 septimo
1609 5722 1722 5791 πῶς

176 5787 498 5856 άνενὲγκεις.
526 5790 671 5845 Coll).
695 5799 915 5859 quartus
938 5790 1051 5853 πῶς
1078 5790 1140 5842 ἂν
1166 5787 1423 5862 ἐνενέγκῂ
1452 5792 1541 5845 τὸν
1574 5787 1719 5845 αἶνον

1502 4988 1546 5018 ⁸⁸
1581 4986 1683 5043 lsa.
1720 5005 1888 5056 xxvu,
1920 4991 1969 5044 1.

1829 4781 2117 4839 Occidisti?
2156 4788 2465 4856 martyrium
2504 4784 2772 4855 perferas;
2822 4786 2904 4839 vel
2941 4784 3080 4856 quod
3125 4788 3380 4858 martyrid

1832 4892 1929 4945 par
1959 4887 2061 4940 est,
2105 4892 2198 4947 per
2230 4877 2615 4933 confessionem
2661 4893 2853 4946 corpus
2898 4887 3040 4930 tuum
3076 4876 3269 4947 aﬂlige.
3312 4876 3380 4930 Et

2068 4993 2137 5025 "‘
2177 4992 2320 5047 Psal.
2349 5009 2457 5058 χοι,
2499 4994 2597 5061 16;
2658 5010 2713 5057 x,
2742 4990 2795 5045 8i
2895 4992 2939 5023 "
2974 4990 3143 5045 ίίῖοΐ·
3198 5006 3293 5057 ιη.
3323 4992 3376 5047 δ·

1822 5168 1849 5219 6
1887 5166 2050 5247 μὴτ...
2080 5171 2137 5221 ὲν
2183 5174 2295 5234 τοῖς
2336 5170 2588 5240 ὲγκάτοις
2638 5172 2835 5238 dotali;
2890 5172 3158 5239 Quomodo
3202 5176 3246 5229 is
3294 5178 3383 5247 qui

1824 5249 1929 5289 non
1959 5242 2131 5301 habet,
2157 5254 2261 5293 etc.

1894 5306 2016 5378 (86))
2047 5309 2119 5360 Ita
2151 5311 2384 5378 quinque
2420 5326 2545 5366 mss.
2578 5327 2698 5365 cum
2732 5314 2964 5367 editione
2996 5313 3161 5367 Basil.
3197 5315 3376 5369 Editio

1824 5390 1950 5454 vero
2001 5377 2247 5454 Paris._et
2288 5377 2522 5433 nonnulli
2575 5398 2702 5454 mss,
2749 5383 3206 5454 ἐξομολογεῖσθαι.
3260 5384 3382 5438 Mox

1825 5445 1950 5523 editi
1989 5461 2107 5523 cum
2160 5448 2289 5514 Reg.
2334 5464 2525 5523 quarto
2574 5445 2864 5507 ἀποδοῦναι
2915 5445 3269 5523 ἐναρμονίως.
3313 5459 3385 5508 At

1826 5514 2177 5593 aliiquinque
2217 5514 2706 5593 ιιιεε.”ἐναρμονίως
2743 5514 3069 5579 ὰποδιδόνάιξ

1900 5585 2010 5663 (87)
2049 5585 2178 5655 Reg.
2211 5585 2486 5663 secundus
2511 5585 2635 5663 cum
2667 5593 3046 5663 ‘Colb.iqu.into
3088 5593 3380 5663 ὲμέθυσαςε

1828 5653 1927 5733 Alii
1948 5670 2088 5733 mss.
2119 5653 2238 5733 cum
2270 5660 2426 5715 editis
2455 5660 2778 5732 ἐμεθύσθης.
2822 5653 3013 5719 Statim
3053 5653 3202 5720 Cdlb.
3230 5653 3383 5733 quin!

1828 5731 1912 5778 tus
1940 5723 2317 5797 ἠλαζονεύθηςε
2487 5723 2499 5732 ’
2713 5723 2725 5732 ’
2741 5723 2752 5725 “
3162 5747 3165 5751 ·
