  <div class='ocr_page' id='page_1' title='image "/cluster/home/n/w/nwhite01/storage/ocr_20150623/29/pst.000005712274/567.png"; bbox 0 0 4098 6324; ppageno 0'>
   <div class='ocr_carea' id='block_1_1' title="bbox 705 374 813 429">
    <p class='ocr_par' dir='ltr' id='par_1_1' title="bbox 705 374 813 429">
     <span class='ocr_line' id='line_1_1' title="bbox 705 374 813 429; baseline -0.009 0"><span class='ocrx_word' id='word_1_1' title='bbox 705 374 813 429; x_wconf 66' lang='grc'><strong>327</strong></span> 
     </span>
    </p>
   </div>
   <div class='ocr_carea' id='block_1_2' title="bbox 2057 369 2646 425">
    <p class='ocr_par' dir='ltr' id='par_1_2' title="bbox 2057 369 2646 425">
     <span class='ocr_line' id='line_1_2' title="bbox 2057 369 2646 425; baseline 0.002 -2"><span class='ocrx_word' id='word_1_2' title='bbox 2057 369 2110 424; x_wconf 92' lang='lat' dir='ltr'><strong>S.</strong></span> <span class='ocrx_word' id='word_1_3' title='bbox 2155 370 2392 425; x_wconf 73' lang='lat' dir='ltr'><strong>BASILII</strong></span> <span class='ocrx_word' id='word_1_4' title='bbox 2434 370 2646 425; x_wconf 76' lang='lat' dir='ltr'><strong>MAGNI</strong></span> 
     </span>
    </p>
   </div>
   <div class='ocr_carea' id='block_1_3' title="bbox 3866 378 3958 430">
    <p class='ocr_par' dir='ltr' id='par_1_3' title="bbox 3866 378 3958 430">
     <span class='ocr_line' id='line_1_3' title="bbox 3866 378 3958 430; baseline 0 -1"><span class='ocrx_word' id='word_1_5' title='bbox 3866 378 3958 430; x_wconf 67' lang='lat'><strong>5229&#39;</strong></span> 
     </span>
    </p>
   </div>
   <div class='ocr_carea' id='block_1_4' title="bbox 709 489 2254 562">
    <p class='ocr_par' dir='ltr' id='par_1_4' title="bbox 709 489 2254 562">
     <span class='ocr_line' id='line_1_4' title="bbox 709 489 2254 562; baseline -0.003 -16"><span class='ocrx_word' id='word_1_6' title='bbox 709 505 834 547; x_wconf 90' lang='lat' dir='ltr'><strong>tunc</strong></span> <span class='ocrx_word' id='word_1_7' title='bbox 871 503 991 562; x_wconf 83' lang='lat' dir='ltr'><strong>post</strong></span> <span class='ocrx_word' id='word_1_8' title='bbox 1041 490 1467 554; x_wconf 78' lang='lat' dir='ltr'><strong>confessionem,</strong></span> <span class='ocrx_word' id='word_1_9' title='bbox 1512 491 1700 558; x_wconf 77' lang='lat' dir='ltr'><strong>dignus</strong></span> <span class='ocrx_word' id='word_1_10' title='bbox 1747 503 1804 541; x_wconf 86' lang='lat' dir='ltr'><strong>es</strong></span> <span class='ocrx_word' id='word_1_11' title='bbox 1852 490 1941 557; x_wconf 90' lang='lat' dir='ltr'><strong>qui</strong></span> <span class='ocrx_word' id='word_1_12' title='bbox 2008 489 2060 542; x_wconf 92' lang='lat' dir='ltr'><strong>in</strong></span> <span class='ocrx_word' id='word_1_13' title='bbox 2116 491 2254 543; x_wconf 24' lang='lat' dir='ltr'><strong>iteca.</strong></span> 
     </span>
    </p>
   </div>
   <div class='ocr_carea' id='block_1_5' title="bbox 2359 489 3956 562">
    <p class='ocr_par' dir='ltr' id='par_1_5' title="bbox 2383 490 3956 562">
     <span class='ocr_line' id='line_1_5' title="bbox 2383 490 3956 562; baseline 0 -18"><span class='ocrx_word' id='word_1_14' title='bbox 2383 491 2683 561; x_wconf 81' lang='grc' dir='ltr'>μαρτυρίῳ,</span> <span class='ocrx_word' id='word_1_15' title='bbox 2715 491 2802 542; x_wconf 68' lang='grc' dir='ltr'>διὰ</span> <span class='ocrx_word' id='word_1_16' title='bbox 2829 491 2926 560; x_wconf 78' lang='grc' dir='ltr'>τῆς</span> <span class='ocrx_word' id='word_1_17' title='bbox 2965 490 3402 561; x_wconf 76' lang='grc' dir='ltr'>ὲξομολογήσεως</span> <span class='ocrx_word' id='word_1_18' title='bbox 3437 492 3674 546; x_wconf 83' lang='grc' dir='ltr'>σεαυτοῦ</span> <span class='ocrx_word' id='word_1_19' title='bbox 3717 494 3783 545; x_wconf 84' lang='grc' dir='ltr'><strong>τὸ</strong></span> <span class='ocrx_word' id='word_1_20' title='bbox 3815 493 3956 562; x_wconf 69' lang='grc' dir='ltr'>σῶμα</span> 
     </span>
    </p>
   </div>
   <div class='ocr_carea' id='block_1_6' title="bbox 707 578 2277 654">
    <p class='ocr_par' dir='ltr' id='par_1_6' title="bbox 707 578 2277 654">
     <span class='ocr_line' id='line_1_6' title="bbox 707 578 2277 654; baseline -0.005 -12"><span class='ocrx_word' id='word_1_21' title='bbox 707 587 911 642; x_wconf 88' lang='lat' dir='ltr'><strong>chordo</strong></span> <span class='ocrx_word' id='word_1_22' title='bbox 956 585 1209 654; x_wconf 86' lang='lat' dir='ltr'><strong>psalterio</strong></span> <span class='ocrx_word' id='word_1_23' title='bbox 1262 583 1371 637; x_wconf 90' lang='lat' dir='ltr'><strong>Deo</strong></span> <span class='ocrx_word' id='word_1_24' title='bbox 1419 581 1704 652; x_wconf 79' lang='lat' dir='ltr'><strong>psallas&quot;.</strong></span> <span class='ocrx_word' id='word_1_25' title='bbox 1756 578 1915 634; x_wconf 82' lang='lat' dir='ltr'><strong>Prius</strong></span> <span class='ocrx_word' id='word_1_26' title='bbox 1966 580 2108 634; x_wconf 91' lang='lat' dir='ltr'><strong>enim</strong></span> <span class='ocrx_word' id='word_1_27' title='bbox 2155 596 2277 634; x_wconf 90' lang='lat' dir='ltr'><strong>cor-</strong></span> 
     </span>
    </p>
   </div>
   <div class='ocr_carea' id='block_1_7' title="bbox 710 674 2279 747">
    <p class='ocr_par' dir='ltr' id='par_1_7' title="bbox 710 674 2279 747">
     <span class='ocr_line' id='line_1_7' title="bbox 710 674 2279 747; baseline -0.003 -17"><span class='ocrx_word' id='word_1_28' title='bbox 710 680 857 747; x_wconf 81' lang='lat' dir='ltr'><strong>poris</strong></span> <span class='ocrx_word' id='word_1_29' title='bbox 909 679 1148 733; x_wconf 81' lang='lat' dir='ltr'><strong>actiones</strong></span> <span class='ocrx_word' id='word_1_30' title='bbox 1198 687 1413 745; x_wconf 75' lang='lat' dir='ltr'><strong>oportet</strong></span> <span class='ocrx_word' id='word_1_31' title='bbox 1455 674 1768 738; x_wconf 84' lang='lat' dir='ltr'><strong>emendari,</strong></span> <span class='ocrx_word' id='word_1_32' title='bbox 1813 681 1869 726; x_wconf 91' lang='lat' dir='ltr'><strong>ut</strong></span> <span class='ocrx_word' id='word_1_33' title='bbox 1919 683 2279 741; x_wconf 80' lang='lat' dir='ltr'><strong>Congruenter</strong></span> 
     </span>
    </p>
   </div>
   <div class='ocr_carea' id='block_1_8' title="bbox 708 766 2277 836">
    <p class='ocr_par' dir='ltr' id='par_1_8' title="bbox 708 766 2277 836">
     <span class='ocr_line' id='line_1_8' title="bbox 708 766 2277 836; baseline -0.001 -13"><span class='ocrx_word' id='word_1_34' title='bbox 708 772 890 826; x_wconf 86' lang='lat' dir='ltr'><strong>divino</strong></span> <span class='ocrx_word' id='word_1_35' title='bbox 937 771 1102 824; x_wconf 82' lang='lat' dir='ltr'><strong>verbo</strong></span> <span class='ocrx_word' id='word_1_36' title='bbox 1149 769 1631 836; x_wconf 73' lang='lat' dir='ltr'><strong>convenienterque</strong></span> <span class='ocrx_word' id='word_1_37' title='bbox 1685 766 2052 836; x_wconf 81' lang='lat' dir='ltr'><strong>perficiantur,</strong></span> <span class='ocrx_word' id='word_1_38' title='bbox 2089 769 2277 834; x_wconf 87' lang='lat' dir='ltr'><strong>sicque</strong></span> 
     </span>
    </p>
   </div>
   <div class='ocr_carea' id='block_1_9' title="bbox 708 859 2273 934">
    <p class='ocr_par' dir='ltr' id='par_1_9' title="bbox 708 859 2273 934">
     <span class='ocr_line' id='line_1_9' title="bbox 708 859 2273 934; baseline -0.002 -19"><span class='ocrx_word' id='word_1_39' title='bbox 708 879 874 934; x_wconf 85' lang='lat' dir='ltr'><strong>queas</strong></span> <span class='ocrx_word' id='word_1_40' title='bbox 929 863 994 916; x_wconf 88' lang='lat' dir='ltr'><strong>ad</strong></span> <span class='ocrx_word' id='word_1_41' title='bbox 1052 878 1232 915; x_wconf 89' lang='lat' dir='ltr'><strong>rerum</strong></span> <span class='ocrx_word' id='word_1_42' title='bbox 1288 860 1698 929; x_wconf 82' lang='lat' dir='ltr'><strong>intelligibilium</strong></span> <span class='ocrx_word' id='word_1_43' title='bbox 1761 859 2273 928; x_wconf 74' lang='lat' dir='ltr'><strong>contemplationem</strong></span> 
     </span>
    </p>
   </div>
   <div class='ocr_carea' id='block_1_10' title="bbox 707 952 2272 1019">
    <p class='ocr_par' dir='ltr' id='par_1_10' title="bbox 707 952 2272 1019">
     <span class='ocr_line' id='line_1_10' title="bbox 707 952 2272 1019; baseline -0.004 -11"><span class='ocrx_word' id='word_1_44' title='bbox 707 955 1020 1011; x_wconf 82' lang='lat' dir='ltr'><strong>ascendere.</strong></span> <span class='ocrx_word' id='word_1_45' title='bbox 1075 953 1342 1006; x_wconf 76' lang='lat' dir='ltr'><strong>FortaSsis</strong></span> <span class='ocrx_word' id='word_1_46' title='bbox 1404 952 1546 1005; x_wconf 90' lang='lat' dir='ltr'><strong>enim</strong></span> <span class='ocrx_word' id='word_1_47' title='bbox 1606 964 1786 1014; x_wconf 88' lang='lat' dir='ltr'><strong>mens,</strong></span> <span class='ocrx_word' id='word_1_48' title='bbox 1858 965 1976 1019; x_wconf 71' lang='lat' dir='ltr'><strong>quae</strong></span> <span class='ocrx_word' id='word_1_49' title='bbox 2045 965 2272 1019; x_wconf 84' lang='lat' dir='ltr'><strong>superna</strong></span> 
     </span>
    </p>
   </div>
   <div class='ocr_carea' id='block_1_11' title="bbox 707 1041 2271 1119">
    <p class='ocr_par' dir='ltr' id='par_1_11' title="bbox 707 1041 2271 1119">
     <span class='ocr_line' id='line_1_11' title="bbox 707 1041 2271 1119; baseline -0.003 -18"><span class='ocrx_word' id='word_1_50' title='bbox 707 1050 933 1119; x_wconf 72' lang='lat' dir='ltr'><strong>quaerit,</strong></span> <span class='ocrx_word' id='word_1_51' title='bbox 983 1047 1293 1116; x_wconf 81' lang='lat' dir='ltr'><strong>psalterium</strong></span> <span class='ocrx_word' id='word_1_52' title='bbox 1351 1045 1493 1098; x_wconf 89' lang='lat' dir='ltr'><strong>dicta</strong></span> <span class='ocrx_word' id='word_1_53' title='bbox 1539 1054 1654 1104; x_wconf 89' lang='lat' dir='ltr'><strong>est,</strong></span> <span class='ocrx_word' id='word_1_54' title='bbox 1691 1046 1830 1110; x_wconf 81' lang='lat' dir='ltr'><strong>quod</strong></span> <span class='ocrx_word' id='word_1_55' title='bbox 1890 1041 2046 1108; x_wconf 87' lang='lat' dir='ltr'><strong>hujus</strong></span> <span class='ocrx_word' id='word_1_56' title='bbox 2085 1044 2271 1112; x_wconf 77' lang='lat' dir='ltr'><strong>organi</strong></span> 
     </span>
    </p>
   </div>
   <div class='ocr_carea' id='block_1_12' title="bbox 708 1136 2273 1207">
    <p class='ocr_par' dir='ltr' id='par_1_12' title="bbox 708 1136 2273 1207">
     <span class='ocr_line' id='line_1_12' title="bbox 708 1136 2273 1207; baseline -0.005 -12"><span class='ocrx_word' id='word_1_57' title='bbox 708 1151 977 1196; x_wconf 83' lang='lat' dir='ltr'><strong>structura</strong></span> <span class='ocrx_word' id='word_1_58' title='bbox 1032 1155 1062 1194; x_wconf 86' lang='lat' dir='ltr'><strong>a</strong></span> <span class='ocrx_word' id='word_1_59' title='bbox 1113 1138 1373 1207; x_wconf 86' lang='lat' dir='ltr'><strong>superiori</strong></span> <span class='ocrx_word' id='word_1_60' title='bbox 1419 1145 1567 1206; x_wconf 85' lang='lat' dir='ltr'><strong>parte</strong></span> <span class='ocrx_word' id='word_1_61' title='bbox 1609 1136 1715 1187; x_wconf 85' lang='lat' dir='ltr'><strong>vim</strong></span> <span class='ocrx_word' id='word_1_62' title='bbox 1782 1145 2121 1189; x_wconf 87' lang='lat' dir='ltr'><strong>resonantem</strong></span> <span class='ocrx_word' id='word_1_63' title='bbox 2179 1151 2273 1188; x_wconf 84' lang='lat' dir='ltr'><strong>ac-</strong></span> 
     </span>
    </p>
   </div>
   <div class='ocr_carea' id='block_1_13' title="bbox 708 1227 2274 1302">
    <p class='ocr_par' dir='ltr' id='par_1_13' title="bbox 708 1227 2274 1302">
     <span class='ocr_line' id='line_1_13' title="bbox 708 1227 2274 1302; baseline -0.004 -15"><span class='ocrx_word' id='word_1_64' title='bbox 708 1234 859 1302; x_wconf 85' lang='lat' dir='ltr'><strong>cipit.</strong></span> <span class='ocrx_word' id='word_1_65' title='bbox 891 1231 1142 1301; x_wconf 84' lang='lat' dir='ltr'><strong>Corporis</strong></span> <span class='ocrx_word' id='word_1_66' title='bbox 1176 1231 1354 1298; x_wconf 74' lang='lat' dir='ltr'><strong>itaque</strong></span> <span class='ocrx_word' id='word_1_67' title='bbox 1384 1243 1542 1298; x_wconf 86' lang='lat' dir='ltr'><strong>opera</strong></span> <span class='ocrx_word' id='word_1_68' title='bbox 1587 1227 1727 1281; x_wconf 83' lang='lat' dir='ltr'><strong>velut</strong></span> <span class='ocrx_word' id='word_1_69' title='bbox 1767 1242 1831 1281; x_wconf 75' lang='lat' dir='ltr'><strong>ex</strong></span> <span class='ocrx_word' id='word_1_70' title='bbox 1881 1227 2102 1280; x_wconf 81' lang='lat' dir='ltr'><strong>infernis</strong></span> <span class='ocrx_word' id='word_1_71' title='bbox 2147 1242 2274 1281; x_wconf 90' lang='lat' dir='ltr'><strong>con-</strong></span> 
     </span>
    </p>
   </div>
   <div class='ocr_carea' id='block_1_14' title="bbox 707 1321 2273 1389">
    <p class='ocr_par' dir='ltr' id='par_1_14' title="bbox 707 1321 2273 1389">
     <span class='ocr_line' id='line_1_14' title="bbox 707 1321 2273 1389; baseline -0.004 -10"><span class='ocrx_word' id='word_1_72' title='bbox 707 1325 925 1379; x_wconf 79' lang='lat' dir='ltr'><strong>fitentur</strong></span> <span class='ocrx_word' id='word_1_73' title='bbox 965 1324 1113 1378; x_wconf 84' lang='lat' dir='ltr'><strong>Deo:</strong></span> <span class='ocrx_word' id='word_1_74' title='bbox 1145 1338 1263 1389; x_wconf 72' lang='lat' dir='ltr'><strong>quae</strong></span> <span class='ocrx_word' id='word_1_75' title='bbox 1293 1337 1418 1373; x_wconf 89' lang='lat' dir='ltr'><strong>vero</strong></span> <span class='ocrx_word' id='word_1_76' title='bbox 1468 1335 1562 1389; x_wconf 87' lang='lat' dir='ltr'><strong>per</strong></span> <span class='ocrx_word' id='word_1_77' title='bbox 1615 1329 1846 1373; x_wconf 82' lang='lat' dir='ltr'><strong>mentem</strong></span> <span class='ocrx_word' id='word_1_78' title='bbox 1885 1321 2273 1372; x_wconf 88' lang='lat' dir='ltr'><strong>annuutiantur</strong></span> 
     </span>
    </p>
   </div>
   <div class='ocr_carea' id='block_1_15' title="bbox 706 1411 2274 1487">
    <p class='ocr_par' dir='ltr' id='par_1_15' title="bbox 706 1411 2274 1487">
     <span class='ocr_line' id='line_1_15' title="bbox 706 1411 2274 1487; baseline -0.003 -17"><span class='ocrx_word' id='word_1_79' title='bbox 706 1416 1000 1487; x_wconf 87' lang='lat' dir='ltr'><strong>mysteria,</strong></span> <span class='ocrx_word' id='word_1_80' title='bbox 1047 1431 1076 1470; x_wconf 93' lang='lat' dir='ltr'><strong>e</strong></span> <span class='ocrx_word' id='word_1_81' title='bbox 1111 1415 1353 1483; x_wconf 87' lang='lat' dir='ltr'><strong>supernis</strong></span> <span class='ocrx_word' id='word_1_82' title='bbox 1416 1413 1754 1466; x_wconf 89' lang='lat' dir='ltr'><strong>occasionem</strong></span> <span class='ocrx_word' id='word_1_83' title='bbox 1808 1411 2041 1472; x_wconf 78' lang='lat' dir='ltr'><strong>habent,</strong></span> <span class='ocrx_word' id='word_1_84' title='bbox 2097 1421 2274 1465; x_wconf 87' lang='lat' dir='ltr'><strong>mente</strong></span> 
     </span>
    </p>
   </div>
   <div class='ocr_carea' id='block_1_16' title="bbox 706 1500 2269 1575">
    <p class='ocr_par' dir='ltr' id='par_1_16' title="bbox 706 1500 2269 1575">
     <span class='ocr_line' id='line_1_16' title="bbox 706 1500 2269 1575; baseline -0.003 -15"><span class='ocrx_word' id='word_1_85' title='bbox 706 1509 851 1561; x_wconf 83' lang='lat' dir='ltr'><strong>velut</strong></span> <span class='ocrx_word' id='word_1_86' title='bbox 900 1523 1086 1561; x_wconf 89' lang='lat' dir='ltr'><strong>sonum</strong></span> <span class='ocrx_word' id='word_1_87' title='bbox 1127 1523 1220 1575; x_wconf 88' lang='lat' dir='ltr'><strong>per</strong></span> <span class='ocrx_word' id='word_1_88' title='bbox 1269 1505 1512 1574; x_wconf 87' lang='lat' dir='ltr'><strong>spiritum</strong></span> <span class='ocrx_word' id='word_1_89' title='bbox 1562 1503 1912 1572; x_wconf 85' lang='lat' dir='ltr'><strong>adipisceute.</strong></span> <span class='ocrx_word' id='word_1_90' title='bbox 1953 1500 2050 1567; x_wconf 82' lang='lat' dir='ltr'><strong>Qui</strong></span> <span class='ocrx_word' id='word_1_91' title='bbox 2107 1503 2269 1570; x_wconf 80' lang='lat' dir='ltr'><strong>igitur</strong></span> 
     </span>
    </p>
   </div>
   <div class='ocr_carea' id='block_1_17' title="bbox 705 1596 2272 1668">
    <p class='ocr_par' dir='ltr' id='par_1_17' title="bbox 705 1596 2272 1668">
     <span class='ocr_line' id='line_1_17' title="bbox 705 1596 2272 1668; baseline -0.002 -15"><span class='ocrx_word' id='word_1_92' title='bbox 705 1601 769 1653; x_wconf 90' lang='lat' dir='ltr'><strong>ad</strong></span> <span class='ocrx_word' id='word_1_93' title='bbox 805 1602 980 1654; x_wconf 89' lang='lat' dir='ltr'><strong>omnia</strong></span> <span class='ocrx_word' id='word_1_94' title='bbox 1029 1609 1290 1668; x_wconf 68' lang='lat' dir='ltr'><strong>prmcepta</strong></span> <span class='ocrx_word' id='word_1_95' title='bbox 1333 1597 1578 1663; x_wconf 82' lang='lat' dir='ltr'><strong>respicit,</strong></span> <span class='ocrx_word' id='word_1_96' title='bbox 1623 1610 1688 1649; x_wconf 79' lang='lat' dir='ltr'><strong>ex</strong></span> <span class='ocrx_word' id='word_1_97' title='bbox 1737 1597 1917 1662; x_wconf 89' lang='lat' dir='ltr'><strong>eisque</strong></span> <span class='ocrx_word' id='word_1_98' title='bbox 1965 1596 2107 1649; x_wconf 85' lang='lat' dir='ltr'><strong>velut</strong></span> <span class='ocrx_word' id='word_1_99' title='bbox 2141 1611 2272 1651; x_wconf 87' lang='lat' dir='ltr'><strong>con-</strong></span> 
     </span>
    </p>
   </div>
   <div class='ocr_carea' id='block_1_18' title="bbox 703 1688 2270 1763">
    <p class='ocr_par' dir='ltr' id='par_1_18' title="bbox 703 1688 2270 1763">
     <span class='ocr_line' id='line_1_18' title="bbox 703 1688 2270 1763; baseline -0.001 -15"><span class='ocrx_word' id='word_1_100' title='bbox 703 1706 918 1748; x_wconf 85' lang='lat' dir='ltr'><strong>centum</strong></span> <span class='ocrx_word' id='word_1_101' title='bbox 970 1710 1032 1747; x_wconf 89' lang='lat' dir='ltr'><strong>ac</strong></span> <span class='ocrx_word' id='word_1_102' title='bbox 1088 1692 1454 1763; x_wconf 84' lang='lat' dir='ltr'><strong>symphoniam</strong></span> <span class='ocrx_word' id='word_1_103' title='bbox 1525 1688 1686 1755; x_wconf 84' lang='lat' dir='ltr'><strong>facit,</strong></span> <span class='ocrx_word' id='word_1_104' title='bbox 1731 1691 1774 1744; x_wconf 89' lang='lat' dir='ltr'><strong>is</strong></span> <span class='ocrx_word' id='word_1_105' title='bbox 1823 1691 1874 1742; x_wconf 94' lang='lat' dir='ltr'><strong>in</strong></span> <span class='ocrx_word' id='word_1_106' title='bbox 1935 1690 2270 1746; x_wconf 72' lang='lat' dir='ltr'><strong>decacbortlo</strong></span> 
     </span>
    </p>
   </div>
   <div class='ocr_carea' id='block_1_19' title="bbox 702 1782 2269 1857">
    <p class='ocr_par' dir='ltr' id='par_1_19' title="bbox 702 1782 2269 1857">
     <span class='ocr_line' id='line_1_19' title="bbox 702 1782 2269 1857; baseline -0.005 -15"><span class='ocrx_word' id='word_1_107' title='bbox 702 1789 958 1857; x_wconf 82' lang='lat' dir='ltr'><strong>psalterio</strong></span> <span class='ocrx_word' id='word_1_108' title='bbox 1001 1789 1106 1840; x_wconf 87' lang='lat' dir='ltr'><strong>Deo</strong></span> <span class='ocrx_word' id='word_1_109' title='bbox 1147 1785 1360 1854; x_wconf 86' lang='lat' dir='ltr'><strong>psallit,</strong></span> <span class='ocrx_word' id='word_1_110' title='bbox 1408 1786 1545 1852; x_wconf 85' lang='lat' dir='ltr'><strong>quod</strong></span> <span class='ocrx_word' id='word_1_111' title='bbox 1597 1782 1866 1851; x_wconf 82' lang='lat' dir='ltr'><strong>generalia</strong></span> <span class='ocrx_word' id='word_1_112' title='bbox 1903 1782 2088 1835; x_wconf 86' lang='lat' dir='ltr'><strong>decem</strong></span> <span class='ocrx_word' id='word_1_113' title='bbox 2136 1797 2269 1850; x_wconf 64' lang='lat' dir='ltr'><strong>prae-</strong></span> 
     </span>
    </p>
   </div>
   <div class='ocr_carea' id='block_1_20' title="bbox 2380 580 3961 654">
    <p class='ocr_par' dir='ltr' id='par_1_20' title="bbox 2380 580 3961 654">
     <span class='ocr_line' id='line_1_20' title="bbox 2380 580 3961 654; baseline 0 -20"><span class='ocrx_word' id='word_1_114' title='bbox 2380 582 2652 636; x_wconf 82' lang='grc' dir='ltr'>κάκωσον.</span> <span class='ocrx_word' id='word_1_115' title='bbox 2696 583 2803 634; x_wconf 68' lang='grc' dir='ltr'>Καὶ</span> <span class='ocrx_word' id='word_1_116' title='bbox 2846 581 2965 634; x_wconf 83' lang='grc' dir='ltr'>τότε</span> <span class='ocrx_word' id='word_1_117' title='bbox 3010 583 3144 652; x_wconf 75' lang='grc' dir='ltr'>μετὰ</span> <span class='ocrx_word' id='word_1_118' title='bbox 3171 584 3269 650; x_wconf 76' lang='grc' dir='ltr'>τὴν</span> <span class='ocrx_word' id='word_1_119' title='bbox 3315 584 3709 654; x_wconf 74' lang='grc' dir='ltr'><strong>ἐξομολόγησιν</strong></span> <span class='ocrx_word' id='word_1_120' title='bbox 3743 584 3891 648; x_wconf 60' lang='lat' dir='ltr'><strong>ditat;</strong></span> <span class='ocrx_word' id='word_1_121' title='bbox 3918 580 3961 634; x_wconf 76' lang='grc' dir='ltr'><strong>εί</strong></span> 
     </span>
    </p>
   </div>
   <div class='ocr_carea' id='block_1_21' title="bbox 2377 674 3960 746">
    <p class='ocr_par' dir='ltr' id='par_1_21' title="bbox 2377 674 3960 746">
     <span class='ocr_line' id='line_1_21' title="bbox 2377 674 3960 746; baseline 0.001 -20"><span class='ocrx_word' id='word_1_122' title='bbox 2377 676 2434 728; x_wconf 83' lang='grc' dir='ltr'>ὲν</span> <span class='ocrx_word' id='word_1_123' title='bbox 2465 674 2748 745; x_wconf 74' lang='grc' dir='ltr'>ψαλτηρίῳ</span> <span class='ocrx_word' id='word_1_124' title='bbox 2787 674 3092 746; x_wconf 86' lang='grc' dir='ltr'>δεκαχόρδῳ</span> <span class='ocrx_word' id='word_1_125' title='bbox 3140 675 3361 744; x_wconf 73' lang='grc' dir='ltr'>ψάλλειν</span> <span class='ocrx_word' id='word_1_126' title='bbox 3403 675 3482 745; x_wconf 82' lang='grc' dir='ltr'><strong>τῷ</strong></span> <span class='ocrx_word' id='word_1_127' title='bbox 3524 675 3650 746; x_wconf 83' lang='grc' dir='ltr'><strong>Θεῷ</strong></span> <span class='ocrx_word' id='word_1_128' title='bbox 3694 675 3836 745; x_wconf 73' lang='grc'><strong>(88).</strong></span> <span class='ocrx_word' id='word_1_129' title='bbox 3879 679 3960 728; x_wconf 75' lang='grc' dir='ltr'>Δεῖ</span> 
     </span>
    </p>
   </div>
   <div class='ocr_carea' id='block_1_22' title="bbox 2378 766 3958 838">
    <p class='ocr_par' dir='ltr' id='par_1_22' title="bbox 2378 766 3958 838">
     <span class='ocr_line' id='line_1_22' title="bbox 2378 766 3958 838; baseline 0.001 -20"><span class='ocrx_word' id='word_1_130' title='bbox 2378 767 2486 838; x_wconf 74' lang='grc' dir='ltr'>γὰρ</span> <span class='ocrx_word' id='word_1_131' title='bbox 2503 767 2767 837; x_wconf 84' lang='grc' dir='ltr'>πρότερον</span> <span class='ocrx_word' id='word_1_132' title='bbox 2803 766 3141 838; x_wconf 83' lang='grc' dir='ltr'>κατορθῶσαι</span> <span class='ocrx_word' id='word_1_133' title='bbox 3174 768 3271 830; x_wconf 76' lang='grc' dir='ltr'>τὰς</span> <span class='ocrx_word' id='word_1_134' title='bbox 3295 768 3380 820; x_wconf 69' lang='grc' dir='ltr'><strong>διὰ</strong></span> <span class='ocrx_word' id='word_1_135' title='bbox 3411 769 3504 821; x_wconf 78' lang='grc' dir='ltr'><strong>τοῦ</strong></span> <span class='ocrx_word' id='word_1_136' title='bbox 3531 767 3796 837; x_wconf 81' lang='grc' dir='ltr'>σώματος</span> <span class='ocrx_word' id='word_1_137' title='bbox 3821 771 3958 837; x_wconf 79' lang='grc' dir='ltr'>ἐνερ-</span> 
     </span>
    </p>
   </div>
   <div class='ocr_carea' id='block_1_23' title="bbox 2379 859 3957 930">
    <p class='ocr_par' dir='ltr' id='par_1_23' title="bbox 2379 859 3957 930">
     <span class='ocr_line' id='line_1_23' title="bbox 2379 859 3957 930; baseline 0.003 -20"><span class='ocrx_word' id='word_1_138' title='bbox 2379 860 2549 927; x_wconf 88' lang='grc' dir='ltr'>γείας,</span> <span class='ocrx_word' id='word_1_139' title='bbox 2585 859 2724 912; x_wconf 83' lang='grc' dir='ltr'>ὥστε</span> <span class='ocrx_word' id='word_1_140' title='bbox 2754 860 3029 929; x_wconf 80' lang='grc' dir='ltr'><strong>ἁρμονίως</strong></span> <span class='ocrx_word' id='word_1_141' title='bbox 3059 859 3137 929; x_wconf 85' lang='grc' dir='ltr'><strong>τῷ</strong></span> <span class='ocrx_word' id='word_1_142' title='bbox 3183 859 3313 930; x_wconf 85' lang='grc' dir='ltr'>θείῳ</span> <span class='ocrx_word' id='word_1_143' title='bbox 3340 861 3479 928; x_wconf 81' lang='grc' dir='ltr'>λόγῳ</span> <span class='ocrx_word' id='word_1_144' title='bbox 3521 863 3840 918; x_wconf 81' lang='grc' dir='ltr'>ἀποτελεῖν.</span> <span class='ocrx_word' id='word_1_145' title='bbox 3874 863 3957 915; x_wconf 79' lang='grc' dir='ltr'>καὶ</span> 
     </span>
    </p>
   </div>
   <div class='ocr_carea' id='block_1_24' title="bbox 2377 951 3958 1022">
    <p class='ocr_par' dir='ltr' id='par_1_24' title="bbox 2377 951 3958 1022">
     <span class='ocr_line' id='line_1_24' title="bbox 2377 951 3958 1022; baseline 0.001 -18"><span class='ocrx_word' id='word_1_146' title='bbox 2377 951 2552 1013; x_wconf 77' lang='grc' dir='ltr'>οὕτως</span> <span class='ocrx_word' id='word_1_147' title='bbox 2582 954 2672 1005; x_wconf 73' lang='grc' dir='ltr'><strong>ἐπὶ</strong></span> <span class='ocrx_word' id='word_1_148' title='bbox 2709 951 2811 1021; x_wconf 83' lang='grc' dir='ltr'><strong>τὴν</strong></span> <span class='ocrx_word' id='word_1_149' title='bbox 2848 951 3078 1021; x_wconf 76' lang='grc' dir='ltr'>θεωρίαν</span> <span class='ocrx_word' id='word_1_150' title='bbox 3115 951 3225 1006; x_wconf 79' lang='grc' dir='ltr'>τῶν</span> <span class='ocrx_word' id='word_1_151' title='bbox 3257 951 3460 1022; x_wconf 74' lang='grc' dir='ltr'>νοητῶν</span> <span class='ocrx_word' id='word_1_152' title='bbox 3485 952 3782 1021; x_wconf 73' lang='grc' dir='ltr'>ἀναϐῆναι.</span> <span class='ocrx_word' id='word_1_153' title='bbox 3820 954 3958 1005; x_wconf 71' lang='grc' dir='ltr'>Ψαλ-</span> 
     </span>
    </p>
   </div>
   <div class='ocr_carea' id='block_1_25' title="bbox 2375 1043 3957 1114">
    <p class='ocr_par' dir='ltr' id='par_1_25' title="bbox 2375 1043 3957 1114">
     <span class='ocr_line' id='line_1_25' title="bbox 2375 1043 3957 1114; baseline 0.002 -20"><span class='ocrx_word' id='word_1_154' title='bbox 2375 1044 2563 1113; x_wconf 85' lang='grc' dir='ltr'>τήριον</span> <span class='ocrx_word' id='word_1_155' title='bbox 2593 1045 2698 1114; x_wconf 76' lang='grc' dir='ltr'><strong>γὰρ</strong></span> <span class='ocrx_word' id='word_1_156' title='bbox 2733 1046 2870 1114; x_wconf 77' lang='grc' dir='ltr'>τάχα</span> <span class='ocrx_word' id='word_1_157' title='bbox 2910 1046 2937 1097; x_wconf 83' lang='grc' dir='ltr'>ὁ</span> <span class='ocrx_word' id='word_1_158' title='bbox 2963 1043 3085 1107; x_wconf 80' lang='grc' dir='ltr'>νοῦς</span> <span class='ocrx_word' id='word_1_159' title='bbox 3115 1044 3327 1114; x_wconf 77' lang='grc' dir='ltr'>εἴρηται</span> <span class='ocrx_word' id='word_1_160' title='bbox 3350 1047 3377 1097; x_wconf 82' lang='grc' dir='ltr'><strong>ό</strong></span> <span class='ocrx_word' id='word_1_161' title='bbox 3405 1045 3466 1097; x_wconf 78' lang='grc' dir='ltr'>τὰ</span> <span class='ocrx_word' id='word_1_162' title='bbox 3495 1045 3610 1098; x_wconf 80' lang='grc' dir='ltr'><strong>ἀνω</strong></span> <span class='ocrx_word' id='word_1_163' title='bbox 3641 1044 3847 1114; x_wconf 77' lang='grc' dir='ltr'>ζητῶν.</span> <span class='ocrx_word' id='word_1_164' title='bbox 3879 1047 3957 1099; x_wconf 67' lang='grc' dir='ltr'>διὰ</span> 
     </span>
    </p>
   </div>
   <div class='ocr_carea' id='block_1_26' title="bbox 2375 1133 3957 1206">
    <p class='ocr_par' dir='ltr' id='par_1_26' title="bbox 2375 1133 3957 1206">
     <span class='ocr_line' id='line_1_26' title="bbox 2375 1133 3957 1206; baseline 0.003 -21"><span class='ocrx_word' id='word_1_165' title='bbox 2375 1133 2434 1185; x_wconf 74' lang='grc' dir='ltr'><strong>τὸ</strong></span> <span class='ocrx_word' id='word_1_166' title='bbox 2457 1133 2554 1204; x_wconf 83' lang='grc' dir='ltr'><strong>τὴν</strong></span> <span class='ocrx_word' id='word_1_167' title='bbox 2589 1134 2929 1206; x_wconf 81' lang='grc' dir='ltr'>κατασκευὴν</span> <span class='ocrx_word' id='word_1_168' title='bbox 2958 1135 3051 1188; x_wconf 83' lang='grc' dir='ltr'>τοῦ</span> <span class='ocrx_word' id='word_1_169' title='bbox 3091 1137 3321 1206; x_wconf 78' lang='grc' dir='ltr'>ὀργάνου</span> <span class='ocrx_word' id='word_1_170' title='bbox 3365 1136 3553 1188; x_wconf 82' lang='grc' dir='ltr'>τούτου</span> <span class='ocrx_word' id='word_1_171' title='bbox 3584 1136 3692 1206; x_wconf 74' lang='grc' dir='ltr'><strong>τὴν</strong></span> <span class='ocrx_word' id='word_1_172' title='bbox 3721 1137 3957 1204; x_wconf 69' lang='grc' dir='ltr'>ὴχοῦσαν</span> 
     </span>
    </p>
   </div>
   <div class='ocr_carea' id='block_1_27' title="bbox 2373 1224 3958 1298">
    <p class='ocr_par' dir='ltr' id='par_1_27' title="bbox 2373 1224 3958 1298">
     <span class='ocr_line' id='line_1_27' title="bbox 2373 1224 3958 1298; baseline 0.002 -20"><span class='ocrx_word' id='word_1_173' title='bbox 2373 1224 2605 1295; x_wconf 75' lang='grc' dir='ltr'>δύναμιν</span> <span class='ocrx_word' id='word_1_174' title='bbox 2636 1228 2699 1278; x_wconf 88' lang='grc' dir='ltr'>ὲκ</span> <span class='ocrx_word' id='word_1_175' title='bbox 2738 1226 2842 1278; x_wconf 83' lang='grc' dir='ltr'>τῶν</span> <span class='ocrx_word' id='word_1_176' title='bbox 2877 1228 3081 1280; x_wconf 83' lang='grc' dir='ltr'>ἄνωθεν</span> <span class='ocrx_word' id='word_1_177' title='bbox 3120 1229 3282 1298; x_wconf 81' lang='grc' dir='ltr'>ἔχειν.</span> <span class='ocrx_word' id='word_1_178' title='bbox 3317 1227 3395 1280; x_wconf 83' lang='grc' dir='ltr'><strong>Τὰ</strong></span> <span class='ocrx_word' id='word_1_179' title='bbox 3443 1227 3540 1298; x_wconf 77' lang='grc' dir='ltr'>μὲν</span> <span class='ocrx_word' id='word_1_180' title='bbox 3592 1224 3691 1280; x_wconf 75' lang='grc' dir='ltr'>οὖν</span> <span class='ocrx_word' id='word_1_181' title='bbox 3728 1228 3828 1279; x_wconf 73' lang='grc' dir='ltr'>τοῦ</span> <span class='ocrx_word' id='word_1_182' title='bbox 3867 1230 3958 1281; x_wconf 73' lang='grc' dir='ltr'><strong>σώ-</strong></span> 
     </span>
    </p>
   </div>
   <div class='ocr_carea' id='block_1_28' title="bbox 2377 1321 3955 1392">
    <p class='ocr_par' dir='ltr' id='par_1_28' title="bbox 2377 1321 3955 1392">
     <span class='ocr_line' id='line_1_28' title="bbox 2377 1321 3955 1392; baseline -0.001 -18"><span class='ocrx_word' id='word_1_183' title='bbox 2377 1340 2543 1392; x_wconf 88' lang='grc' dir='ltr'>ματος</span> <span class='ocrx_word' id='word_1_184' title='bbox 2595 1321 2731 1392; x_wconf 76' lang='grc' dir='ltr'>ἔργα</span> <span class='ocrx_word' id='word_1_185' title='bbox 2771 1323 2929 1375; x_wconf 76' lang='grc' dir='ltr'>οἱονεὶ</span> <span class='ocrx_word' id='word_1_186' title='bbox 2963 1323 3204 1375; x_wconf 84' lang='grc' dir='ltr'><strong>κάτωθεν</strong></span> <span class='ocrx_word' id='word_1_187' title='bbox 3246 1322 3652 1392; x_wconf 79' lang='grc' dir='ltr'>ὲξομολογεῖται</span> <span class='ocrx_word' id='word_1_188' title='bbox 3687 1323 3771 1392; x_wconf 82' lang='grc' dir='ltr'>τῷ</span> <span class='ocrx_word' id='word_1_189' title='bbox 3810 1324 3955 1391; x_wconf 65' lang='grc' dir='ltr'><strong>Θεῷ·</strong></span> 
     </span>
    </p>
   </div>
   <div class='ocr_carea' id='block_1_29' title="bbox 2372 1412 3956 1486">
    <p class='ocr_par' dir='ltr' id='par_1_29' title="bbox 2372 1412 3956 1486">
     <span class='ocr_line' id='line_1_29' title="bbox 2372 1412 3956 1486; baseline 0.001 -22"><span class='ocrx_word' id='word_1_190' title='bbox 2372 1412 2440 1465; x_wconf 87' lang='grc' dir='ltr'><strong>τά</strong></span> <span class='ocrx_word' id='word_1_191' title='bbox 2467 1413 2522 1464; x_wconf 80' lang='grc' dir='ltr'><strong>δὲ</strong></span> <span class='ocrx_word' id='word_1_192' title='bbox 2551 1413 2636 1466; x_wconf 78' lang='grc' dir='ltr'>διὰ</span> <span class='ocrx_word' id='word_1_193' title='bbox 2671 1412 2765 1465; x_wconf 72' lang='grc' dir='ltr'><strong>τοῦ</strong></span> <span class='ocrx_word' id='word_1_194' title='bbox 2796 1413 2885 1465; x_wconf 83' lang='grc' dir='ltr'><strong>νοῦ</strong></span> <span class='ocrx_word' id='word_1_195' title='bbox 2926 1414 3364 1484; x_wconf 71' lang='grc' dir='ltr'>ἐπαγγελλόμενα</span> <span class='ocrx_word' id='word_1_196' title='bbox 3392 1416 3503 1484; x_wconf 89' lang='grc'>(89)</span> <span class='ocrx_word' id='word_1_197' title='bbox 3543 1419 3832 1486; x_wconf 76' lang='grc' dir='ltr'>μυστήρια</span> <span class='ocrx_word' id='word_1_198' title='bbox 3864 1418 3956 1477; x_wconf 61' lang='grc' dir='ltr'><strong>τὰς</strong></span> 
     </span>
    </p>
   </div>
   <div class='ocr_carea' id='block_1_30' title="bbox 2374 1505 3953 1579">
    <p class='ocr_par' dir='ltr' id='par_1_30' title="bbox 2374 1505 3953 1579">
     <span class='ocr_line' id='line_1_30' title="bbox 2374 1505 3953 1579; baseline 0.001 -21"><span class='ocrx_word' id='word_1_199' title='bbox 2374 1505 2628 1576; x_wconf 74' lang='grc' dir='ltr'>ἀφορμὰς</span> <span class='ocrx_word' id='word_1_200' title='bbox 2685 1505 2889 1559; x_wconf 87' lang='grc' dir='ltr'>ἄνωθεν</span> <span class='ocrx_word' id='word_1_201' title='bbox 2946 1507 3079 1575; x_wconf 82' lang='grc' dir='ltr'>ἔχει,</span> <span class='ocrx_word' id='word_1_202' title='bbox 3129 1509 3290 1560; x_wconf 72' lang='grc' dir='ltr'>οἱονεὶ</span> <span class='ocrx_word' id='word_1_203' title='bbox 3325 1509 3694 1579; x_wconf 73' lang='grc' dir='ltr'>ὲνηχουμένου</span> <span class='ocrx_word' id='word_1_204' title='bbox 3727 1510 3826 1561; x_wconf 73' lang='grc' dir='ltr'><strong>δια</strong></span> <span class='ocrx_word' id='word_1_205' title='bbox 3868 1508 3953 1561; x_wconf 72' lang='grc' dir='ltr'><strong>τοῦ</strong></span> 
     </span>
    </p>
   </div>
   <div class='ocr_carea' id='block_1_31' title="bbox 2373 1597 3954 1667">
    <p class='ocr_par' dir='ltr' id='par_1_31' title="bbox 2373 1597 3954 1667">
     <span class='ocr_line' id='line_1_31' title="bbox 2373 1597 3954 1667; baseline 0.004 -19"><span class='ocrx_word' id='word_1_206' title='bbox 2373 1597 2698 1667; x_wconf 82' lang='grc' dir='ltr'>πνεύματος.</span> <span class='ocrx_word' id='word_1_207' title='bbox 2746 1598 2803 1651; x_wconf 82' lang='grc' dir='ltr'>Ὀ</span> <span class='ocrx_word' id='word_1_208' title='bbox 2835 1597 3012 1649; x_wconf 78' lang='grc' dir='ltr'>τοίνυν</span> <span class='ocrx_word' id='word_1_209' title='bbox 3040 1599 3131 1650; x_wconf 72' lang='grc' dir='ltr'><strong>ἐπὶ</strong></span> <span class='ocrx_word' id='word_1_210' title='bbox 3162 1599 3338 1661; x_wconf 76' lang='grc' dir='ltr'>πασας</span> <span class='ocrx_word' id='word_1_211' title='bbox 3370 1600 3467 1659; x_wconf 83' lang='grc' dir='ltr'>τὰς</span> <span class='ocrx_word' id='word_1_212' title='bbox 3499 1601 3723 1664; x_wconf 77' lang='grc' dir='ltr'>ἐντολὰς</span> <span class='ocrx_word' id='word_1_213' title='bbox 3749 1602 3954 1654; x_wconf 78' lang='grc' dir='ltr'><strong>ὲπ;6λέ-</strong></span> 
     </span>
    </p>
   </div>
   <div class='ocr_carea' id='block_1_32' title="bbox 2373 1691 3953 1764">
    <p class='ocr_par' dir='ltr' id='par_1_32' title="bbox 2373 1691 3953 1764">
     <span class='ocr_line' id='line_1_32' title="bbox 2373 1691 3953 1764; baseline 0.002 -21"><span class='ocrx_word' id='word_1_214' title='bbox 2373 1708 2508 1754; x_wconf 82' lang='grc' dir='ltr'><strong>πων,</strong></span> <span class='ocrx_word' id='word_1_215' title='bbox 2571 1693 2664 1745; x_wconf 79' lang='grc' dir='ltr'><strong>καὶ</strong></span> <span class='ocrx_word' id='word_1_216' title='bbox 2718 1692 2879 1744; x_wconf 81' lang='grc' dir='ltr'>οἱονεὶ</span> <span class='ocrx_word' id='word_1_217' title='bbox 2938 1691 3197 1760; x_wconf 77' lang='grc' dir='ltr'>συνῳδίαν</span> <span class='ocrx_word' id='word_1_218' title='bbox 3247 1692 3422 1744; x_wconf 77' lang='grc' dir='ltr'>αὐτῶν</span> <span class='ocrx_word' id='word_1_219' title='bbox 3472 1696 3566 1746; x_wconf 76' lang='grc' dir='ltr'>καὶ</span> <span class='ocrx_word' id='word_1_220' title='bbox 3625 1697 3953 1764; x_wconf 62' lang='grc' dir='ltr'>συμφωνίαν</span> 
     </span>
    </p>
   </div>
   <div class='ocr_carea' id='block_1_33' title="bbox 2373 1779 3951 1859">
    <p class='ocr_par' dir='ltr' id='par_1_33' title="bbox 2373 1779 3951 1859">
     <span class='ocr_line' id='line_1_33' title="bbox 2373 1779 3951 1859; baseline 0.004 -24"><span class='ocrx_word' id='word_1_221' title='bbox 2373 1779 2730 1847; x_wconf 74' lang='grc' dir='ltr'>ποιῶν,οὖτος</span> <span class='ocrx_word' id='word_1_222' title='bbox 2759 1786 2816 1838; x_wconf 83' lang='grc' dir='ltr'>ἐν</span> <span class='ocrx_word' id='word_1_223' title='bbox 2850 1784 3157 1854; x_wconf 83' lang='grc' dir='ltr'>δεκαχόρδῳ</span> <span class='ocrx_word' id='word_1_224' title='bbox 3173 1783 3452 1856; x_wconf 64' lang='grc' dir='ltr'>ψαλτηρίῳ</span> <span class='ocrx_word' id='word_1_225' title='bbox 3479 1786 3673 1854; x_wconf 60' lang='grc' dir='ltr'>ψάλλει</span> <span class='ocrx_word' id='word_1_226' title='bbox 3701 1789 3785 1858; x_wconf 79' lang='grc' dir='ltr'><strong>τῷ</strong></span> <span class='ocrx_word' id='word_1_227' title='bbox 3816 1789 3951 1859; x_wconf 77' lang='grc' dir='ltr'><strong>Θεῷ,</strong></span> 
     </span>
    </p>
   </div>
   <div class='ocr_carea' id='block_1_34' title="bbox 703 1861 2254 1951">
    <p class='ocr_par' dir='ltr' id='par_1_34' title="bbox 703 1877 2254 1951">
     <span class='ocr_line' id='line_1_34' title="bbox 703 1877 2254 1951; baseline -0.002 -18"><span class='ocrx_word' id='word_1_228' title='bbox 703 1893 860 1951; x_wconf 74' lang='lat' dir='ltr'><strong>cepta</strong></span> <span class='ocrx_word' id='word_1_229' title='bbox 923 1881 1214 1934; x_wconf 87' lang='lat' dir='ltr'><strong>secundum</strong></span> <span class='ocrx_word' id='word_1_230' title='bbox 1273 1879 1496 1947; x_wconf 83' lang='lat' dir='ltr'><strong>primam</strong></span> <span class='ocrx_word' id='word_1_231' title='bbox 1555 1877 1684 1944; x_wconf 73' lang='lat' dir='ltr'><strong>legis</strong></span> <span class='ocrx_word' id='word_1_232' title='bbox 1739 1878 2081 1930; x_wconf 90' lang='lat' dir='ltr'><strong>traditionem</strong></span> <span class='ocrx_word' id='word_1_233' title='bbox 2141 1891 2254 1930; x_wconf 71' lang='lat' dir='ltr'><strong>con«</strong></span> 
     </span>
    </p>
   </div>
   <div class='ocr_carea' id='block_1_35' title="bbox 2359 1861 3950 1951">
    <p class='ocr_par' dir='ltr' id='par_1_35' title="bbox 2373 1871 3950 1951">
     <span class='ocr_line' id='line_1_35' title="bbox 2373 1871 3950 1951; baseline 0.006 -28"><span class='ocrx_word' id='word_1_234' title='bbox 2373 1871 2460 1924; x_wconf 76' lang='grc' dir='ltr'>διὰ</span> <span class='ocrx_word' id='word_1_235' title='bbox 2501 1874 2562 1925; x_wconf 85' lang='grc' dir='ltr'><strong>τὸ</strong></span> <span class='ocrx_word' id='word_1_236' title='bbox 2615 1875 2745 1928; x_wconf 91' lang='grc' dir='ltr'>δέκα</span> <span class='ocrx_word' id='word_1_237' title='bbox 2791 1872 2929 1928; x_wconf 82' lang='grc' dir='ltr'>εἶναι</span> <span class='ocrx_word' id='word_1_238' title='bbox 2979 1877 3078 1939; x_wconf 79' lang='grc' dir='ltr'>τὰς</span> <span class='ocrx_word' id='word_1_239' title='bbox 3124 1876 3345 1944; x_wconf 77' lang='grc' dir='ltr'>γενικὰς</span> <span class='ocrx_word' id='word_1_240' title='bbox 3396 1878 3613 1941; x_wconf 79' lang='grc' dir='ltr'>ἐντολὰς</span> <span class='ocrx_word' id='word_1_241' title='bbox 3664 1882 3812 1933; x_wconf 82' lang='grc' dir='ltr'><strong>κατὰ</strong></span> <span class='ocrx_word' id='word_1_242' title='bbox 3860 1886 3950 1951; x_wconf 71' lang='grc' dir='ltr'>τὴν</span> 
     </span>
    </p>
   </div>
   <div class='ocr_carea' id='block_1_36' title="bbox 701 1964 2270 2038">
    <p class='ocr_par' dir='ltr' id='par_1_36' title="bbox 701 1964 2270 2038">
     <span class='ocr_line' id='line_1_36' title="bbox 701 1964 2270 2038; baseline -0.004 -13"><span class='ocrx_word' id='word_1_243' title='bbox 701 1972 895 2038; x_wconf 88' lang='lat' dir='ltr'><strong>scripta</strong></span> <span class='ocrx_word' id='word_1_244' title='bbox 926 1979 1064 2023; x_wconf 92' lang='lat' dir='ltr'><strong>sunt.</strong></span> <span class='ocrx_word' id='word_1_245' title='bbox 1109 1968 1269 2022; x_wconf 73' lang='lat' dir='ltr'><strong>Vens.</strong></span> <span class='ocrx_word' id='word_1_246' title='bbox 1297 1968 1349 2020; x_wconf 78' lang='lat'><strong>5.</strong></span> <span class='ocrx_word' id='word_1_247' title='bbox 1384 1965 1602 2019; x_wconf 78' lang='lat' dir='ltr'><strong>Cuntate</strong></span> <span class='ocrx_word' id='word_1_248' title='bbox 1636 1964 1857 2020; x_wconf 85' lang='lat' dir='ltr'><strong>Domino</strong></span> <span class='ocrx_word' id='word_1_249' title='bbox 1887 1969 2147 2020; x_wconf 78' lang='lat' dir='ltr'><strong>canticum</strong></span> <span class='ocrx_word' id='word_1_250' title='bbox 2182 1983 2270 2019; x_wconf 87' lang='lat' dir='ltr'><strong>no-</strong></span> 
     </span>
    </p>
   </div>
   <div class='ocr_carea' id='block_1_37' title="bbox 699 2060 2267 2127">
    <p class='ocr_par' dir='ltr' id='par_1_37' title="bbox 699 2060 2267 2127">
     <span class='ocr_line' id='line_1_37' title="bbox 699 2060 2267 2127; baseline -0.003 -10"><span class='ocrx_word' id='word_1_251' title='bbox 699 2081 838 2117; x_wconf 87' lang='lat' dir='ltr'><strong>vum.</strong></span> <span class='ocrx_word' id='word_1_252' title='bbox 875 2063 985 2118; x_wconf 85' lang='lat' dir='ltr'><strong>Hoc</strong></span> <span class='ocrx_word' id='word_1_253' title='bbox 1020 2071 1135 2124; x_wconf 87' lang='lat' dir='ltr'><strong>est,</strong></span> <span class='ocrx_word' id='word_1_254' title='bbox 1178 2060 1297 2114; x_wconf 84' lang='lat' dir='ltr'><strong>Non</strong></span> <span class='ocrx_word' id='word_1_255' title='bbox 1335 2060 1388 2112; x_wconf 86' lang='lat' dir='ltr'><strong>in</strong></span> <span class='ocrx_word' id='word_1_256' title='bbox 1429 2069 1675 2113; x_wconf 72' lang='lat' dir='ltr'><strong>vetustate</strong></span> <span class='ocrx_word' id='word_1_257' title='bbox 1715 2060 1921 2127; x_wconf 64' lang='lat' dir='ltr'><strong>litterae,</strong></span> <span class='ocrx_word' id='word_1_258' title='bbox 1966 2063 2055 2113; x_wconf 80' lang='lat' dir='ltr'><strong>sed</strong></span> <span class='ocrx_word' id='word_1_259' title='bbox 2091 2065 2143 2113; x_wconf 82' lang='lat' dir='ltr'><strong>in</strong></span> <span class='ocrx_word' id='word_1_260' title='bbox 2176 2076 2267 2112; x_wconf 86' lang='lat' dir='ltr'><strong>no-</strong></span> 
     </span>
    </p>
   </div>
   <div class='ocr_carea' id='block_1_38' title="bbox 700 2149 2261 2221">
    <p class='ocr_par' dir='ltr' id='par_1_38' title="bbox 700 2149 2261 2221">
     <span class='ocr_line' id='line_1_38' title="bbox 700 2149 2261 2221; baseline -0.003 -13"><span class='ocrx_word' id='word_1_261' title='bbox 700 2157 855 2208; x_wconf 81' lang='lat' dir='ltr'><strong>vitate</strong></span> <span class='ocrx_word' id='word_1_262' title='bbox 891 2153 1105 2221; x_wconf 72' lang='lat' dir='ltr'><strong>spiritus</strong></span> <span class='ocrx_word' id='word_1_263' title='bbox 1142 2153 1300 2205; x_wconf 89' lang='lat' dir='ltr'><strong>Deum</strong></span> <span class='ocrx_word' id='word_1_264' title='bbox 1335 2151 1491 2204; x_wconf 87' lang='lat' dir='ltr'><strong>colite</strong></span> <span class='ocrx_word' id='word_1_265' title='bbox 1520 2151 1586 2202; x_wconf 80' lang='grc'><strong>⁵⁸.</strong></span> <span class='ocrx_word' id='word_1_266' title='bbox 1617 2149 1715 2217; x_wconf 84' lang='lat' dir='ltr'><strong>Qui</strong></span> <span class='ocrx_word' id='word_1_267' title='bbox 1758 2167 1860 2204; x_wconf 89' lang='lat' dir='ltr'><strong>non</strong></span> <span class='ocrx_word' id='word_1_268' title='bbox 1907 2151 2261 2221; x_wconf 71' lang='lat' dir='ltr'><strong>corporaliter</strong></span> 
     </span>
    </p>
   </div>
   <div class='ocr_carea' id='block_1_39' title="bbox 701 2244 2254 2316">
    <p class='ocr_par' dir='ltr' id='par_1_39' title="bbox 701 2244 2254 2316">
     <span class='ocr_line' id='line_1_39' title="bbox 701 2244 2254 2316; baseline -0.003 -16"><span class='ocrx_word' id='word_1_269' title='bbox 701 2249 868 2316; x_wconf 81' lang='lat' dir='ltr'><strong>legem</strong></span> <span class='ocrx_word' id='word_1_270' title='bbox 903 2246 1119 2314; x_wconf 88' lang='lat' dir='ltr'><strong>accipit,</strong></span> <span class='ocrx_word' id='word_1_271' title='bbox 1165 2245 1258 2300; x_wconf 86' lang='lat' dir='ltr'><strong>sed</strong></span> <span class='ocrx_word' id='word_1_272' title='bbox 1323 2244 1464 2297; x_wconf 86' lang='lat' dir='ltr'><strong>illius</strong></span> <span class='ocrx_word' id='word_1_273' title='bbox 1501 2245 1643 2297; x_wconf 87' lang='lat' dir='ltr'><strong>novit</strong></span> <span class='ocrx_word' id='word_1_274' title='bbox 1684 2244 1977 2313; x_wconf 73' lang='lat' dir='ltr'><strong>spiritalem</strong></span> <span class='ocrx_word' id='word_1_275' title='bbox 2015 2259 2254 2307; x_wconf 87' lang='lat' dir='ltr'><strong>sensum,</strong></span> 
     </span>
    </p>
   </div>
   <div class='ocr_carea' id='block_1_40' title="bbox 701 2335 2264 2397">
    <p class='ocr_par' dir='ltr' id='par_1_40' title="bbox 701 2335 2264 2397">
     <span class='ocr_line' id='line_1_40' title="bbox 701 2335 2264 2397; baseline -0.005 0"><span class='ocrx_word' id='word_1_276' title='bbox 701 2343 787 2397; x_wconf 87' lang='lat' dir='ltr'><strong>hic</strong></span> <span class='ocrx_word' id='word_1_277' title='bbox 829 2341 1097 2395; x_wconf 89' lang='lat' dir='ltr'><strong>canticum</strong></span> <span class='ocrx_word' id='word_1_278' title='bbox 1146 2353 1341 2393; x_wconf 88' lang='lat' dir='ltr'><strong>novum</strong></span> <span class='ocrx_word' id='word_1_279' title='bbox 1399 2346 1598 2392; x_wconf 83' lang='lat' dir='ltr'><strong>cantat.</strong></span> <span class='ocrx_word' id='word_1_280' title='bbox 1631 2335 1764 2390; x_wconf 80' lang='lat' dir='ltr'><strong>Nam</strong></span> <span class='ocrx_word' id='word_1_281' title='bbox 1807 2349 1959 2392; x_wconf 84' lang='lat' dir='ltr'><strong>vetus</strong></span> <span class='ocrx_word' id='word_1_282' title='bbox 2005 2347 2059 2392; x_wconf 89' lang='lat' dir='ltr'><strong>et</strong></span> <span class='ocrx_word' id='word_1_283' title='bbox 2109 2351 2264 2391; x_wconf 85' lang='lat' dir='ltr'><strong>sene-</strong></span> 
     </span>
    </p>
   </div>
   <div class='ocr_carea' id='block_1_41' title="bbox 699 2429 2264 2499">
    <p class='ocr_par' dir='ltr' id='par_1_41' title="bbox 699 2429 2264 2499">
     <span class='ocr_line' id='line_1_41' title="bbox 699 2429 2264 2499; baseline -0.005 -10"><span class='ocrx_word' id='word_1_284' title='bbox 699 2449 855 2489; x_wconf 72' lang='lat' dir='ltr'><strong>SCCllS</strong></span> <span class='ocrx_word' id='word_1_285' title='bbox 921 2432 1318 2486; x_wconf 87' lang='lat' dir='ltr'><strong>Testamentum</strong></span> <span class='ocrx_word' id='word_1_286' title='bbox 1390 2429 1734 2499; x_wconf 88' lang='lat' dir='ltr'><strong>pertransiit,</strong></span> <span class='ocrx_word' id='word_1_287' title='bbox 1790 2445 1983 2482; x_wconf 84' lang='lat' dir='ltr'><strong>novum</strong></span> <span class='ocrx_word' id='word_1_288' title='bbox 2035 2444 2162 2482; x_wconf 90' lang='lat' dir='ltr'><strong>vero</strong></span> <span class='ocrx_word' id='word_1_289' title='bbox 2210 2437 2264 2481; x_wconf 89' lang='lat' dir='ltr'><strong>et</strong></span> 
     </span>
    </p>
   </div>
   <div class='ocr_carea' id='block_1_42' title="bbox 700 2519 2258 2578">
    <p class='ocr_par' dir='ltr' id='par_1_42' title="bbox 700 2519 2258 2578">
     <span class='ocr_line' id='line_1_42' title="bbox 700 2519 2258 2578; baseline -0.004 -2"><span class='ocrx_word' id='word_1_290' title='bbox 700 2528 1053 2578; x_wconf 86' lang='lat' dir='ltr'><strong>instauratum</strong></span> <span class='ocrx_word' id='word_1_291' title='bbox 1103 2522 1368 2574; x_wconf 88' lang='lat' dir='ltr'><strong>canticum</strong></span> <span class='ocrx_word' id='word_1_292' title='bbox 1415 2519 1672 2572; x_wconf 73' lang='lat' dir='ltr'><strong>doctrina:</strong></span> <span class='ocrx_word' id='word_1_293' title='bbox 1716 2520 1920 2570; x_wconf 90' lang='lat' dir='ltr'><strong>Domini</strong></span> <span class='ocrx_word' id='word_1_294' title='bbox 1961 2534 2064 2571; x_wconf 91' lang='lat' dir='ltr'><strong>non</strong></span> <span class='ocrx_word' id='word_1_295' title='bbox 2103 2533 2258 2571; x_wconf 79' lang='lat' dir='ltr'><strong>cxce-</strong></span> 
     </span>
    </p>
   </div>
   <div class='ocr_carea' id='block_1_43' title="bbox 701 2607 2258 2681">
    <p class='ocr_par' dir='ltr' id='par_1_43' title="bbox 701 2607 2258 2681">
     <span class='ocr_line' id='line_1_43' title="bbox 701 2607 2258 2681; baseline -0.002 -17"><span class='ocrx_word' id='word_1_296' title='bbox 701 2614 800 2679; x_wconf 85' lang='lat' dir='ltr'><strong>pit,</strong></span> <span class='ocrx_word' id='word_1_297' title='bbox 842 2609 1322 2681; x_wconf 68' lang='lat' dir='ltr'><strong>quaejuventutem</strong></span> <span class='ocrx_word' id='word_1_298' title='bbox 1366 2617 1626 2670; x_wconf 85' lang='lat' dir='ltr'><strong>nostram,</strong></span> <span class='ocrx_word' id='word_1_299' title='bbox 1658 2608 1799 2662; x_wconf 83' lang='lat' dir='ltr'><strong>velut</strong></span> <span class='ocrx_word' id='word_1_300' title='bbox 1845 2607 2056 2676; x_wconf 73' lang='lat' dir='ltr'><strong>aquilae,</strong></span> <span class='ocrx_word' id='word_1_301' title='bbox 2102 2623 2258 2661; x_wconf 90' lang='lat' dir='ltr'><strong>reuo-</strong></span> 
     </span>
    </p>
   </div>
   <div class='ocr_carea' id='block_1_44' title="bbox 700 2699 2260 2768">
    <p class='ocr_par' dir='ltr' id='par_1_44' title="bbox 700 2699 2260 2768">
     <span class='ocr_line' id='line_1_44' title="bbox 700 2699 2260 2768; baseline -0.003 -11"><span class='ocrx_word' id='word_1_302' title='bbox 700 2715 791 2758; x_wconf 86' lang='lat' dir='ltr'><strong>vat</strong></span> <span class='ocrx_word' id='word_1_303' title='bbox 817 2704 886 2768; x_wconf 84' lang='grc'><strong>⁵⁷,</strong></span> <span class='ocrx_word' id='word_1_304' title='bbox 920 2702 1006 2757; x_wconf 88' lang='lat' dir='ltr'><strong>ubi</strong></span> <span class='ocrx_word' id='word_1_305' title='bbox 1064 2699 1466 2768; x_wconf 86' lang='lat' dir='ltr'><strong>corruperimus</strong></span> <span class='ocrx_word' id='word_1_306' title='bbox 1518 2711 1795 2753; x_wconf 84' lang='lat' dir='ltr'><strong>externum</strong></span> <span class='ocrx_word' id='word_1_307' title='bbox 1851 2699 2157 2762; x_wconf 84' lang='lat' dir='ltr'><strong>hominem,</strong></span> <span class='ocrx_word' id='word_1_308' title='bbox 2209 2706 2260 2752; x_wconf 92' lang='lat' dir='ltr'><strong>et</strong></span> 
     </span>
    </p>
   </div>
   <div class='ocr_carea' id='block_1_45' title="bbox 696 2789 2260 2857">
    <p class='ocr_par' dir='ltr' id='par_1_45' title="bbox 696 2789 2260 2857">
     <span class='ocr_line' id='line_1_45' title="bbox 696 2789 2260 2857; baseline -0.005 -7"><span class='ocrx_word' id='word_1_309' title='bbox 696 2794 935 2850; x_wconf 85' lang='lat' dir='ltr'><strong>renovati</strong></span> <span class='ocrx_word' id='word_1_310' title='bbox 985 2792 1242 2845; x_wconf 80' lang='lat' dir='ltr'><strong>fuerimus</strong></span> <span class='ocrx_word' id='word_1_311' title='bbox 1281 2789 1346 2843; x_wconf 90' lang='lat' dir='ltr'><strong>de</strong></span> <span class='ocrx_word' id='word_1_312' title='bbox 1385 2790 1468 2842; x_wconf 87' lang='lat' dir='ltr'><strong>die</strong></span> <span class='ocrx_word' id='word_1_313' title='bbox 1500 2790 1550 2842; x_wconf 93' lang='lat' dir='ltr'><strong>in</strong></span> <span class='ocrx_word' id='word_1_314' title='bbox 1583 2790 1720 2844; x_wconf 90' lang='lat' dir='ltr'><strong>diem</strong></span> <span class='ocrx_word' id='word_1_315' title='bbox 1750 2791 1816 2845; x_wconf 82' lang='grc'><strong>⁸⁸.</strong></span> <span class='ocrx_word' id='word_1_316' title='bbox 1867 2790 1968 2842; x_wconf 87' lang='lat' dir='ltr'><strong>Sed</strong></span> <span class='ocrx_word' id='word_1_317' title='bbox 1999 2801 2050 2843; x_wconf 90' lang='lat' dir='ltr'><strong>et</strong></span> <span class='ocrx_word' id='word_1_318' title='bbox 2081 2789 2169 2857; x_wconf 84' lang='lat' dir='ltr'><strong>qui</strong></span> <span class='ocrx_word' id='word_1_319' title='bbox 2203 2803 2260 2842; x_wconf 90' lang='lat' dir='ltr'><strong>se</strong></span> 
     </span>
    </p>
   </div>
   <div class='ocr_carea' id='block_1_46' title="bbox 696 2883 2254 2950">
    <p class='ocr_par' dir='ltr' id='par_1_46' title="bbox 696 2883 2254 2950">
     <span class='ocr_line' id='line_1_46' title="bbox 696 2883 2254 2950; baseline -0.005 -8"><span class='ocrx_word' id='word_1_320' title='bbox 696 2888 765 2943; x_wconf 88' lang='lat' dir='ltr'><strong>ad</strong></span> <span class='ocrx_word' id='word_1_321' title='bbox 805 2887 1072 2941; x_wconf 84' lang='lat' dir='ltr'><strong>anteriora</strong></span> <span class='ocrx_word' id='word_1_322' title='bbox 1103 2884 1339 2937; x_wconf 84' lang='lat' dir='ltr'><strong>extendit</strong></span> <span class='ocrx_word' id='word_1_323' title='bbox 1397 2896 1605 2950; x_wconf 88' lang='lat' dir='ltr'><strong>semper</strong></span> <span class='ocrx_word' id='word_1_324' title='bbox 1637 2896 1694 2936; x_wconf 68' lang='lat' dir='ltr'><strong>si:</strong></span> <span class='ocrx_word' id='word_1_325' title='bbox 1731 2883 1844 2950; x_wconf 90' lang='lat' dir='ltr'><strong>ipso</strong></span> <span class='ocrx_word' id='word_1_326' title='bbox 1877 2883 2146 2936; x_wconf 88' lang='lat' dir='ltr'><strong>recentior</strong></span> <span class='ocrx_word' id='word_1_327' title='bbox 2177 2883 2254 2934; x_wconf 89' lang='lat' dir='ltr'><strong>lit.</strong></span> 
     </span>
    </p>
   </div>
   <div class='ocr_carea' id='block_1_47' title="bbox 694 2974 2260 3049">
    <p class='ocr_par' dir='ltr' id='par_1_47' title="bbox 694 2974 2260 3049">
     <span class='ocr_line' id='line_1_47' title="bbox 694 2974 2260 3049; baseline -0.003 -19"><span class='ocrx_word' id='word_1_328' title='bbox 694 2981 871 3049; x_wconf 84' lang='lat' dir='ltr'><strong>Quare</strong></span> <span class='ocrx_word' id='word_1_329' title='bbox 915 2977 1004 3047; x_wconf 92' lang='lat' dir='ltr'><strong>qui</strong></span> <span class='ocrx_word' id='word_1_330' title='bbox 1049 2990 1107 3030; x_wconf 81' lang='lat' dir='ltr'><strong>se</strong></span> <span class='ocrx_word' id='word_1_331' title='bbox 1140 2976 1252 3040; x_wconf 90' lang='lat' dir='ltr'><strong>ipso</strong></span> <span class='ocrx_word' id='word_1_332' title='bbox 1294 2974 1352 3028; x_wconf 90' lang='lat' dir='ltr'><strong>lit</strong></span> <span class='ocrx_word' id='word_1_333' title='bbox 1392 2989 1606 3043; x_wconf 89' lang='lat' dir='ltr'><strong>semper</strong></span> <span class='ocrx_word' id='word_1_334' title='bbox 1649 2975 1936 3035; x_wconf 83' lang='lat' dir='ltr'><strong>recentior,</strong></span> <span class='ocrx_word' id='word_1_335' title='bbox 1991 2974 2260 3026; x_wconf 86' lang='lat' dir='ltr'><strong>recentius</strong></span> 
     </span>
    </p>
   </div>
   <div class='ocr_carea' id='block_1_48' title="bbox 695 3065 2254 3128">
    <p class='ocr_par' dir='ltr' id='par_1_48' title="bbox 695 3065 2254 3128">
     <span class='ocr_line' id='line_1_48' title="bbox 695 3065 2254 3128; baseline -0.008 0"><span class='ocrx_word' id='word_1_336' title='bbox 695 3073 961 3128; x_wconf 86' lang='lat' dir='ltr'><strong>canticum</strong></span> <span class='ocrx_word' id='word_1_337' title='bbox 999 3068 1106 3122; x_wconf 89' lang='lat' dir='ltr'><strong>Deo</strong></span> <span class='ocrx_word' id='word_1_338' title='bbox 1141 3067 1306 3121; x_wconf 84' lang='lat' dir='ltr'><strong>canit.</strong></span> <span class='ocrx_word' id='word_1_339' title='bbox 1355 3067 1642 3123; x_wconf 80' lang='lat' dir='ltr'><strong>Rccentius</strong></span> <span class='ocrx_word' id='word_1_340' title='bbox 1681 3076 1859 3120; x_wconf 89' lang='lat' dir='ltr'><strong>autem</strong></span> <span class='ocrx_word' id='word_1_341' title='bbox 1891 3081 1956 3119; x_wconf 84' lang='lat' dir='ltr'><strong>ex</strong></span> <span class='ocrx_word' id='word_1_342' title='bbox 1993 3080 2142 3119; x_wconf 88' lang='lat' dir='ltr'><strong>more</strong></span> <span class='ocrx_word' id='word_1_343' title='bbox 2172 3065 2254 3118; x_wconf 82' lang='lat' dir='ltr'><strong>di-</strong></span> 
     </span>
    </p>
   </div>
   <div class='ocr_carea' id='block_1_49' title="bbox 697 3156 2254 3227">
    <p class='ocr_par' dir='ltr' id='par_1_49' title="bbox 697 3156 2254 3227">
     <span class='ocr_line' id='line_1_49' title="bbox 697 3156 2254 3227; baseline -0.006 -9"><span class='ocrx_word' id='word_1_344' title='bbox 697 3164 841 3218; x_wconf 89' lang='lat' dir='ltr'><strong>citur</strong></span> <span class='ocrx_word' id='word_1_345' title='bbox 865 3161 949 3216; x_wconf 89' lang='lat' dir='ltr'><strong>vel</strong></span> <span class='ocrx_word' id='word_1_346' title='bbox 981 3161 1032 3214; x_wconf 91' lang='lat' dir='ltr'><strong>id</strong></span> <span class='ocrx_word' id='word_1_347' title='bbox 1061 3157 1200 3227; x_wconf 86' lang='lat' dir='ltr'><strong>quod</strong></span> <span class='ocrx_word' id='word_1_348' title='bbox 1230 3166 1312 3211; x_wconf 83' lang='lat' dir='ltr'><strong>est</strong></span> <span class='ocrx_word' id='word_1_349' title='bbox 1338 3157 1673 3220; x_wconf 87' lang='lat' dir='ltr'><strong>admirabile,</strong></span> <span class='ocrx_word' id='word_1_350' title='bbox 1698 3156 1781 3209; x_wconf 85' lang='lat' dir='ltr'><strong>vel</strong></span> <span class='ocrx_word' id='word_1_351' title='bbox 1813 3156 1860 3209; x_wconf 90' lang='lat' dir='ltr'><strong>id</strong></span> <span class='ocrx_word' id='word_1_352' title='bbox 1891 3157 2030 3225; x_wconf 89' lang='lat' dir='ltr'><strong>quod</strong></span> <span class='ocrx_word' id='word_1_353' title='bbox 2066 3169 2254 3210; x_wconf 91' lang='lat' dir='ltr'><strong>recens</strong></span> 
     </span>
    </p>
   </div>
   <div class='ocr_carea' id='block_1_50' title="bbox 2373 1965 3950 2040">
    <p class='ocr_par' dir='ltr' id='par_1_50' title="bbox 2373 1965 3950 2040">
     <span class='ocr_line' id='line_1_50' title="bbox 2373 1965 3950 2040; baseline 0.006 -24"><span class='ocrx_word' id='word_1_354' title='bbox 2373 1965 2594 2035; x_wconf 66' lang='grc' dir='ltr'><strong>Ἰτράγε-ην</strong></span> <span class='ocrx_word' id='word_1_355' title='bbox 2627 1967 2718 2019; x_wconf 76' lang='grc' dir='ltr'><strong>τοῦ</strong></span> <span class='ocrx_word' id='word_1_356' title='bbox 2752 1967 2912 2039; x_wconf 89' lang='grc' dir='ltr'>νόμου</span> <span class='ocrx_word' id='word_1_357' title='bbox 2942 1969 3238 2039; x_wconf 78' lang='grc' dir='ltr'>παράδοσιν</span> <span class='ocrx_word' id='word_1_358' title='bbox 3277 1970 3690 2040; x_wconf 87' lang='grc' dir='ltr'>γεγραμμένας.</span> <span class='ocrx_word' id='word_1_359' title='bbox 3729 1974 3950 2040; x_wconf 76' lang='grc' dir='ltr'>’ᾼσατε</span> 
     </span>
    </p>
   </div>
   <div class='ocr_carea' id='block_1_51' title="bbox 2367 2052 3948 2133">
    <p class='ocr_par' dir='ltr' id='par_1_51' title="bbox 2367 2052 3948 2133">
     <span class='ocr_line' id='line_1_51' title="bbox 2367 2052 3948 2133; baseline 0.006 -24"><span class='ocrx_word' id='word_1_360' title='bbox 2367 2056 2448 2121; x_wconf 87' lang='grc' dir='ltr'><strong>τῷ</strong></span> <span class='ocrx_word' id='word_1_361' title='bbox 2476 2059 2669 2127; x_wconf 73' lang='grc' dir='ltr'>ΚιῬίῳ</span> <span class='ocrx_word' id='word_1_362' title='bbox 2698 2052 2861 2127; x_wconf 82' lang='grc' dir='ltr'>ᾆσμα</span> <span class='ocrx_word' id='word_1_363' title='bbox 2894 2060 3001 2128; x_wconf 84' lang='grc'><strong>(90)</strong></span> <span class='ocrx_word' id='word_1_364' title='bbox 3038 2062 3265 2115; x_wconf 71' lang='grc' dir='ltr'>καινόν.</span> <span class='ocrx_word' id='word_1_365' title='bbox 3293 2063 3602 2122; x_wconf 83' lang='grc' dir='ltr'>Τουτέστιν,</span> <span class='ocrx_word' id='word_1_366' title='bbox 3643 2063 3743 2130; x_wconf 77' lang='grc' dir='ltr'><strong>Μὴ</strong></span> <span class='ocrx_word' id='word_1_367' title='bbox 3783 2066 3855 2117; x_wconf 78' lang='grc' dir='ltr'><strong>ὲν</strong></span> <span class='ocrx_word' id='word_1_368' title='bbox 3881 2065 3948 2133; x_wconf 76' lang='grc' dir='ltr'><em>τῇ</em></span> 
     </span>
    </p>
   </div>
   <div class='ocr_carea' id='block_1_52' title="bbox 2366 2149 3944 2221">
    <p class='ocr_par' dir='ltr' id='par_1_52' title="bbox 2366 2149 3944 2221">
     <span class='ocr_line' id='line_1_52' title="bbox 2366 2149 3944 2221; baseline 0.004 -21"><span class='ocrx_word' id='word_1_369' title='bbox 2366 2151 2717 2216; x_wconf 76' lang='grc' dir='ltr'><strong>παλαιότητι</strong></span> <span class='ocrx_word' id='word_1_370' title='bbox 2744 2150 2849 2202; x_wconf 84' lang='grc' dir='ltr'><strong>τοῦ</strong></span> <span class='ocrx_word' id='word_1_371' title='bbox 2881 2149 3234 2219; x_wconf 76' lang='grc' dir='ltr'>γράμματος,</span> <span class='ocrx_word' id='word_1_372' title='bbox 3263 2153 3397 2206; x_wconf 73' lang='grc' dir='ltr'>ἀλλ’</span> <span class='ocrx_word' id='word_1_373' title='bbox 3428 2154 3497 2206; x_wconf 82' lang='grc' dir='ltr'><strong>ἐν</strong></span> <span class='ocrx_word' id='word_1_374' title='bbox 3524 2152 3596 2221; x_wconf 77' lang='grc' dir='ltr'><strong>τῇ</strong></span> <span class='ocrx_word' id='word_1_375' title='bbox 3641 2158 3944 2219; x_wconf 72' lang='grc' dir='ltr'><strong>καινότητι</strong></span> 
     </span>
    </p>
   </div>
   <div class='ocr_carea' id='block_1_53' title="bbox 2362 2240 3947 2317">
    <p class='ocr_par' dir='ltr' id='par_1_53' title="bbox 2362 2240 3947 2317">
     <span class='ocr_line' id='line_1_53' title="bbox 2362 2240 3947 2317; baseline 0.004 -24"><span class='ocrx_word' id='word_1_376' title='bbox 2362 2241 2467 2293; x_wconf 81' lang='grc' dir='ltr'><strong>τοῦ</strong></span> <span class='ocrx_word' id='word_1_377' title='bbox 2486 2243 2824 2310; x_wconf 77' lang='grc' dir='ltr'>πνεύματος</span> <span class='ocrx_word' id='word_1_378' title='bbox 2853 2240 3137 2314; x_wconf 80' lang='grc' dir='ltr'>λατρεύετε</span> <span class='ocrx_word' id='word_1_379' title='bbox 3159 2243 3236 2312; x_wconf 77' lang='grc' dir='ltr'>τῷ</span> <span class='ocrx_word' id='word_1_380' title='bbox 3262 2245 3398 2315; x_wconf 81' lang='grc' dir='ltr'>Θεῷ.</span> <span class='ocrx_word' id='word_1_381' title='bbox 3431 2245 3487 2298; x_wconf 86' lang='lat'><strong>&#39;0</strong></span> <span class='ocrx_word' id='word_1_382' title='bbox 3517 2247 3589 2317; x_wconf 85' lang='grc' dir='ltr'>μὴ</span> <span class='ocrx_word' id='word_1_383' title='bbox 3616 2248 3947 2316; x_wconf 77' lang='grc' dir='ltr'><strong>σωματικῶς</strong></span> 
     </span>
    </p>
   </div>
   <div class='ocr_carea' id='block_1_54' title="bbox 2363 2333 3944 2407">
    <p class='ocr_par' dir='ltr' id='par_1_54' title="bbox 2363 2333 3944 2407">
     <span class='ocr_line' id='line_1_54' title="bbox 2363 2333 3944 2407; baseline 0.007 -24"><span class='ocrx_word' id='word_1_384' title='bbox 2363 2333 2720 2402; x_wconf 76' lang='grc' dir='ltr'>ἐκλαμϐάνων</span> <span class='ocrx_word' id='word_1_385' title='bbox 2751 2333 2842 2385; x_wconf 84' lang='grc' dir='ltr'>τὸν</span> <span class='ocrx_word' id='word_1_386' title='bbox 2891 2333 3074 2403; x_wconf 89' lang='grc' dir='ltr'>νόμον,</span> <span class='ocrx_word' id='word_1_387' title='bbox 3107 2334 3243 2388; x_wconf 79' lang='grc' dir='ltr'>ἀλλὰ</span> <span class='ocrx_word' id='word_1_388' title='bbox 3275 2336 3335 2389; x_wconf 87' lang='grc' dir='ltr'>τὸ</span> <span class='ocrx_word' id='word_1_389' title='bbox 3367 2339 3741 2407; x_wconf 83' lang='grc' dir='ltr'>πνευματικὸν</span> <span class='ocrx_word' id='word_1_390' title='bbox 3783 2342 3944 2394; x_wconf 70' lang='grc' dir='ltr'>αὑτοῦ</span> 
     </span>
    </p>
   </div>
   <div class='ocr_carea' id='block_1_55' title="bbox 2362 2417 3945 2502">
    <p class='ocr_par' dir='ltr' id='par_1_55' title="bbox 2362 2417 3945 2502">
     <span class='ocr_line' id='line_1_55' title="bbox 2362 2417 3945 2502; baseline 0.006 -29"><span class='ocrx_word' id='word_1_391' title='bbox 2362 2425 2661 2494; x_wconf 81' lang='grc' dir='ltr'>γνωρίζων,</span> <span class='ocrx_word' id='word_1_392' title='bbox 2704 2417 2858 2487; x_wconf 72' lang='grc' dir='ltr'>οὗτος</span> <span class='ocrx_word' id='word_1_393' title='bbox 2891 2424 3004 2495; x_wconf 81' lang='grc' dir='ltr'>ᾅδει</span> <span class='ocrx_word' id='word_1_394' title='bbox 3037 2426 3096 2478; x_wconf 83' lang='grc' dir='ltr'>τὸ</span> <span class='ocrx_word' id='word_1_395' title='bbox 3139 2429 3321 2480; x_wconf 79' lang='grc' dir='ltr'>καινὸν</span> <span class='ocrx_word' id='word_1_396' title='bbox 3364 2424 3532 2498; x_wconf 82' lang='grc' dir='ltr'>ᾆσμα.</span> <span class='ocrx_word' id='word_1_397' title='bbox 3563 2432 3711 2484; x_wconf 77' lang='grc' dir='ltr'>Διότι</span> <span class='ocrx_word' id='word_1_398' title='bbox 3751 2431 3815 2483; x_wconf 71' lang='grc' dir='ltr'>τὸ</span> <span class='ocrx_word' id='word_1_399' title='bbox 3855 2435 3945 2502; x_wconf 76' lang='grc' dir='ltr'>μὲν</span> 
     </span>
    </p>
   </div>
   <div class='ocr_carea' id='block_1_56' title="bbox 2365 2512 3943 2591">
    <p class='ocr_par' dir='ltr' id='par_1_56' title="bbox 2365 2512 3943 2591">
     <span class='ocr_line' id='line_1_56' title="bbox 2365 2512 3943 2591; baseline 0.014 -28"><span class='ocrx_word' id='word_1_400' title='bbox 2365 2512 2762 2582; x_wconf 75' lang='grc' dir='ltr'><strong>παλαιούμενον</strong></span> <span class='ocrx_word' id='word_1_401' title='bbox 2799 2518 2892 2569; x_wconf 77' lang='grc' dir='ltr'><strong>καὶ</strong></span> <span class='ocrx_word' id='word_1_402' title='bbox 2929 2517 3203 2588; x_wconf 75' lang='grc' dir='ltr'><strong>γηράσκον</strong></span> <span class='ocrx_word' id='word_1_403' title='bbox 3238 2519 3338 2588; x_wconf 79' lang='grc' dir='ltr'>τῆς</span> <span class='ocrx_word' id='word_1_404' title='bbox 3363 2518 3637 2590; x_wconf 76' lang='grc' dir='ltr'>Διαθήκης</span> <span class='ocrx_word' id='word_1_405' title='bbox 3668 2522 3859 2591; x_wconf 72' lang='grc' dir='ltr'>διέϐη·</span> <span class='ocrx_word' id='word_1_406' title='bbox 3890 2525 3943 2575; x_wconf 66' lang='grc' dir='ltr'><strong>τδ</strong></span> 
     </span>
    </p>
   </div>
   <div class='ocr_carea' id='block_1_57' title="bbox 2359 2604 3942 2684">
    <p class='ocr_par' dir='ltr' id='par_1_57' title="bbox 2359 2604 3942 2684">
     <span class='ocr_line' id='line_1_57' title="bbox 2359 2604 3942 2684; baseline 0.009 -29"><span class='ocrx_word' id='word_1_407' title='bbox 2359 2604 2414 2657; x_wconf 84' lang='grc' dir='ltr'>δὲ</span> <span class='ocrx_word' id='word_1_408' title='bbox 2451 2607 2633 2658; x_wconf 82' lang='grc' dir='ltr'>καινὸν</span> <span class='ocrx_word' id='word_1_409' title='bbox 2657 2609 2748 2658; x_wconf 72' lang='grc' dir='ltr'>καὶ</span> <span class='ocrx_word' id='word_1_410' title='bbox 2776 2609 3165 2680; x_wconf 76' lang='grc' dir='ltr'>ἀνανεούμενον</span> <span class='ocrx_word' id='word_1_411' title='bbox 3205 2608 3354 2682; x_wconf 80' lang='grc' dir='ltr'>ᾆσμα</span> <span class='ocrx_word' id='word_1_412' title='bbox 3385 2614 3536 2683; x_wconf 77' lang='grc' dir='ltr'>ἡμᾶς</span> <span class='ocrx_word' id='word_1_413' title='bbox 3565 2615 3669 2684; x_wconf 75' lang='grc' dir='ltr'>τῆς</span> <span class='ocrx_word' id='word_1_414' title='bbox 3697 2615 3794 2668; x_wconf 76' lang='grc' dir='ltr'>τοῦ</span> <span class='ocrx_word' id='word_1_415' title='bbox 3834 2618 3942 2669; x_wconf 72' lang='lat' dir='ltr'><strong>Ku-</strong></span> 
     </span>
    </p>
   </div>
   <div class='ocr_carea' id='block_1_58' title="bbox 2361 2699 3940 2776">
    <p class='ocr_par' dir='ltr' id='par_1_58' title="bbox 2361 2699 3940 2776">
     <span class='ocr_line' id='line_1_58' title="bbox 2361 2699 3940 2776; baseline 0.009 -27"><span class='ocrx_word' id='word_1_416' title='bbox 2361 2699 2477 2768; x_wconf 86' lang='grc' dir='ltr'>ρίου</span> <span class='ocrx_word' id='word_1_417' title='bbox 2531 2699 2874 2763; x_wconf 78' lang='grc' dir='ltr'>διδασκαλίας</span> <span class='ocrx_word' id='word_1_418' title='bbox 2920 2701 3186 2768; x_wconf 80' lang='grc' dir='ltr'><strong>διεδέξατο</strong></span> <span class='ocrx_word' id='word_1_419' title='bbox 3242 2705 3384 2774; x_wconf 82' lang='grc'><strong>(91),</strong></span> <span class='ocrx_word' id='word_1_420' title='bbox 3435 2708 3558 2776; x_wconf 77' lang='grc' dir='ltr'>ἣτις</span> <span class='ocrx_word' id='word_1_421' title='bbox 3597 2710 3940 2775; x_wconf 79' lang='grc' dir='ltr'>ἀνακαινίζει</span> 
     </span>
    </p>
   </div>
   <div class='ocr_carea' id='block_1_59' title="bbox 2357 2791 3940 2870">
    <p class='ocr_par' dir='ltr' id='par_1_59' title="bbox 2357 2791 3940 2870">
     <span class='ocr_line' id='line_1_59' title="bbox 2357 2791 3940 2870; baseline 0.007 -29"><span class='ocrx_word' id='word_1_422' title='bbox 2357 2791 2930 2863; x_wconf 80' lang='grc' dir='ltr'>ήμῶν,ὼςάετοῦ,τὴν</span> <span class='ocrx_word' id='word_1_423' title='bbox 2965 2794 3209 2864; x_wconf 84' lang='grc' dir='ltr'>νεότητα,</span> <span class='ocrx_word' id='word_1_424' title='bbox 3231 2796 3354 2847; x_wconf 84' lang='grc' dir='ltr'>ὅταν</span> <span class='ocrx_word' id='word_1_425' title='bbox 3388 2799 3701 2868; x_wconf 67' lang='grc' dir='ltr'>φθείρωμεν</span> <span class='ocrx_word' id='word_1_426' title='bbox 3728 2804 3828 2870; x_wconf 84' lang='grc' dir='ltr'>μὲν</span> <span class='ocrx_word' id='word_1_427' title='bbox 3857 2805 3940 2854; x_wconf 73' lang='grc' dir='ltr'><strong>τὸν</strong></span> 
     </span>
    </p>
   </div>
   <div class='ocr_carea' id='block_1_60' title="bbox 2356 2882 3936 2963">
    <p class='ocr_par' dir='ltr' id='par_1_60' title="bbox 2356 2882 3936 2963">
     <span class='ocr_line' id='line_1_60' title="bbox 2356 2882 3936 2963; baseline 0.008 -29"><span class='ocrx_word' id='word_1_428' title='bbox 2356 2882 2460 2949; x_wconf 76' lang='grc' dir='ltr'><strong>ἔξω</strong></span> <span class='ocrx_word' id='word_1_429' title='bbox 2493 2882 2798 2952; x_wconf 84' lang='grc' dir='ltr'>ἄνθρωπον,</span> <span class='ocrx_word' id='word_1_430' title='bbox 2830 2884 3248 2954; x_wconf 83' lang='grc' dir='ltr'>ἀνακαινώμεθα</span> <span class='ocrx_word' id='word_1_431' title='bbox 3292 2887 3346 2939; x_wconf 83' lang='grc' dir='ltr'><strong>δὲ</strong></span> <span class='ocrx_word' id='word_1_432' title='bbox 3376 2889 3556 2959; x_wconf 75' lang='grc' dir='ltr'>ἡμέρα</span> <span class='ocrx_word' id='word_1_433' title='bbox 3601 2892 3698 2941; x_wconf 68' lang='grc' dir='ltr'><strong>καὶ</strong></span> <span class='ocrx_word' id='word_1_434' title='bbox 3731 2893 3936 2963; x_wconf 72' lang='grc' dir='ltr'>ἡμέρα.</span> 
     </span>
    </p>
   </div>
   <div class='ocr_carea' id='block_1_61' title="bbox 2369 2973 3941 3049">
    <p class='ocr_par' dir='ltr' id='par_1_61' title="bbox 2369 2973 3941 3049">
     <span class='ocr_line' id='line_1_61' title="bbox 2369 2973 3941 3049; baseline 0.008 -25"><span class='ocrx_word' id='word_1_435' title='bbox 2369 2973 2529 3026; x_wconf 82' lang='grc' dir='ltr'>Ἀλλά</span> <span class='ocrx_word' id='word_1_436' title='bbox 2557 2975 2649 3026; x_wconf 78' lang='grc' dir='ltr'><strong>καὶ</strong></span> <span class='ocrx_word' id='word_1_437' title='bbox 2675 2978 2701 3029; x_wconf 87' lang='grc' dir='ltr'>ὀ</span> <span class='ocrx_word' id='word_1_438' title='bbox 2728 2979 2840 3040; x_wconf 81' lang='grc' dir='ltr'>τοῖς</span> <span class='ocrx_word' id='word_1_439' title='bbox 2869 2976 3174 3049; x_wconf 78' lang='grc' dir='ltr'>ἔμπροσθεν</span> <span class='ocrx_word' id='word_1_440' title='bbox 3202 2979 3646 3049; x_wconf 81' lang='grc' dir='ltr'>ἐπεκτεινόμενος</span> <span class='ocrx_word' id='word_1_441' title='bbox 3682 2984 3772 3035; x_wconf 72' lang='grc' dir='ltr'><strong>ἀεὶ</strong></span> <span class='ocrx_word' id='word_1_442' title='bbox 3828 2986 3941 3036; x_wconf 72' lang='grc' dir='ltr'>ἑαυ-</span> 
     </span>
    </p>
   </div>
   <div class='ocr_carea' id='block_1_62' title="bbox 2356 3063 3939 3146">
    <p class='ocr_par' dir='ltr' id='par_1_62' title="bbox 2356 3063 3939 3146">
     <span class='ocr_line' id='line_1_62' title="bbox 2356 3063 3939 3146; baseline 0.009 -32"><span class='ocrx_word' id='word_1_443' title='bbox 2356 3063 2448 3115; x_wconf 82' lang='grc' dir='ltr'>τοῦ</span> <span class='ocrx_word' id='word_1_444' title='bbox 2480 3068 2789 3136; x_wconf 82' lang='grc' dir='ltr'>καινότερος</span> <span class='ocrx_word' id='word_1_445' title='bbox 2826 3069 3054 3136; x_wconf 88' lang='grc' dir='ltr'>γίνεται.</span> <span class='ocrx_word' id='word_1_446' title='bbox 3090 3070 3246 3123; x_wconf 84' lang='grc' dir='ltr'>Ὥστε</span> <span class='ocrx_word' id='word_1_447' title='bbox 3282 3072 3309 3123; x_wconf 80' lang='grc' dir='ltr'>ὁ</span> <span class='ocrx_word' id='word_1_448' title='bbox 3343 3073 3428 3124; x_wconf 80' lang='grc' dir='ltr'><strong>ἀεὶ</strong></span> <span class='ocrx_word' id='word_1_449' title='bbox 3470 3074 3786 3146; x_wconf 78' lang='grc' dir='ltr'>καινότερος</span> <span class='ocrx_word' id='word_1_450' title='bbox 3821 3077 3939 3128; x_wconf 74' lang='grc' dir='ltr'>ἑαυ-</span> 
     </span>
    </p>
   </div>
   <div class='ocr_carea' id='block_1_63' title="bbox 2357 3155 3938 3236">
    <p class='ocr_par' dir='ltr' id='par_1_63' title="bbox 2357 3155 3938 3236">
     <span class='ocr_line' id='line_1_63' title="bbox 2357 3155 3938 3236; baseline 0.009 -29"><span class='ocrx_word' id='word_1_451' title='bbox 2357 3155 2450 3208; x_wconf 79' lang='grc' dir='ltr'><strong>τοῦ</strong></span> <span class='ocrx_word' id='word_1_452' title='bbox 2479 3157 2759 3226; x_wconf 80' lang='grc' dir='ltr'>γινόμενος</span> <span class='ocrx_word' id='word_1_453' title='bbox 2791 3161 3099 3230; x_wconf 73' lang='grc' dir='ltr'>καινότερον</span> <span class='ocrx_word' id='word_1_454' title='bbox 3125 3158 3272 3234; x_wconf 74' lang='grc' dir='ltr'>ᾆσμα</span> <span class='ocrx_word' id='word_1_455' title='bbox 3314 3164 3427 3235; x_wconf 74' lang='grc' dir='ltr'>ᾄδει</span> <span class='ocrx_word' id='word_1_456' title='bbox 3453 3164 3530 3234; x_wconf 81' lang='grc' dir='ltr'>τῷ</span> <span class='ocrx_word' id='word_1_457' title='bbox 3560 3165 3699 3236; x_wconf 80' lang='grc' dir='ltr'>Θεῷ.</span> <span class='ocrx_word' id='word_1_458' title='bbox 3739 3169 3938 3220; x_wconf 79' lang='grc' dir='ltr'>Καινό-</span> 
     </span>
    </p>
   </div>
   <div class='ocr_carea' id='block_1_64' title="bbox 693 3231 2254 3326">
    <p class='ocr_par' dir='ltr' id='par_1_64' title="bbox 693 3247 2254 3319">
     <span class='ocr_line' id='line_1_64' title="bbox 693 3247 2254 3319; baseline -0.005 -10"><span class='ocrx_word' id='word_1_459' title='bbox 693 3267 870 3309; x_wconf 86' lang='lat' dir='ltr'><strong>Ortum</strong></span> <span class='ocrx_word' id='word_1_460' title='bbox 897 3253 1099 3306; x_wconf 86' lang='lat' dir='ltr'><strong>habuit.</strong></span> <span class='ocrx_word' id='word_1_461' title='bbox 1130 3252 1256 3304; x_wconf 80' lang='lat' dir='ltr'><strong>Sive</strong></span> <span class='ocrx_word' id='word_1_462' title='bbox 1289 3250 1448 3319; x_wconf 69' lang='lat' dir='ltr'><strong>igitur</strong></span> <span class='ocrx_word' id='word_1_463' title='bbox 1479 3249 1864 3301; x_wconf 83' lang='lat' dir='ltr'><strong>incarnationis</strong></span> <span class='ocrx_word' id='word_1_464' title='bbox 1897 3247 2108 3301; x_wconf 89' lang='lat' dir='ltr'><strong>Domini</strong></span> <span class='ocrx_word' id='word_1_465' title='bbox 2141 3262 2254 3301; x_wconf 89' lang='lat' dir='ltr'><strong>mo-</strong></span> 
     </span>
    </p>
   </div>
   <div class='ocr_carea' id='block_1_65' title="bbox 2359 3231 3931 3326">
    <p class='ocr_par' dir='ltr' id='par_1_65' title="bbox 2359 3248 3931 3326">
     <span class='ocr_line' id='line_1_65' title="bbox 2359 3248 3931 3326; baseline 0.008 -26"><span class='ocrx_word' id='word_1_466' title='bbox 2359 3264 2510 3316; x_wconf 86' lang='grc' dir='ltr'>τερον</span> <span class='ocrx_word' id='word_1_467' title='bbox 2531 3248 2586 3300; x_wconf 79' lang='grc' dir='ltr'>δὲ</span> <span class='ocrx_word' id='word_1_468' title='bbox 2622 3248 2652 3318; x_wconf 81' lang='grc' dir='ltr'>ἢ</span> <span class='ocrx_word' id='word_1_469' title='bbox 2695 3249 2754 3299; x_wconf 84' lang='grc' dir='ltr'><strong>τὸ</strong></span> <span class='ocrx_word' id='word_1_470' title='bbox 2789 3249 3084 3318; x_wconf 79' lang='grc' dir='ltr'>παράδοξον</span> <span class='ocrx_word' id='word_1_471' title='bbox 3118 3255 3342 3324; x_wconf 80' lang='grc' dir='ltr'>ὑπὸτῆς</span> <span class='ocrx_word' id='word_1_472' title='bbox 3375 3257 3662 3326; x_wconf 74' lang='grc' dir='ltr'>συνηθείας</span> <span class='ocrx_word' id='word_1_473' title='bbox 3692 3258 3931 3326; x_wconf 77' lang='grc' dir='ltr'>λέγεται,</span> 
     </span>
    </p>
   </div>
   <div class='ocr_carea' id='block_1_66' title="bbox 695 3340 2254 3407">
    <p class='ocr_par' dir='ltr' id='par_1_66' title="bbox 695 3340 2254 3407">
     <span class='ocr_line' id='line_1_66' title="bbox 695 3340 2254 3407; baseline -0.006 -7"><span class='ocrx_word' id='word_1_474' title='bbox 695 3349 820 3400; x_wconf 91' lang='lat' dir='ltr'><strong>dum</strong></span> <span class='ocrx_word' id='word_1_475' title='bbox 862 3345 1228 3400; x_wconf 79' lang='lat' dir='ltr'><strong>admirabilem</strong></span> <span class='ocrx_word' id='word_1_476' title='bbox 1263 3353 1317 3398; x_wconf 89' lang='lat' dir='ltr'><strong>et</strong></span> <span class='ocrx_word' id='word_1_477' title='bbox 1356 3353 1542 3397; x_wconf 88' lang='lat' dir='ltr'><strong>natura</strong></span> <span class='ocrx_word' id='word_1_478' title='bbox 1571 3340 1713 3394; x_wconf 91' lang='lat' dir='ltr'><strong>omni</strong></span> <span class='ocrx_word' id='word_1_479' title='bbox 1747 3340 2078 3407; x_wconf 86' lang='lat' dir='ltr'><strong>superiorem</strong></span> <span class='ocrx_word' id='word_1_480' title='bbox 2129 3355 2254 3393; x_wconf 87' lang='lat' dir='ltr'><strong>uar-</strong></span> 
     </span>
    </p>
   </div>
   <div class='ocr_carea' id='block_1_67' title="bbox 700 3435 2248 3510">
    <p class='ocr_par' dir='ltr' id='par_1_67' title="bbox 700 3435 2248 3510">
     <span class='ocr_line' id='line_1_67' title="bbox 700 3435 2248 3510; baseline -0.008 -7"><span class='ocrx_word' id='word_1_481' title='bbox 700 3464 807 3510; x_wconf 78' lang='lat' dir='ltr'><strong>res,</strong></span> <span class='ocrx_word' id='word_1_482' title='bbox 856 3444 1125 3500; x_wconf 90' lang='lat' dir='ltr'><strong>recentius</strong></span> <span class='ocrx_word' id='word_1_483' title='bbox 1175 3457 1241 3497; x_wconf 91' lang='lat' dir='ltr'><strong>ac</strong></span> <span class='ocrx_word' id='word_1_484' title='bbox 1277 3441 1551 3496; x_wconf 89' lang='lat' dir='ltr'><strong>insolitum</strong></span> <span class='ocrx_word' id='word_1_485' title='bbox 1594 3435 1862 3491; x_wconf 88' lang='lat' dir='ltr'><strong>canticmn</strong></span> <span class='ocrx_word' id='word_1_486' title='bbox 1922 3437 2199 3490; x_wconf 85' lang='lat' dir='ltr'><strong>concinnis</strong></span> <span class='ocrx_word' id='word_1_487' title='bbox 2236 3455 2248 3490; x_wconf 95' lang='lat'><strong>:</strong></span> 
     </span>
    </p>
   </div>
   <div class='ocr_carea' id='block_1_68' title="bbox 697 3533 2254 3609">
    <p class='ocr_par' dir='ltr' id='par_1_68' title="bbox 697 3533 2254 3609">
     <span class='ocr_line' id='line_1_68' title="bbox 697 3533 2254 3609; baseline -0.006 -14"><span class='ocrx_word' id='word_1_488' title='bbox 697 3543 812 3596; x_wconf 86' lang='lat' dir='ltr'><strong>sive</strong></span> <span class='ocrx_word' id='word_1_489' title='bbox 859 3541 1022 3595; x_wconf 90' lang='lat' dir='ltr'><strong>totius</strong></span> <span class='ocrx_word' id='word_1_490' title='bbox 1055 3541 1230 3593; x_wconf 88' lang='lat' dir='ltr'><strong>mundi</strong></span> <span class='ocrx_word' id='word_1_491' title='bbox 1265 3554 1360 3607; x_wconf 90' lang='lat' dir='ltr'><strong>per</strong></span> <span class='ocrx_word' id='word_1_492' title='bbox 1391 3546 1668 3609; x_wconf 88' lang='lat' dir='ltr'><strong>peccatum</strong></span> <span class='ocrx_word' id='word_1_493' title='bbox 1705 3533 1985 3589; x_wconf 82' lang='lat' dir='ltr'><strong>inveterati</strong></span> <span class='ocrx_word' id='word_1_494' title='bbox 2034 3547 2254 3601; x_wconf 81' lang='lat' dir='ltr'><strong>regene-</strong></span> 
     </span>
    </p>
   </div>
   <div class='ocr_carea' id='block_1_69' title="bbox 695 3631 2256 3698">
    <p class='ocr_par' dir='ltr' id='par_1_69' title="bbox 695 3631 2256 3698">
     <span class='ocr_line' id='line_1_69' title="bbox 695 3631 2256 3698; baseline -0.008 -10"><span class='ocrx_word' id='word_1_495' title='bbox 695 3633 958 3688; x_wconf 87' lang='lat' dir='ltr'><strong>rationem</strong></span> <span class='ocrx_word' id='word_1_496' title='bbox 1013 3631 1519 3698; x_wconf 85' lang='lat' dir='ltr'><strong>renovationemque</strong></span> <span class='ocrx_word' id='word_1_497' title='bbox 1556 3641 1863 3690; x_wconf 79' lang='lat' dir='ltr'><strong>recenseas,</strong></span> <span class='ocrx_word' id='word_1_498' title='bbox 1910 3641 1973 3679; x_wconf 88' lang='lat' dir='ltr'><strong>ac</strong></span> <span class='ocrx_word' id='word_1_499' title='bbox 2015 3639 2256 3679; x_wconf 87' lang='lat' dir='ltr'><strong>resurre-</strong></span> 
     </span>
    </p>
   </div>
   <div class='ocr_carea' id='block_1_70' title="bbox 691 3721 2249 3791">
    <p class='ocr_par' dir='ltr' id='par_1_70' title="bbox 691 3721 2249 3791">
     <span class='ocr_line' id='line_1_70' title="bbox 691 3721 2249 3791; baseline -0.006 -12"><span class='ocrx_word' id='word_1_500' title='bbox 691 3725 885 3781; x_wconf 89' lang='lat' dir='ltr'><strong>ctionis</strong></span> <span class='ocrx_word' id='word_1_501' title='bbox 924 3723 1322 3779; x_wconf 86' lang='lat' dir='ltr'><strong>annuntiaveris</strong></span> <span class='ocrx_word' id='word_1_502' title='bbox 1357 3722 1630 3791; x_wconf 83' lang='lat' dir='ltr'><strong>mysteria,</strong></span> <span class='ocrx_word' id='word_1_503' title='bbox 1674 3721 1752 3776; x_wconf 91' lang='lat' dir='ltr'><strong>sic</strong></span> <span class='ocrx_word' id='word_1_504' title='bbox 1785 3732 1997 3790; x_wconf 87' lang='lat' dir='ltr'><strong>quoque</strong></span> <span class='ocrx_word' id='word_1_505' title='bbox 2050 3731 2249 3771; x_wconf 88' lang='lat' dir='ltr'><strong>novum</strong></span> 
     </span>
    </p>
   </div>
   <div class='ocr_carea' id='block_1_71' title="bbox 694 3813 1472 3869">
    <p class='ocr_par' dir='ltr' id='par_1_71' title="bbox 694 3813 1472 3869">
     <span class='ocr_line' id='line_1_71' title="bbox 694 3813 1472 3869; baseline -0.004 0"><span class='ocrx_word' id='word_1_506' title='bbox 694 3830 758 3869; x_wconf 86' lang='lat' dir='ltr'><strong>ac</strong></span> <span class='ocrx_word' id='word_1_507' title='bbox 789 3831 977 3869; x_wconf 85' lang='lat' dir='ltr'><strong>recens</strong></span> <span class='ocrx_word' id='word_1_508' title='bbox 1005 3815 1272 3868; x_wconf 80' lang='lat' dir='ltr'><strong>canticum</strong></span> <span class='ocrx_word' id='word_1_509' title='bbox 1305 3813 1472 3867; x_wconf 88' lang='lat' dir='ltr'><strong>canis.</strong></span> 
     </span>
    </p>
   </div>
   <div class='ocr_carea' id='block_1_72' title="bbox 754 4083 2245 4155">
    <p class='ocr_par' dir='ltr' id='par_1_72' title="bbox 754 4083 2245 4155">
     <span class='ocr_line' id='line_1_72' title="bbox 754 4083 2245 4155; baseline -0.004 -13"><span class='ocrx_word' id='word_1_510' title='bbox 754 4088 807 4143; x_wconf 80' lang='lat'><strong>5.</strong></span> <span class='ocrx_word' id='word_1_511' title='bbox 849 4089 986 4142; x_wconf 84' lang='lat' dir='ltr'><strong>Bene</strong></span> <span class='ocrx_word' id='word_1_512' title='bbox 1021 4086 1228 4155; x_wconf 77' lang='lat' dir='ltr'><strong>psallite</strong></span> <span class='ocrx_word' id='word_1_513' title='bbox 1265 4086 1312 4138; x_wconf 83' lang='lat' dir='ltr'><strong>ei</strong></span> <span class='ocrx_word' id='word_1_514' title='bbox 1343 4087 1398 4139; x_wconf 84' lang='lat' dir='ltr'><strong>in</strong></span> <span class='ocrx_word' id='word_1_515' title='bbox 1442 4084 1832 4154; x_wconf 79' lang='lat' dir='ltr'><strong>vociferatione.</strong></span> <span class='ocrx_word' id='word_1_516' title='bbox 1873 4083 2065 4137; x_wconf 87' lang='lat' dir='ltr'><strong>Audite</strong></span> <span class='ocrx_word' id='word_1_517' title='bbox 2107 4097 2245 4151; x_wconf 72' lang='lat' dir='ltr'><strong>prte-</strong></span> 
     </span>
    </p>
   </div>
   <div class='ocr_carea' id='block_1_73' title="bbox 688 4173 2246 4251">
    <p class='ocr_par' dir='ltr' id='par_1_73' title="bbox 688 4173 2246 4251">
     <span class='ocr_line' id='line_1_73' title="bbox 688 4173 2246 4251; baseline -0.004 -15"><span class='ocrx_word' id='word_1_518' title='bbox 688 4191 925 4251; x_wconf 87' lang='lat' dir='ltr'><strong>ceptum.</strong></span> <span class='ocrx_word' id='word_1_519' title='bbox 954 4178 1090 4231; x_wconf 87' lang='lat' dir='ltr'><strong>Bene</strong></span> <span class='ocrx_word' id='word_1_520' title='bbox 1118 4177 1357 4246; x_wconf 75' lang='lat' dir='ltr'><strong>psallite,-</strong></span> <span class='ocrx_word' id='word_1_521' title='bbox 1388 4189 1564 4230; x_wconf 90' lang='lat' dir='ltr'><strong>mente</strong></span> <span class='ocrx_word' id='word_1_522' title='bbox 1606 4186 1832 4238; x_wconf 86' lang='lat' dir='ltr'><strong>attenta,</strong></span> <span class='ocrx_word' id='word_1_523' title='bbox 1873 4178 2083 4228; x_wconf 86' lang='lat' dir='ltr'><strong>sincero</strong></span> <span class='ocrx_word' id='word_1_524' title='bbox 2116 4173 2246 4229; x_wconf 71' lang='lat' dir='ltr'><strong>alle-</strong></span> 
     </span>
    </p>
   </div>
   <div class='ocr_carea' id='block_1_74' title="bbox 683 4264 2246 4340">
    <p class='ocr_par' dir='ltr' id='par_1_74' title="bbox 683 4264 2246 4340">
     <span class='ocr_line' id='line_1_74' title="bbox 683 4264 2246 4340; baseline -0.007 -12"><span class='ocrx_word' id='word_1_525' title='bbox 683 4284 794 4328; x_wconf 93' lang='lat' dir='ltr'><strong>ctu.</strong></span> <span class='ocrx_word' id='word_1_526' title='bbox 841 4271 907 4326; x_wconf 85' lang='lat' dir='ltr'><strong>In</strong></span> <span class='ocrx_word' id='word_1_527' title='bbox 957 4270 1328 4340; x_wconf 79' lang='lat' dir='ltr'><strong>vociferatione</strong></span> <span class='ocrx_word' id='word_1_528' title='bbox 1379 4267 1605 4335; x_wconf 77' lang='lat' dir='ltr'><strong>psallite.</strong></span> <span class='ocrx_word' id='word_1_529' title='bbox 1644 4266 1804 4320; x_wconf 78' lang='lat' dir='ltr'><strong>Velut</strong></span> <span class='ocrx_word' id='word_1_530' title='bbox 1856 4265 1979 4318; x_wconf 93' lang='lat' dir='ltr'><strong>boni</strong></span> <span class='ocrx_word' id='word_1_531' title='bbox 2030 4264 2246 4334; x_wconf 90' lang='lat' dir='ltr'><strong>quidem</strong></span> 
     </span>
    </p>
   </div>
   <div class='ocr_carea' id='block_1_75' title="bbox 684 4356 2244 4433">
    <p class='ocr_par' dir='ltr' id='par_1_75' title="bbox 684 4356 2244 4433">
     <span class='ocr_line' id='line_1_75' title="bbox 684 4356 2244 4433; baseline -0.006 -14"><span class='ocrx_word' id='word_1_532' title='bbox 684 4367 882 4421; x_wconf 88' lang='lat' dir='ltr'><strong>milites</strong></span> <span class='ocrx_word' id='word_1_533' title='bbox 914 4375 1031 4433; x_wconf 90' lang='lat' dir='ltr'><strong>post</strong></span> <span class='ocrx_word' id='word_1_534' title='bbox 1079 4372 1283 4430; x_wconf 88' lang='lat' dir='ltr'><strong>partam</strong></span> <span class='ocrx_word' id='word_1_535' title='bbox 1315 4361 1378 4414; x_wconf 89' lang='lat' dir='ltr'><strong>de</strong></span> <span class='ocrx_word' id='word_1_536' title='bbox 1411 4357 1655 4412; x_wconf 89' lang='lat' dir='ltr'><strong>hostibus</strong></span> <span class='ocrx_word' id='word_1_537' title='bbox 1703 4357 2005 4420; x_wconf 83' lang='lat' dir='ltr'><strong>victoriam,</strong></span> <span class='ocrx_word' id='word_1_538' title='bbox 2045 4356 2244 4411; x_wconf 83' lang='lat' dir='ltr'><strong>referte</strong></span> 
     </span>
    </p>
   </div>
   <div class='ocr_carea' id='block_1_76' title="bbox 683 4447 2243 4528">
    <p class='ocr_par' dir='ltr' id='par_1_76' title="bbox 683 4447 2243 4528">
     <span class='ocr_line' id='line_1_76' title="bbox 683 4447 2243 4528; baseline -0.009 -15"><span class='ocrx_word' id='word_1_539' title='bbox 683 4459 910 4528; x_wconf 78' lang='lat' dir='ltr'><strong>hymnos</strong></span> <span class='ocrx_word' id='word_1_540' title='bbox 948 4455 1154 4507; x_wconf 87' lang='lat' dir='ltr'><strong>auctori</strong></span> <span class='ocrx_word' id='word_1_541' title='bbox 1186 4453 1439 4506; x_wconf 73' lang='lat' dir='ltr'><strong>victorite.</strong></span> <span class='ocrx_word' id='word_1_542' title='bbox 1474 4449 1752 4516; x_wconf 62' lang='lat' dir='ltr'><strong>Conﬁtlite,</strong></span> <span class='ocrx_word' id='word_1_543' title='bbox 1791 4449 1986 4519; x_wconf 85' lang='lat' dir='ltr'><strong>inquit,</strong></span> <span class='ocrx_word' id='word_1_544' title='bbox 2022 4464 2112 4517; x_wconf 87' lang='lat' dir='ltr'><strong>ego</strong></span> <span class='ocrx_word' id='word_1_545' title='bbox 2145 4447 2243 4501; x_wconf 83' lang='lat' dir='ltr'><strong>vici</strong></span> 
     </span>
    </p>
   </div>
   <div class='ocr_carea' id='block_1_77' title="bbox 679 4538 2238 4610">
    <p class='ocr_par' dir='ltr' id='par_1_77' title="bbox 679 4538 2238 4610">
     <span class='ocr_line' id='line_1_77' title="bbox 679 4538 2238 4610; baseline -0.006 -9"><span class='ocrx_word' id='word_1_546' title='bbox 679 4547 932 4602; x_wconf 82' lang='lat' dir='ltr'><strong>mundum</strong></span> <span class='ocrx_word' id='word_1_547' title='bbox 957 4545 1021 4598; x_wconf 75' lang='lat'><strong>&quot;.</strong></span> <span class='ocrx_word' id='word_1_548' title='bbox 1057 4544 1186 4610; x_wconf 84' lang='lat' dir='ltr'><strong>Quis</strong></span> <span class='ocrx_word' id='word_1_549' title='bbox 1213 4543 1488 4598; x_wconf 84' lang='lat' dir='ltr'><strong>hominum</strong></span> <span class='ocrx_word' id='word_1_550' title='bbox 1520 4544 1775 4595; x_wconf 84' lang='lat' dir='ltr'><strong>adversus</strong></span> <span class='ocrx_word' id='word_1_551' title='bbox 1815 4539 2086 4595; x_wconf 87' lang='lat' dir='ltr'><strong>diabolum</strong></span> <span class='ocrx_word' id='word_1_552' title='bbox 2131 4538 2238 4593; x_wconf 84' lang='lat' dir='ltr'><strong>bel-</strong></span> 
     </span>
    </p>
   </div>
   <div class='ocr_carea' id='block_1_78' title="bbox 678 4633 2240 4708">
    <p class='ocr_par' dir='ltr' id='par_1_78' title="bbox 678 4633 2240 4708">
     <span class='ocr_line' id='line_1_78' title="bbox 678 4633 2240 4708; baseline -0.005 -17"><span class='ocrx_word' id='word_1_553' title='bbox 678 4639 786 4691; x_wconf 90' lang='lat' dir='ltr'><strong>lmn</strong></span> <span class='ocrx_word' id='word_1_554' title='bbox 817 4653 1002 4708; x_wconf 78' lang='lat' dir='ltr'><strong>gerere</strong></span> <span class='ocrx_word' id='word_1_555' title='bbox 1033 4637 1230 4706; x_wconf 89' lang='lat' dir='ltr'><strong>possit,</strong></span> <span class='ocrx_word' id='word_1_556' title='bbox 1279 4634 1376 4687; x_wconf 86' lang='lat' dir='ltr'><strong>nisi</strong></span> <span class='ocrx_word' id='word_1_557' title='bbox 1405 4635 1468 4687; x_wconf 88' lang='lat' dir='ltr'><strong>ad</strong></span> <span class='ocrx_word' id='word_1_558' title='bbox 1505 4633 1807 4700; x_wconf 62' lang='lat' dir='ltr'><strong>praesidium</strong></span> <span class='ocrx_word' id='word_1_559' title='bbox 1858 4633 2108 4700; x_wconf 65' lang='lat' dir='ltr'><strong>potentiae</strong></span> <span class='ocrx_word' id='word_1_560' title='bbox 2142 4633 2240 4685; x_wconf 86' lang='lat' dir='ltr'><strong>itu-</strong></span> 
     </span>
    </p>
   </div>
   <div class='ocr_carea' id='block_1_79' title="bbox 677 4723 2237 4799">
    <p class='ocr_par' dir='ltr' id='par_1_79' title="bbox 677 4723 2237 4799">
     <span class='ocr_line' id='line_1_79' title="bbox 677 4723 2237 4799; baseline -0.001 -20"><span class='ocrx_word' id='word_1_561' title='bbox 677 4732 940 4799; x_wconf 85' lang='lat' dir='ltr'><strong>peratoris</strong></span> <span class='ocrx_word' id='word_1_562' title='bbox 992 4728 1391 4799; x_wconf 78' lang='lat' dir='ltr'><strong>confugientes,</strong></span> <span class='ocrx_word' id='word_1_563' title='bbox 1442 4727 1586 4780; x_wconf 91' lang='lat' dir='ltr'><strong>illinc</strong></span> <span class='ocrx_word' id='word_1_564' title='bbox 1642 4740 1738 4794; x_wconf 90' lang='lat' dir='ltr'><strong>per</strong></span> <span class='ocrx_word' id='word_1_565' title='bbox 1793 4723 1947 4778; x_wconf 81' lang='lat' dir='ltr'><strong>(idem</strong></span> <span class='ocrx_word' id='word_1_566' title='bbox 2004 4739 2122 4793; x_wconf 68' lang='lat' dir='ltr'><strong>quae</strong></span> <span class='ocrx_word' id='word_1_567' title='bbox 2185 4724 2237 4778; x_wconf 92' lang='lat' dir='ltr'><strong>in</strong></span> 
     </span>
    </p>
   </div>
   <div class='ocr_carea' id='block_1_80' title="bbox 676 4814 2235 4891">
    <p class='ocr_par' dir='ltr' id='par_1_80' title="bbox 676 4814 2235 4891">
     <span class='ocr_line' id='line_1_80' title="bbox 676 4814 2235 4891; baseline -0.007 -14"><span class='ocrx_word' id='word_1_568' title='bbox 676 4823 792 4891; x_wconf 90' lang='lat' dir='ltr'><strong>ipso</strong></span> <span class='ocrx_word' id='word_1_569' title='bbox 837 4831 952 4885; x_wconf 88' lang='lat' dir='ltr'><strong>est,</strong></span> <span class='ocrx_word' id='word_1_570' title='bbox 1005 4821 1276 4874; x_wconf 88' lang='lat' dir='ltr'><strong>inimicum</strong></span> <span class='ocrx_word' id='word_1_571' title='bbox 1334 4827 1572 4872; x_wconf 87' lang='lat' dir='ltr'><strong>nostrum</strong></span> <span class='ocrx_word' id='word_1_572' title='bbox 1609 4816 1863 4871; x_wconf 84' lang='lat' dir='ltr'><strong>feriamus</strong></span> <span class='ocrx_word' id='word_1_573' title='bbox 1916 4829 1980 4868; x_wconf 90' lang='lat' dir='ltr'><strong>ac</strong></span> <span class='ocrx_word' id='word_1_574' title='bbox 2023 4814 2235 4884; x_wconf 80' lang='lat' dir='ltr'><strong>sagittis</strong></span> 
     </span>
    </p>
   </div>
   <div class='ocr_carea' id='block_1_81' title="bbox 745 5019 2227 5085">
    <p class='ocr_par' dir='ltr' id='par_1_81' title="bbox 745 5019 2227 5085">
     <span class='ocr_line' id='line_1_81' title="bbox 745 5019 2227 5085; baseline -0.004 -7"><span class='ocrx_word' id='word_1_575' title='bbox 745 5025 790 5056; x_wconf 86' lang='lat'><strong>&quot;</strong></span> <span class='ocrx_word' id='word_1_576' title='bbox 829 5023 968 5078; x_wconf 76' lang='lat' dir='ltr'><strong>Psal.</strong></span> <span class='ocrx_word' id='word_1_577' title='bbox 997 5039 1105 5084; x_wconf 69' lang='lat' dir='ltr'><strong>xei,</strong></span> <span class='ocrx_word' id='word_1_578' title='bbox 1133 5024 1184 5077; x_wconf 78' lang='grc'><strong>4.</strong></span> <span class='ocrx_word' id='word_1_579' title='bbox 1261 5023 1305 5053; x_wconf 82' lang='grc'><strong>⁸⁸</strong></span> <span class='ocrx_word' id='word_1_580' title='bbox 1346 5022 1501 5075; x_wconf 78' lang='lat' dir='ltr'><strong>Rom.</strong></span> <span class='ocrx_word' id='word_1_581' title='bbox 1546 5038 1636 5085; x_wconf 84' lang='lat' dir='ltr'><strong>vn,</strong></span> <span class='ocrx_word' id='word_1_582' title='bbox 1672 5020 1723 5074; x_wconf 89' lang='lat'><strong>6.</strong></span> <span class='ocrx_word' id='word_1_583' title='bbox 1802 5019 1843 5051; x_wconf 83' lang='grc'><strong>³⁷</strong></span> <span class='ocrx_word' id='word_1_584' title='bbox 1884 5019 2025 5074; x_wconf 79' lang='lat' dir='ltr'><strong>Psal.</strong></span> <span class='ocrx_word' id='word_1_585' title='bbox 2051 5035 2144 5082; x_wconf 85' lang='lat' dir='ltr'><strong>cn,</strong></span> <span class='ocrx_word' id='word_1_586' title='bbox 2174 5021 2227 5072; x_wconf 82' lang='lat'><strong>5.</strong></span> 
     </span>
    </p>
   </div>
   <div class='ocr_carea' id='block_1_82' title="bbox 745 5201 2226 5276">
    <p class='ocr_par' dir='ltr' id='par_1_82' title="bbox 745 5201 2226 5276">
     <span class='ocr_line' id='line_1_82' title="bbox 745 5201 2226 5276; baseline -0.004 -16"><span class='ocrx_word' id='word_1_587' title='bbox 745 5207 855 5276; x_wconf 88' lang='lat'><strong>(88)</strong></span> <span class='ocrx_word' id='word_1_588' title='bbox 895 5209 1024 5275; x_wconf 77' lang='lat' dir='ltr'><strong>Reg.</strong></span> <span class='ocrx_word' id='word_1_589' title='bbox 1064 5205 1338 5276; x_wconf 66' lang='lat' dir='ltr'><strong>secundus</strong></span> <span class='ocrx_word' id='word_1_590' title='bbox 1368 5203 1699 5276; x_wconf 31' lang='lat' dir='ltr'><strong>cumﬂaltero</strong></span> <span class='ocrx_word' id='word_1_591' title='bbox 1747 5217 1846 5276; x_wconf 65' lang='lat' dir='ltr'><strong>ms.</strong></span> <span class='ocrx_word' id='word_1_592' title='bbox 1887 5202 2107 5270; x_wconf 66' lang='grc' dir='ltr'>ψάλλειν</span> <span class='ocrx_word' id='word_1_593' title='bbox 2137 5201 2226 5276; x_wconf 30' lang='grc' dir='ltr'><strong>.τῴ</strong></span> 
     </span>
    </p>
   </div>
   <div class='ocr_carea' id='block_1_83' title="bbox 672 5272 2228 5348">
    <p class='ocr_par' dir='ltr' id='par_1_83' title="bbox 672 5272 2228 5348">
     <span class='ocr_line' id='line_1_83' title="bbox 672 5272 2228 5348; baseline -0.004 -16"><span class='ocrx_word' id='word_1_594' title='bbox 672 5272 1015 5348; x_wconf 38' lang='grc' dir='ltr'><strong>ΚυρίῳηΑιῖἰ</strong></span> <span class='ocrx_word' id='word_1_595' title='bbox 1049 5293 1176 5331; x_wconf 89' lang='lat' dir='ltr'><strong>mss.</strong></span> <span class='ocrx_word' id='word_1_596' title='bbox 1205 5274 1455 5348; x_wconf 42' lang='lat'><strong>1965(3).</strong></span> <span class='ocrx_word' id='word_1_597' title='bbox 1482 5274 1585 5328; x_wconf 74' lang='lat' dir='ltr'><strong>Nec</strong></span> <span class='ocrx_word' id='word_1_598' title='bbox 1603 5277 1688 5348; x_wconf 80' lang='lat' dir='ltr'><strong>ita</strong></span> <span class='ocrx_word' id='word_1_599' title='bbox 1719 5272 1880 5326; x_wconf 94' lang='lat' dir='ltr'><strong>multo</strong></span> <span class='ocrx_word' id='word_1_600' title='bbox 1917 5286 2035 5348; x_wconf 71' lang='lat' dir='ltr'><strong>post</strong></span> <span class='ocrx_word' id='word_1_601' title='bbox 2065 5274 2228 5348; x_wconf 81' lang='lat' dir='ltr'><strong>editio</strong></span> 
     </span>
    </p>
   </div>
   <div class='ocr_carea' id='block_1_84' title="bbox 670 5342 2228 5417">
    <p class='ocr_par' dir='ltr' id='par_1_84' title="bbox 670 5342 2228 5417">
     <span class='ocr_line' id='line_1_84' title="bbox 670 5342 2228 5417; baseline -0.004 -16"><span class='ocrx_word' id='word_1_602' title='bbox 670 5342 842 5402; x_wconf 54' lang='lat' dir='ltr'><strong>Paris;</strong></span> <span class='ocrx_word' id='word_1_603' title='bbox 870 5346 1007 5400; x_wconf 82' lang='grc' dir='ltr'>ὥστε</span> <span class='ocrx_word' id='word_1_604' title='bbox 1044 5342 1410 5417; x_wconf 61' lang='grc' dir='ltr'>ἐναρμονίως.</span> <span class='ocrx_word' id='word_1_605' title='bbox 1434 5347 1502 5397; x_wconf 88' lang='grc' dir='ltr'>Λι</span> <span class='ocrx_word' id='word_1_606' title='bbox 1527 5346 1772 5417; x_wconf 74' lang='lat' dir='ltr'><strong>quinque</strong></span> <span class='ocrx_word' id='word_1_607' title='bbox 1792 5359 1922 5417; x_wconf 78' lang='lat' dir='ltr'><strong>mss.</strong></span> <span class='ocrx_word' id='word_1_608' title='bbox 1949 5342 2087 5394; x_wconf 81' lang='grc' dir='ltr'>ὥστε</span> <span class='ocrx_word' id='word_1_609' title='bbox 2129 5344 2228 5412; x_wconf 86' lang='grc' dir='ltr'>ἀρ-</span> 
     </span>
    </p>
   </div>
   <div class='ocr_carea' id='block_1_85' title="bbox 673 5413 2226 5487">
    <p class='ocr_par' dir='ltr' id='par_1_85' title="bbox 673 5413 2226 5487">
     <span class='ocr_line' id='line_1_85' title="bbox 673 5413 2226 5487; baseline -0.003 -17"><span class='ocrx_word' id='word_1_610' title='bbox 673 5417 888 5487; x_wconf 83' lang='grc' dir='ltr'>μονίως.</span> <span class='ocrx_word' id='word_1_611' title='bbox 926 5417 1117 5473; x_wconf 87' lang='lat' dir='ltr'><strong>Statim</strong></span> <span class='ocrx_word' id='word_1_612' title='bbox 1146 5413 1299 5472; x_wconf 32' lang='lat' dir='ltr'><strong>‘Colb.</strong></span> <span class='ocrx_word' id='word_1_613' title='bbox 1342 5427 1563 5483; x_wconf 86' lang='lat' dir='ltr'><strong>quartus</strong></span> <span class='ocrx_word' id='word_1_614' title='bbox 1611 5413 1839 5480; x_wconf 79' lang='grc' dir='ltr'>θεωρίαν</span> <span class='ocrx_word' id='word_1_615' title='bbox 1871 5416 1977 5467; x_wconf 75' lang='grc' dir='ltr'><strong>τῶν</strong></span> <span class='ocrx_word' id='word_1_616' title='bbox 2022 5417 2226 5483; x_wconf 73' lang='grc' dir='ltr'>νοημά-</span> 
     </span>
    </p>
   </div>
   <div class='ocr_carea' id='block_1_86' title="bbox 669 5505 798 5541">
    <p class='ocr_par' dir='ltr' id='par_1_86' title="bbox 669 5505 798 5541">
     <span class='ocr_line' id='line_1_86' title="bbox 669 5505 798 5541; baseline 0.016 -2"><span class='ocrx_word' id='word_1_617' title='bbox 669 5505 798 5541; x_wconf 56' lang='grc' dir='ltr'>’τιυηι.</span> 
     </span>
    </p>
   </div>
   <div class='ocr_carea' id='block_1_87' title="bbox 741 5553 2225 5629">
    <p class='ocr_par' dir='ltr' id='par_1_87' title="bbox 741 5553 2225 5629">
     <span class='ocr_line' id='line_1_87' title="bbox 741 5553 2225 5629; baseline -0.006 -16"><span class='ocrx_word' id='word_1_618' title='bbox 741 5558 854 5629; x_wconf 88' lang='lat'><strong>(89)</strong></span> <span class='ocrx_word' id='word_1_619' title='bbox 895 5556 1085 5613; x_wconf 86' lang='lat' dir='ltr'><strong>Nostra</strong></span> <span class='ocrx_word' id='word_1_620' title='bbox 1130 5556 1294 5610; x_wconf 86' lang='lat' dir='ltr'><strong>editio</strong></span> <span class='ocrx_word' id='word_1_621' title='bbox 1329 5555 1499 5608; x_wconf 87' lang='lat' dir='ltr'><strong>Paris.</strong></span> <span class='ocrx_word' id='word_1_622' title='bbox 1519 5565 1578 5629; x_wconf 89' lang='lat' dir='ltr'><strong>_et</strong></span> <span class='ocrx_word' id='word_1_623' title='bbox 1613 5553 1847 5629; x_wconf 69' lang='lat' dir='ltr'><strong>nonnulli</strong></span> <span class='ocrx_word' id='word_1_624' title='bbox 1895 5569 2020 5607; x_wconf 90' lang='lat' dir='ltr'><strong>mss.</strong></span> <span class='ocrx_word' id='word_1_625' title='bbox 2046 5556 2225 5629; x_wconf 47' lang='lat' dir='ltr'><strong>errr:-</strong></span> 
     </span>
    </p>
   </div>
   <div class='ocr_carea' id='block_1_88' title="bbox 667 5623 2226 5700">
    <p class='ocr_par' dir='ltr' id='par_1_88' title="bbox 667 5623 2226 5700">
     <span class='ocr_line' id='line_1_88' title="bbox 667 5623 2226 5700; baseline -0.003 -21"><span class='ocrx_word' id='word_1_626' title='bbox 667 5623 984 5700; x_wconf 81' lang='grc' dir='ltr'>γελλόμενα.</span> <span class='ocrx_word' id='word_1_627' title='bbox 1033 5629 1135 5681; x_wconf 85' lang='lat' dir='ltr'><strong>Alii</strong></span> <span class='ocrx_word' id='word_1_628' title='bbox 1189 5642 1281 5700; x_wconf 79' lang='lat' dir='ltr'><strong>sex</strong></span> <span class='ocrx_word' id='word_1_629' title='bbox 1336 5643 1463 5679; x_wconf 89' lang='lat' dir='ltr'><strong>mss.</strong></span> <span class='ocrx_word' id='word_1_630' title='bbox 1508 5624 1973 5700; x_wconf 72' lang='grc' dir='ltr'>ἀπαγγελλόμενα.</span> <span class='ocrx_word' id='word_1_631' title='bbox 2038 5623 2226 5700; x_wconf 73' lang='lat' dir='ltr'><strong>Obiter</strong></span> 
     </span>
    </p>
   </div>
   <div class='ocr_carea' id='block_1_89' title="bbox 668 5695 2222 5761">
    <p class='ocr_par' dir='ltr' id='par_1_89' title="bbox 668 5695 2222 5761">
     <span class='ocr_line' id='line_1_89' title="bbox 668 5695 2222 5761; baseline -0.001 -13"><span class='ocrx_word' id='word_1_632' title='bbox 668 5695 1023 5761; x_wconf 85' lang='lat' dir='ltr'><strong>monebimus,</strong></span> <span class='ocrx_word' id='word_1_633' title='bbox 1078 5698 1321 5750; x_wconf 88' lang='lat' dir='ltr'><strong>mutilum</strong></span> <span class='ocrx_word' id='word_1_634' title='bbox 1371 5711 1488 5749; x_wconf 80' lang='lat' dir='ltr'><strong>esse</strong></span> <span class='ocrx_word' id='word_1_635' title='bbox 1540 5697 1678 5747; x_wconf 91' lang='lat' dir='ltr'><strong>hunc</strong></span> <span class='ocrx_word' id='word_1_636' title='bbox 1715 5697 1886 5747; x_wconf 76' lang='lat' dir='ltr'><strong>locum</strong></span> <span class='ocrx_word' id='word_1_637' title='bbox 1939 5698 1987 5746; x_wconf 89' lang='lat' dir='ltr'><strong>in</strong></span> <span class='ocrx_word' id='word_1_638' title='bbox 2043 5695 2222 5746; x_wconf 84' lang='lat' dir='ltr'><strong>multis</strong></span> 
     </span>
    </p>
   </div>
   <div class='ocr_carea' id='block_1_90' title="bbox 667 5765 2219 5833">
    <p class='ocr_par' dir='ltr' id='par_1_90' title="bbox 667 5765 2219 5833">
     <span class='ocr_line' id='line_1_90' title="bbox 667 5765 2219 5833; baseline -0.001 -17"><span class='ocrx_word' id='word_1_639' title='bbox 667 5781 823 5829; x_wconf 74' lang='lat' dir='ltr'><strong>2nss.,</strong></span> <span class='ocrx_word' id='word_1_640' title='bbox 855 5770 942 5829; x_wconf 90' lang='lat' dir='ltr'><strong>qui</strong></span> <span class='ocrx_word' id='word_1_641' title='bbox 986 5771 1062 5820; x_wconf 88' lang='lat' dir='ltr'><strong>sic</strong></span> <span class='ocrx_word' id='word_1_642' title='bbox 1115 5768 1358 5819; x_wconf 80' lang='lat' dir='ltr'><strong>habent:</strong></span> <span class='ocrx_word' id='word_1_643' title='bbox 1405 5767 1691 5833; x_wconf 74' lang='grc' dir='ltr'>Μυστήρια</span> <span class='ocrx_word' id='word_1_644' title='bbox 1740 5765 1942 5817; x_wconf 81' lang='grc' dir='ltr'>ἄνωθεν</span> <span class='ocrx_word' id='word_1_645' title='bbox 1996 5766 2219 5832; x_wconf 74' lang='grc' dir='ltr'>ἐνηχου-</span> 
     </span>
    </p>
   </div>
   <div class='ocr_carea' id='block_1_91' title="bbox 672 5833 2222 5904">
    <p class='ocr_par' dir='ltr' id='par_1_91' title="bbox 672 5833 2222 5904">
     <span class='ocr_line' id='line_1_91' title="bbox 672 5833 2222 5904; baseline 0.002 -20"><span class='ocrx_word' id='word_1_646' title='bbox 672 5833 831 5899; x_wconf 80' lang='grc' dir='ltr'>μένου</span> <span class='ocrx_word' id='word_1_647' title='bbox 867 5837 952 5888; x_wconf 79' lang='grc' dir='ltr'><strong>δια</strong></span> <span class='ocrx_word' id='word_1_648' title='bbox 984 5837 1075 5888; x_wconf 67' lang='grc' dir='ltr'><strong>τοῦ</strong></span> <span class='ocrx_word' id='word_1_649' title='bbox 1113 5836 1442 5901; x_wconf 73' lang='grc' dir='ltr'>πνευματος·</span> <span class='ocrx_word' id='word_1_650' title='bbox 1474 5838 1500 5886; x_wconf 83' lang='grc' dir='ltr'>ὁ</span> <span class='ocrx_word' id='word_1_651' title='bbox 1529 5837 1720 5887; x_wconf 79' lang='grc' dir='ltr'>τοίνυν.</span> <span class='ocrx_word' id='word_1_652' title='bbox 1758 5838 1860 5890; x_wconf 74' lang='lat' dir='ltr'><strong>Sed</strong></span> <span class='ocrx_word' id='word_1_653' title='bbox 1899 5837 2104 5904; x_wconf 70' lang='lat' dir='ltr'><strong>integer</strong></span> <span class='ocrx_word' id='word_1_654' title='bbox 2139 5836 2222 5888; x_wconf 80' lang='lat' dir='ltr'><strong>tti-</strong></span> 
     </span>
    </p>
   </div>
   <div class='ocr_carea' id='block_1_92' title="bbox 2305 5020 2809 5084">
    <p class='ocr_par' dir='ltr' id='par_1_92' title="bbox 2305 5020 2809 5084">
     <span class='ocr_line' id='line_1_92' title="bbox 2305 5020 2809 5084; baseline -0.008 -11"><span class='ocrx_word' id='word_1_655' title='bbox 2305 5020 2350 5050; x_wconf 74' lang='lat'><strong>”</strong></span> <span class='ocrx_word' id='word_1_656' title='bbox 2392 5020 2430 5073; x_wconf 92' lang='lat' dir='ltr'><strong>ll</strong></span> <span class='ocrx_word' id='word_1_657' title='bbox 2458 5021 2587 5076; x_wconf 78' lang='lat' dir='ltr'><strong>Cor.</strong></span> <span class='ocrx_word' id='word_1_658' title='bbox 2617 5036 2688 5084; x_wconf 88' lang='lat' dir='ltr'><strong>tv,</strong></span> <span class='ocrx_word' id='word_1_659' title='bbox 2723 5022 2809 5076; x_wconf 74' lang='lat' dir='ltr'><strong>lti.</strong></span> 
     </span>
    </p>
   </div>
   <div class='ocr_carea' id='block_1_93' title="bbox 2361 3341 3932 3420">
    <p class='ocr_par' dir='ltr' id='par_1_93' title="bbox 2361 3341 3932 3420">
     <span class='ocr_line' id='line_1_93' title="bbox 2361 3341 3932 3420; baseline 0.008 -27"><span class='ocrx_word' id='word_1_660' title='bbox 2361 3342 2390 3412; x_wconf 73' lang='grc' dir='ltr'>ἢ</span> <span class='ocrx_word' id='word_1_661' title='bbox 2415 3341 2475 3394; x_wconf 82' lang='grc' dir='ltr'><strong>τὸ</strong></span> <span class='ocrx_word' id='word_1_662' title='bbox 2504 3343 2830 3412; x_wconf 80' lang='grc' dir='ltr'>προσφάτως</span> <span class='ocrx_word' id='word_1_663' title='bbox 2855 3343 3120 3412; x_wconf 77' lang='grc' dir='ltr'>παρελθὸν</span> <span class='ocrx_word' id='word_1_664' title='bbox 3157 3349 3234 3408; x_wconf 79' lang='grc' dir='ltr'><strong>εἰς</strong></span> <span class='ocrx_word' id='word_1_665' title='bbox 3261 3347 3355 3417; x_wconf 79' lang='grc' dir='ltr'>τὴν</span> <span class='ocrx_word' id='word_1_666' title='bbox 3382 3350 3596 3416; x_wconf 83' lang='grc' dir='ltr'>γένεσιν</span> <span class='ocrx_word' id='word_1_667' title='bbox 3627 3351 3765 3420; x_wconf 74' lang='lat'><strong>(99.).</strong></span> <span class='ocrx_word' id='word_1_668' title='bbox 3809 3355 3932 3407; x_wconf 71' lang='grc' dir='ltr'><strong>Ἐάν</strong></span> 
     </span>
    </p>
   </div>
   <div class='ocr_carea' id='block_1_94' title="bbox 2354 3428 3931 3513">
    <p class='ocr_par' dir='ltr' id='par_1_94' title="bbox 2354 3428 3931 3513">
     <span class='ocr_line' id='line_1_94' title="bbox 2354 3428 3931 3513; baseline 0.008 -30"><span class='ocrx_word' id='word_1_669' title='bbox 2354 3449 2412 3484; x_wconf 90' lang='grc' dir='ltr'><strong>τε</strong></span> <span class='ocrx_word' id='word_1_670' title='bbox 2450 3428 2540 3486; x_wconf 79' lang='grc' dir='ltr'>οὖν</span> <span class='ocrx_word' id='word_1_671' title='bbox 2591 3433 2680 3485; x_wconf 85' lang='grc' dir='ltr'><strong>τὸν</strong></span> <span class='ocrx_word' id='word_1_672' title='bbox 2715 3431 3013 3504; x_wconf 82' lang='grc' dir='ltr'>θαυμάσιον</span> <span class='ocrx_word' id='word_1_673' title='bbox 3048 3434 3243 3504; x_wconf 81' lang='grc' dir='ltr'>τρόπον</span> <span class='ocrx_word' id='word_1_674' title='bbox 3286 3439 3377 3489; x_wconf 76' lang='grc' dir='ltr'><strong>καὶ</strong></span> <span class='ocrx_word' id='word_1_675' title='bbox 3403 3443 3583 3492; x_wconf 75' lang='grc' dir='ltr'>πᾶσαν</span> <span class='ocrx_word' id='word_1_676' title='bbox 3613 3442 3713 3513; x_wconf 78' lang='grc' dir='ltr'><strong>τὴν</strong></span> <span class='ocrx_word' id='word_1_677' title='bbox 3765 3446 3931 3512; x_wconf 63' lang='grc' dir='ltr'>φύσιν</span> 
     </span>
    </p>
   </div>
   <div class='ocr_carea' id='block_1_95' title="bbox 2357 3525 3928 3607">
    <p class='ocr_par' dir='ltr' id='par_1_95' title="bbox 2357 3525 3928 3607">
     <span class='ocr_line' id='line_1_95' title="bbox 2357 3525 3928 3607; baseline 0.009 -31"><span class='ocrx_word' id='word_1_678' title='bbox 2357 3525 2745 3596; x_wconf 76' lang='grc' dir='ltr'>ὑπερϐαίνοντα</span> <span class='ocrx_word' id='word_1_679' title='bbox 2778 3527 2877 3597; x_wconf 84' lang='grc' dir='ltr'>τῆς</span> <span class='ocrx_word' id='word_1_680' title='bbox 2903 3525 3359 3599; x_wconf 78' lang='grc' dir='ltr'>ὲνανθρωπήσεως</span> <span class='ocrx_word' id='word_1_681' title='bbox 3379 3530 3539 3601; x_wconf 74' lang='grc' dir='ltr'>διηγῇ</span> <span class='ocrx_word' id='word_1_682' title='bbox 3565 3535 3660 3586; x_wconf 76' lang='grc' dir='ltr'><strong>τοῦ</strong></span> <span class='ocrx_word' id='word_1_683' title='bbox 3697 3538 3928 3607; x_wconf 80' lang='grc' dir='ltr'><strong>Κυρίου,</strong></span> 
     </span>
    </p>
   </div>
   <div class='ocr_carea' id='block_1_96' title="bbox 2355 3613 3929 3694">
    <p class='ocr_par' dir='ltr' id='par_1_96' title="bbox 2355 3613 3929 3694">
     <span class='ocr_line' id='line_1_96' title="bbox 2355 3613 3929 3694; baseline 0.01 -27"><span class='ocrx_word' id='word_1_684' title='bbox 2355 3618 2662 3687; x_wconf 85' lang='grc' dir='ltr'>καινότερον</span> <span class='ocrx_word' id='word_1_685' title='bbox 2690 3613 2837 3688; x_wconf 75' lang='grc' dir='ltr'>ᾆσμα</span> <span class='ocrx_word' id='word_1_686' title='bbox 2862 3620 2953 3671; x_wconf 74' lang='grc' dir='ltr'><strong>καὶ</strong></span> <span class='ocrx_word' id='word_1_687' title='bbox 2987 3619 3133 3683; x_wconf 84' lang='grc' dir='ltr'>ξένον</span> <span class='ocrx_word' id='word_1_688' title='bbox 3167 3620 3312 3692; x_wconf 83' lang='grc' dir='ltr'>ᾄδεις</span> <span class='ocrx_word' id='word_1_689' title='bbox 3333 3638 3346 3649; x_wconf 81' lang='grc'><em>’</em></span> <span class='ocrx_word' id='word_1_690' title='bbox 3380 3621 3472 3672; x_wconf 80' lang='grc' dir='ltr'><strong>ὲάν</strong></span> <span class='ocrx_word' id='word_1_691' title='bbox 3496 3639 3554 3673; x_wconf 89' lang='grc' dir='ltr'><strong>τε</strong></span> <span class='ocrx_word' id='word_1_692' title='bbox 3583 3626 3683 3693; x_wconf 78' lang='grc' dir='ltr'>τὴν</span> <span class='ocrx_word' id='word_1_693' title='bbox 3703 3629 3929 3694; x_wconf 77' lang='grc' dir='ltr'>ἀναγέν-</span> 
     </span>
    </p>
   </div>
   <div class='ocr_carea' id='block_1_97' title="bbox 2354 3710 3926 3789">
    <p class='ocr_par' dir='ltr' id='par_1_97' title="bbox 2354 3710 3926 3789">
     <span class='ocr_line' id='line_1_97' title="bbox 2354 3710 3926 3789; baseline 0.008 -30"><span class='ocrx_word' id='word_1_694' title='bbox 2354 3725 2507 3778; x_wconf 85' lang='grc' dir='ltr'>νησιν</span> <span class='ocrx_word' id='word_1_695' title='bbox 2536 3710 2628 3760; x_wconf 78' lang='grc' dir='ltr'><strong>καὶ</strong></span> <span class='ocrx_word' id='word_1_696' title='bbox 2657 3711 2952 3764; x_wconf 81' lang='grc' dir='ltr'>ἀνανέωσιν</span> <span class='ocrx_word' id='word_1_697' title='bbox 2976 3712 3067 3765; x_wconf 77' lang='grc' dir='ltr'><strong>τοῦ</strong></span> <span class='ocrx_word' id='word_1_698' title='bbox 3097 3713 3295 3776; x_wconf 76' lang='grc' dir='ltr'>παντὸς</span> <span class='ocrx_word' id='word_1_699' title='bbox 3333 3713 3536 3782; x_wconf 78' lang='grc' dir='ltr'>κόσμου</span> <span class='ocrx_word' id='word_1_700' title='bbox 3573 3714 3666 3766; x_wconf 78' lang='grc' dir='ltr'><strong>τοῦ</strong></span> <span class='ocrx_word' id='word_1_701' title='bbox 3699 3717 3806 3770; x_wconf 75' lang='grc' dir='ltr'><strong>ὑπὸ</strong></span> <span class='ocrx_word' id='word_1_702' title='bbox 3835 3722 3926 3789; x_wconf 74' lang='grc' dir='ltr'>τῆς</span> 
     </span>
    </p>
   </div>
   <div class='ocr_carea' id='block_1_98' title="bbox 2352 3801 3925 3879">
    <p class='ocr_par' dir='ltr' id='par_1_98' title="bbox 2352 3801 3925 3879">
     <span class='ocr_line' id='line_1_98' title="bbox 2352 3801 3925 3879; baseline 0.006 -27"><span class='ocrx_word' id='word_1_703' title='bbox 2352 3801 2622 3872; x_wconf 85' lang='grc' dir='ltr'>ἁμαρτίας</span> <span class='ocrx_word' id='word_1_704' title='bbox 2653 3803 3050 3868; x_wconf 82' lang='grc' dir='ltr'>παλαιωθέντος</span> <span class='ocrx_word' id='word_1_705' title='bbox 3081 3805 3304 3879; x_wconf 78' lang='grc' dir='ltr'>διεξίῃς,</span> <span class='ocrx_word' id='word_1_706' title='bbox 3345 3808 3436 3859; x_wconf 79' lang='grc' dir='ltr'><strong>καὶ</strong></span> <span class='ocrx_word' id='word_1_707' title='bbox 3467 3805 3535 3858; x_wconf 74' lang='grc' dir='ltr'>τὰ</span> <span class='ocrx_word' id='word_1_708' title='bbox 3563 3806 3663 3877; x_wconf 82' lang='grc' dir='ltr'>τῆς</span> <span class='ocrx_word' id='word_1_709' title='bbox 3691 3809 3925 3862; x_wconf 78' lang='grc' dir='ltr'>ἀναστα-</span> 
     </span>
    </p>
   </div>
   <div class='ocr_carea' id='block_1_99' title="bbox 2355 3893 3924 3966">
    <p class='ocr_par' dir='ltr' id='par_1_99' title="bbox 2355 3893 3924 3966">
     <span class='ocr_line' id='line_1_99' title="bbox 2355 3893 3924 3966; baseline 0.006 -23"><span class='ocrx_word' id='word_1_710' title='bbox 2355 3907 2491 3955; x_wconf 86' lang='grc' dir='ltr'>σεως</span> <span class='ocrx_word' id='word_1_711' title='bbox 2537 3893 2884 3966; x_wconf 82' lang='grc' dir='ltr'>ἀπαγγέλλῃς</span> <span class='ocrx_word' id='word_1_712' title='bbox 2932 3897 3224 3966; x_wconf 79' lang='grc' dir='ltr'>μυστήρια,</span> <span class='ocrx_word' id='word_1_713' title='bbox 3270 3899 3362 3949; x_wconf 77' lang='grc' dir='ltr'><strong>καὶ</strong></span> <span class='ocrx_word' id='word_1_714' title='bbox 3414 3897 3559 3949; x_wconf 77' lang='grc' dir='ltr'>οὕτω</span> <span class='ocrx_word' id='word_1_715' title='bbox 3596 3899 3788 3952; x_wconf 86' lang='grc' dir='ltr'>καινὸν</span> <span class='ocrx_word' id='word_1_716' title='bbox 3834 3903 3924 3952; x_wconf 82' lang='grc' dir='ltr'><strong>καί</strong></span> 
     </span>
    </p>
   </div>
   <div class='ocr_carea' id='block_1_100' title="bbox 2351 3982 3108 4058">
    <p class='ocr_par' dir='ltr' id='par_1_100' title="bbox 2351 3982 3108 4058">
     <span class='ocr_line' id='line_1_100' title="bbox 2351 3982 3108 4058; baseline 0.004 -23"><span class='ocrx_word' id='word_1_717' title='bbox 2351 3985 2659 4055; x_wconf 82' lang='grc' dir='ltr'>πρόσφατον</span> <span class='ocrx_word' id='word_1_718' title='bbox 2689 3986 2832 4058; x_wconf 80' lang='grc' dir='ltr'>ᾄδεις</span> <span class='ocrx_word' id='word_1_719' title='bbox 2861 3987 2918 4040; x_wconf 80' lang='grc' dir='ltr'><strong>τὸ</strong></span> <span class='ocrx_word' id='word_1_720' title='bbox 2943 3982 3108 4058; x_wconf 81' lang='grc' dir='ltr'>ᾆσμα.</span> 
     </span>
    </p>
   </div>
   <div class='ocr_carea' id='block_1_101' title="bbox 2418 4078 3919 4150">
    <p class='ocr_par' dir='ltr' id='par_1_101' title="bbox 2418 4078 3919 4150">
     <span class='ocr_line' id='line_1_101' title="bbox 2418 4078 3919 4150; baseline 0.005 -20"><span class='ocrx_word' id='word_1_721' title='bbox 2418 4078 2469 4130; x_wconf 76' lang='lat'><strong>5.</strong></span> <span class='ocrx_word' id='word_1_722' title='bbox 2497 4078 2704 4143; x_wconf 79' lang='grc' dir='ltr'>Καλῶς</span> <span class='ocrx_word' id='word_1_723' title='bbox 2725 4080 2956 4146; x_wconf 62' lang='grc' dir='ltr'>ψάλατε</span> <span class='ocrx_word' id='word_1_724' title='bbox 2987 4078 3144 4143; x_wconf 61' lang='grc' dir='ltr'><strong>αὐτῷ</strong></span> <span class='ocrx_word' id='word_1_725' title='bbox 3177 4080 3246 4132; x_wconf 83' lang='grc' dir='ltr'><strong>ἐν</strong></span> <span class='ocrx_word' id='word_1_726' title='bbox 3277 4081 3624 4150; x_wconf 72' lang='grc' dir='ltr'>ἀλαλαγμῷ.</span> <span class='ocrx_word' id='word_1_727' title='bbox 3669 4085 3919 4139; x_wconf 76' lang='grc' dir='ltr'>Ἀκούετε</span> 
     </span>
    </p>
   </div>
   <div class='ocr_carea' id='block_1_102' title="bbox 2347 4169 3920 4247">
    <p class='ocr_par' dir='ltr' id='par_1_102' title="bbox 2347 4169 3920 4247">
     <span class='ocr_line' id='line_1_102' title="bbox 2347 4169 3920 4247; baseline 0.005 -26"><span class='ocrx_word' id='word_1_728' title='bbox 2347 4169 2441 4222; x_wconf 79' lang='grc' dir='ltr'><strong>τοῦ</strong></span> <span class='ocrx_word' id='word_1_729' title='bbox 2468 4172 2944 4242; x_wconf 81' lang='grc' dir='ltr'>παραγγέλματος.</span> <span class='ocrx_word' id='word_1_730' title='bbox 2972 4172 3178 4237; x_wconf 75' lang='grc' dir='ltr'>Καλῶς</span> <span class='ocrx_word' id='word_1_731' title='bbox 3213 4172 3446 4239; x_wconf 66' lang='grc' dir='ltr'><em>ψάλατε</em></span> <span class='ocrx_word' id='word_1_732' title='bbox 3469 4189 3480 4200; x_wconf 81' lang='lat'><strong><em>°</em></strong></span> <span class='ocrx_word' id='word_1_733' title='bbox 3528 4175 3920 4247; x_wconf 80' lang='grc' dir='ltr'>ἀμετεωρίστῳ</span> 
     </span>
    </p>
   </div>
   <div class='ocr_carea' id='block_1_103' title="bbox 2347 4263 3918 4336">
    <p class='ocr_par' dir='ltr' id='par_1_103' title="bbox 2347 4263 3918 4336">
     <span class='ocr_line' id='line_1_103' title="bbox 2347 4263 3918 4336; baseline 0.003 -21"><span class='ocrx_word' id='word_1_734' title='bbox 2347 4267 2411 4334; x_wconf 81' lang='grc' dir='ltr'>τῇ</span> <span class='ocrx_word' id='word_1_735' title='bbox 2455 4263 2680 4334; x_wconf 75' lang='grc' dir='ltr'>διανοίᾳ,</span> <span class='ocrx_word' id='word_1_736' title='bbox 2732 4264 3012 4336; x_wconf 78' lang='grc' dir='ltr'>εἰλικρινεῖ</span> <span class='ocrx_word' id='word_1_737' title='bbox 3059 4267 3122 4336; x_wconf 83' lang='grc' dir='ltr'>τῇ</span> <span class='ocrx_word' id='word_1_738' title='bbox 3158 4265 3414 4319; x_wconf 84' lang='grc' dir='ltr'>διαθέσει.</span> <span class='ocrx_word' id='word_1_739' title='bbox 3466 4265 3569 4319; x_wconf 77' lang='grc' dir='ltr'><strong>Ἐν</strong></span> <span class='ocrx_word' id='word_1_740' title='bbox 3590 4266 3918 4336; x_wconf 57' lang='lat' dir='ltr'><strong>dludit-:7“;</strong></span> 
     </span>
    </p>
   </div>
   <div class='ocr_carea' id='block_1_104' title="bbox 2347 4357 3917 4429">
    <p class='ocr_par' dir='ltr' id='par_1_104' title="bbox 2347 4357 3917 4429">
     <span class='ocr_line' id='line_1_104' title="bbox 2347 4357 3917 4429; baseline 0.001 -19"><span class='ocrx_word' id='word_1_741' title='bbox 2347 4357 2599 4424; x_wconf 70' lang='grc' dir='ltr'>ψάλατε.</span> <span class='ocrx_word' id='word_1_742' title='bbox 2639 4357 2844 4427; x_wconf 79' lang='grc' dir='ltr'>Ὠσπερ</span> <span class='ocrx_word' id='word_1_743' title='bbox 2890 4358 3034 4420; x_wconf 74' lang='grc' dir='ltr'>τινες</span> <span class='ocrx_word' id='word_1_744' title='bbox 3082 4357 3237 4410; x_wconf 74' lang='grc' dir='ltr'>κα).οὶ</span> <span class='ocrx_word' id='word_1_745' title='bbox 3295 4357 3626 4428; x_wconf 82' lang='grc' dir='ltr'>στρατιῶται</span> <span class='ocrx_word' id='word_1_746' title='bbox 3667 4359 3807 4429; x_wconf 79' lang='grc' dir='ltr'><strong>μετὰ</strong></span> <span class='ocrx_word' id='word_1_747' title='bbox 3853 4359 3917 4411; x_wconf 71' lang='grc' dir='ltr'>τὰ</span> 
     </span>
    </p>
   </div>
   <div class='ocr_carea' id='block_1_105' title="bbox 2345 4449 3916 4523">
    <p class='ocr_par' dir='ltr' id='par_1_105' title="bbox 2345 4449 3916 4523">
     <span class='ocr_line' id='line_1_105' title="bbox 2345 4449 3916 4523; baseline 0.003 -24"><span class='ocrx_word' id='word_1_748' title='bbox 2345 4450 2634 4518; x_wconf 81' lang='grc' dir='ltr'>νικητήρια</span> <span class='ocrx_word' id='word_1_749' title='bbox 2659 4449 2726 4501; x_wconf 77' lang='grc' dir='ltr'>τὰ</span> <span class='ocrx_word' id='word_1_750' title='bbox 2761 4451 2902 4502; x_wconf 79' lang='grc' dir='ltr'>κατὰ</span> <span class='ocrx_word' id='word_1_751' title='bbox 2932 4450 3039 4501; x_wconf 82' lang='grc' dir='ltr'><strong>τῶν</strong></span> <span class='ocrx_word' id='word_1_752' title='bbox 3069 4449 3310 4520; x_wconf 78' lang='grc' dir='ltr'>ἐχθρῶν,</span> <span class='ocrx_word' id='word_1_753' title='bbox 3353 4451 3686 4517; x_wconf 81' lang='grc' dir='ltr'>ἀνενέγκατε</span> <span class='ocrx_word' id='word_1_754' title='bbox 3720 4452 3916 4523; x_wconf 76' lang='grc' dir='ltr'>ὕμνους</span> 
     </span>
    </p>
   </div>
   <div class='ocr_carea' id='block_1_106' title="bbox 2344 4542 3913 4614">
    <p class='ocr_par' dir='ltr' id='par_1_106' title="bbox 2344 4542 3913 4614">
     <span class='ocr_line' id='line_1_106' title="bbox 2344 4542 3913 4614; baseline 0.002 -21"><span class='ocrx_word' id='word_1_755' title='bbox 2344 4542 2422 4612; x_wconf 82' lang='grc' dir='ltr'>τῷ</span> <span class='ocrx_word' id='word_1_756' title='bbox 2448 4543 2603 4608; x_wconf 77' lang='grc' dir='ltr'>αἰτίῳ</span> <span class='ocrx_word' id='word_1_757' title='bbox 2631 4543 2728 4611; x_wconf 77' lang='grc' dir='ltr'>τῆς</span> <span class='ocrx_word' id='word_1_758' title='bbox 2749 4545 2924 4612; x_wconf 78' lang='grc' dir='ltr'>νίκης.</span> <span class='ocrx_word' id='word_1_759' title='bbox 2949 4546 3246 4611; x_wconf 74' lang='grc' dir='ltr'>Θαρσείτε,</span> <span class='ocrx_word' id='word_1_760' title='bbox 3277 4545 3460 4614; x_wconf 65' lang='grc' dir='ltr'>φησιν,</span> <span class='ocrx_word' id='word_1_761' title='bbox 3484 4545 3600 4612; x_wconf 72' lang='grc' dir='ltr'>ἐγὼ</span> <span class='ocrx_word' id='word_1_762' title='bbox 3628 4548 3913 4610; x_wconf 69' lang='grc' dir='ltr'>νενίκηκα</span> 
     </span>
    </p>
   </div>
   <div class='ocr_carea' id='block_1_107' title="bbox 2343 4631 3911 4704">
    <p class='ocr_par' dir='ltr' id='par_1_107' title="bbox 2343 4631 3911 4704">
     <span class='ocr_line' id='line_1_107' title="bbox 2343 4631 3911 4704; baseline 0.002 -22"><span class='ocrx_word' id='word_1_763' title='bbox 2343 4631 2449 4682; x_wconf 76' lang='grc' dir='ltr'><strong>τὸν</strong></span> <span class='ocrx_word' id='word_1_764' title='bbox 2481 4633 2729 4701; x_wconf 75' lang='grc' dir='ltr'>κόσμον.</span> <span class='ocrx_word' id='word_1_765' title='bbox 2768 4634 2807 4683; x_wconf 86' lang='grc' dir='ltr'>Τ</span> <span class='ocrx_word' id='word_1_766' title='bbox 2817 4634 2860 4695; x_wconf 87' lang='grc' dir='ltr'><strong>ίς</strong></span> <span class='ocrx_word' id='word_1_767' title='bbox 2891 4633 3190 4704; x_wconf 84' lang='grc' dir='ltr'>ἀνθρώπων</span> <span class='ocrx_word' id='word_1_768' title='bbox 3227 4634 3408 4696; x_wconf 81' lang='grc' dir='ltr'>ἱκανὸς</span> <span class='ocrx_word' id='word_1_769' title='bbox 3451 4634 3911 4704; x_wconf 73' lang='grc' dir='ltr'>ἀντιστρατεύσα-</span> 
     </span>
    </p>
   </div>
   <div class='ocr_carea' id='block_1_108' title="bbox 2344 4722 3911 4799">
    <p class='ocr_par' dir='ltr' id='par_1_108' title="bbox 2344 4722 3911 4799">
     <span class='ocr_line' id='line_1_108' title="bbox 2344 4722 3911 4799; baseline 0.004 -26"><span class='ocrx_word' id='word_1_770' title='bbox 2344 4722 2464 4774; x_wconf 87' lang='grc' dir='ltr'>σθαι</span> <span class='ocrx_word' id='word_1_771' title='bbox 2488 4723 2564 4793; x_wconf 81' lang='grc' dir='ltr'>τῷ</span> <span class='ocrx_word' id='word_1_772' title='bbox 2597 4724 2837 4794; x_wconf 81' lang='grc' dir='ltr'><strong>πονηρῷ,</strong></span> <span class='ocrx_word' id='word_1_773' title='bbox 2870 4724 2964 4776; x_wconf 78' lang='grc' dir='ltr'><strong>ἐὰν</strong></span> <span class='ocrx_word' id='word_1_774' title='bbox 3002 4724 3075 4795; x_wconf 81' lang='grc' dir='ltr'>μὴ</span> <span class='ocrx_word' id='word_1_775' title='bbox 3104 4728 3168 4796; x_wconf 80' lang='grc' dir='ltr'>τῇ</span> <span class='ocrx_word' id='word_1_776' title='bbox 3202 4725 3376 4797; x_wconf 78' lang='grc' dir='ltr'>σκέπῃ</span> <span class='ocrx_word' id='word_1_777' title='bbox 3405 4725 3498 4778; x_wconf 80' lang='grc' dir='ltr'><strong>τοῦ</strong></span> <span class='ocrx_word' id='word_1_778' title='bbox 3546 4728 3911 4799; x_wconf 82' lang='grc' dir='ltr'>ἀρχιστρατή-</span> 
     </span>
    </p>
   </div>
   <div class='ocr_carea' id='block_1_109' title="bbox 2340 4814 3909 4887">
    <p class='ocr_par' dir='ltr' id='par_1_109' title="bbox 2340 4814 3909 4887">
     <span class='ocr_line' id='line_1_109' title="bbox 2340 4814 3909 4887; baseline 0.005 -23"><span class='ocrx_word' id='word_1_779' title='bbox 2340 4830 2436 4880; x_wconf 90' lang='grc' dir='ltr'>γου</span> <span class='ocrx_word' id='word_1_780' title='bbox 2485 4814 2592 4884; x_wconf 81' lang='grc'><strong>(95)</strong></span> <span class='ocrx_word' id='word_1_781' title='bbox 2640 4815 2735 4883; x_wconf 80' lang='grc' dir='ltr'>τῆς</span> <span class='ocrx_word' id='word_1_782' title='bbox 2764 4815 3041 4884; x_wconf 83' lang='grc' dir='ltr'>δυνάμεως</span> <span class='ocrx_word' id='word_1_783' title='bbox 3075 4818 3506 4887; x_wconf 76' lang='grc' dir='ltr'>προσφυγόντες,</span> <span class='ocrx_word' id='word_1_784' title='bbox 3551 4819 3766 4874; x_wconf 77' lang='grc' dir='ltr'>ἐκεῖθεν</span> <span class='ocrx_word' id='word_1_785' title='bbox 3807 4821 3909 4874; x_wconf 76' lang='grc' dir='ltr'>ἀπὸ</span> 
     </span>
    </p>
   </div>
   <div class='ocr_carea' id='block_1_110' title="bbox 2911 5023 3371 5087">
    <p class='ocr_par' dir='ltr' id='par_1_110' title="bbox 2911 5023 3371 5087">
     <span class='ocr_line' id='line_1_110' title="bbox 2911 5023 3371 5087; baseline -0.002 -10"><span class='ocrx_word' id='word_1_786' title='bbox 2911 5036 2928 5054; x_wconf 75' lang='grc'><strong><em>⁸</em></strong></span> <span class='ocrx_word' id='word_1_787' title='bbox 2959 5037 3114 5077; x_wconf 72' lang='grc' dir='ltr'>δοοιι.</span> <span class='ocrx_word' id='word_1_788' title='bbox 3147 5023 3371 5087; x_wconf 76' lang='lat' dir='ltr'><strong>xv1,15.</strong></span> 
     </span>
    </p>
   </div>
   <div class='ocr_carea' id='block_1_111' title="bbox 2327 5203 3899 5274">
    <p class='ocr_par' dir='ltr' id='par_1_111' title="bbox 2327 5203 3899 5274">
     <span class='ocr_line' id='line_1_111' title="bbox 2327 5203 3899 5274; baseline 0.006 -22"><span class='ocrx_word' id='word_1_789' title='bbox 2327 5204 2540 5257; x_wconf 87' lang='lat' dir='ltr'><strong>venitur</strong></span> <span class='ocrx_word' id='word_1_790' title='bbox 2586 5205 2637 5257; x_wconf 88' lang='lat' dir='ltr'><strong>in</strong></span> <span class='ocrx_word' id='word_1_791' title='bbox 2692 5203 2875 5273; x_wconf 72' lang='lat' dir='ltr'><strong>Regiis</strong></span> <span class='ocrx_word' id='word_1_792' title='bbox 2924 5204 3082 5258; x_wconf 88' lang='lat' dir='ltr'><strong>tertio</strong></span> <span class='ocrx_word' id='word_1_793' title='bbox 3131 5215 3186 5258; x_wconf 87' lang='lat' dir='ltr'><strong>et</strong></span> <span class='ocrx_word' id='word_1_794' title='bbox 3235 5215 3424 5274; x_wconf 87' lang='lat' dir='ltr'><strong>quarto</strong></span> <span class='ocrx_word' id='word_1_795' title='bbox 3454 5215 3508 5259; x_wconf 87' lang='lat' dir='ltr'><strong>et</strong></span> <span class='ocrx_word' id='word_1_796' title='bbox 3547 5205 3598 5258; x_wconf 90' lang='lat' dir='ltr'><strong>in</strong></span> <span class='ocrx_word' id='word_1_797' title='bbox 3635 5203 3784 5259; x_wconf 87' lang='lat' dir='ltr'><strong>Colb.</strong></span> <span class='ocrx_word' id='word_1_798' title='bbox 3817 5221 3899 5261; x_wconf 87' lang='lat' dir='ltr'><strong>sc-</strong></span> 
     </span>
    </p>
   </div>
   <div class='ocr_carea' id='block_1_112' title="bbox 2365 5284 2511 5325">
    <p class='ocr_par' dir='ltr' id='par_1_112' title="bbox 2365 5284 2511 5325">
     <span class='ocr_line' id='line_1_112' title="bbox 2365 5284 2511 5325; baseline 0.007 -1"><span class='ocrx_word' id='word_1_799' title='bbox 2365 5284 2511 5325; x_wconf 66' lang='lat' dir='ltr'><strong>lllllfl.</strong></span> 
     </span>
    </p>
   </div>
   <div class='ocr_carea' id='block_1_113' title="bbox 2327 5290 3894 5416">
    <p class='ocr_par' dir='ltr' id='par_1_113' title="bbox 2327 5290 3894 5416">
     <span class='ocr_line' id='line_1_113' title="bbox 2365 5290 2511 5325; baseline 0.007 -1"><span class='ocrx_word' id='word_1_800' title='bbox 2365 5290 2511 5325; x_wconf 79' lang='lat' dir='ltr'><strong>timo.</strong></span> 
     </span>
     <span class='ocr_line' id='line_1_114' title="bbox 2327 5290 3894 5416; baseline 0.004 -23"><span class='ocrx_word' id='word_1_801' title='bbox 2327 5290 2357 5341; x_wconf 59' lang='grc' dir='ltr'>Ρ</span> <span class='ocrx_word' id='word_1_802' title='bbox 2398 5343 2508 5416; x_wconf 52' lang='grc' dir='ltr'>(ξιθ)</span> <span class='ocrx_word' id='word_1_803' title='bbox 2551 5342 2681 5416; x_wconf 67' lang='lat' dir='ltr'><strong>Reg.</strong></span> <span class='ocrx_word' id='word_1_804' title='bbox 2709 5343 2980 5398; x_wconf 86' lang='lat' dir='ltr'><strong>secundus</strong></span> <span class='ocrx_word' id='word_1_805' title='bbox 3011 5360 3130 5398; x_wconf 90' lang='lat' dir='ltr'><strong>cum</strong></span> <span class='ocrx_word' id='word_1_806' title='bbox 3157 5343 3316 5398; x_wconf 86' lang='lat' dir='ltr'><strong>Coisl.</strong></span> <span class='ocrx_word' id='word_1_807' title='bbox 3343 5344 3510 5415; x_wconf 80' lang='grc' dir='ltr'>ᾄσατε</span> <span class='ocrx_word' id='word_1_808' title='bbox 3544 5345 3694 5414; x_wconf 77' lang='grc' dir='ltr'>αὑτῷ</span> <span class='ocrx_word' id='word_1_809' title='bbox 3730 5341 3894 5416; x_wconf 79' lang='grc' dir='ltr'>ᾆσμα.</span> 
     </span>
    </p>
   </div>
   <div class='ocr_carea' id='block_1_114' title="bbox 2399 5414 3876 5484">
    <p class='ocr_par' dir='ltr' id='par_1_114' title="bbox 2399 5414 3876 5484">
     <span class='ocr_line' id='line_1_115' title="bbox 2399 5414 3876 5484; baseline -0.001 -18"><span class='ocrx_word' id='word_1_810' title='bbox 2399 5414 2508 5484; x_wconf 63' lang='lat' dir='ltr'><strong>(9t)</strong></span> <span class='ocrx_word' id='word_1_811' title='bbox 2555 5414 2686 5482; x_wconf 72' lang='lat' dir='ltr'><strong>lleg.</strong></span> <span class='ocrx_word' id='word_1_812' title='bbox 2731 5421 2996 5468; x_wconf 74' lang='lat' dir='ltr'><strong>secundus</strong></span> <span class='ocrx_word' id='word_1_813' title='bbox 3046 5431 3165 5467; x_wconf 92' lang='lat' dir='ltr'><strong>cum</strong></span> <span class='ocrx_word' id='word_1_814' title='bbox 3223 5416 3370 5467; x_wconf 68' lang='lat' dir='ltr'><strong>(Lolli.</strong></span> <span class='ocrx_word' id='word_1_815' title='bbox 3414 5420 3587 5484; x_wconf 85' lang='lat' dir='ltr'><strong>primo</strong></span> <span class='ocrx_word' id='word_1_816' title='bbox 3659 5414 3876 5478; x_wconf 78' lang='grc' dir='ltr'>ἐδέξατο</span> 
     </span>
    </p>
   </div>
   <div class='ocr_carea' id='block_1_115' title="bbox 2329 5484 3894 5554">
    <p class='ocr_par' dir='ltr' id='par_1_115' title="bbox 2329 5484 3894 5554">
     <span class='ocr_line' id='line_1_116' title="bbox 2329 5484 3894 5554; baseline 0 -18"><span class='ocrx_word' id='word_1_817' title='bbox 2329 5484 2446 5536; x_wconf 82' lang='lat' dir='ltr'><strong>Mox</strong></span> <span class='ocrx_word' id='word_1_818' title='bbox 2483 5487 2692 5537; x_wconf 78' lang='lat' dir='ltr'><strong>codices</strong></span> <span class='ocrx_word' id='word_1_819' title='bbox 2722 5501 2814 5536; x_wconf 83' lang='lat' dir='ltr'><strong>sex</strong></span> <span class='ocrx_word' id='word_1_820' title='bbox 2862 5484 3320 5554; x_wconf 82' lang='grc' dir='ltr'>ἀνακαινούμεθα.</span> <span class='ocrx_word' id='word_1_821' title='bbox 3355 5485 3530 5537; x_wconf 80' lang='lat' dir='ltr'><strong>Editio</strong></span> <span class='ocrx_word' id='word_1_822' title='bbox 3562 5485 3738 5541; x_wconf 86' lang='lat' dir='ltr'><strong>Paris.</strong></span> <span class='ocrx_word' id='word_1_823' title='bbox 3771 5488 3894 5537; x_wconf 84' lang='grc' dir='ltr'>ἀνα-</span> 
     </span>
    </p>
   </div>
   <div class='ocr_carea' id='block_1_116' title="bbox 2331 5554 3592 5625">
    <p class='ocr_par' dir='ltr' id='par_1_116' title="bbox 2331 5554 3592 5625">
     <span class='ocr_line' id='line_1_117' title="bbox 2331 5554 3592 5625; baseline 0.004 -20"><span class='ocrx_word' id='word_1_824' title='bbox 2331 5554 2663 5622; x_wconf 81' lang='grc' dir='ltr'>καινὼμεθα.</span> <span class='ocrx_word' id='word_1_825' title='bbox 2705 5554 2837 5623; x_wconf 77' lang='lat' dir='ltr'><strong>Reg.</strong></span> <span class='ocrx_word' id='word_1_826' title='bbox 2867 5567 3088 5622; x_wconf 79' lang='lat' dir='ltr'><strong>quartus</strong></span> <span class='ocrx_word' id='word_1_827' title='bbox 3115 5556 3592 5625; x_wconf 75' lang='grc' dir='ltr'>ἀνακαινιζόμεθα.</span> 
     </span>
    </p>
   </div>
   <div class='ocr_carea' id='block_1_117' title="bbox 2402 5625 3757 5694">
    <p class='ocr_par' dir='ltr' id='par_1_117' title="bbox 2402 5625 3757 5694">
     <span class='ocr_line' id='line_1_118' title="bbox 2402 5625 3757 5694; baseline -0.003 -16"><span class='ocrx_word' id='word_1_828' title='bbox 2402 5627 2512 5689; x_wconf 65' lang='grc' dir='ltr'>(νει)</span> <span class='ocrx_word' id='word_1_829' title='bbox 2555 5625 2627 5677; x_wconf 85' lang='lat' dir='ltr'><strong>Ita</strong></span> <span class='ocrx_word' id='word_1_830' title='bbox 2657 5629 2892 5694; x_wconf 86' lang='lat' dir='ltr'><strong>quinque</strong></span> <span class='ocrx_word' id='word_1_831' title='bbox 2921 5641 3048 5678; x_wconf 85' lang='lat' dir='ltr'><strong>mss.</strong></span> <span class='ocrx_word' id='word_1_832' title='bbox 3076 5627 3248 5679; x_wconf 86' lang='lat' dir='ltr'><strong>Editio</strong></span> <span class='ocrx_word' id='word_1_833' title='bbox 3283 5626 3452 5678; x_wconf 76' lang='lat' dir='ltr'><strong>Paris.</strong></span> <span class='ocrx_word' id='word_1_834' title='bbox 3481 5626 3757 5694; x_wconf 79' lang='grc' dir='ltr'>γέννησιν.</span> 
     </span>
    </p>
   </div>
   <div class='ocr_carea' id='block_1_118' title="bbox 2401 5695 3890 5768">
    <p class='ocr_par' dir='ltr' id='par_1_118' title="bbox 2401 5695 3890 5768">
     <span class='ocr_line' id='line_1_119' title="bbox 2401 5695 3890 5768; baseline 0 -20"><span class='ocrx_word' id='word_1_835' title='bbox 2401 5697 2509 5765; x_wconf 79' lang='grc'><strong>(95)</strong></span> <span class='ocrx_word' id='word_1_836' title='bbox 2553 5695 2712 5768; x_wconf 78' lang='lat' dir='ltr'><strong>Notat</strong></span> <span class='ocrx_word' id='word_1_837' title='bbox 2741 5695 3096 5750; x_wconf 82' lang='lat' dir='ltr'><strong>Cumbcﬁsius</strong></span> <span class='ocrx_word' id='word_1_838' title='bbox 3134 5712 3315 5750; x_wconf 85' lang='lat' dir='ltr'><strong>vocem</strong></span> <span class='ocrx_word' id='word_1_839' title='bbox 3352 5697 3788 5768; x_wconf 78' lang='grc' dir='ltr'>ἀρχιστράτηγος</span> <span class='ocrx_word' id='word_1_840' title='bbox 3825 5711 3890 5748; x_wconf 81' lang='lat' dir='ltr'><strong>ex</strong></span> 
     </span>
    </p>
   </div>
   <div class='ocr_carea' id='block_1_119' title="bbox 2327 5765 3886 5836">
    <p class='ocr_par' dir='ltr' id='par_1_119' title="bbox 2327 5765 3886 5836">
     <span class='ocr_line' id='line_1_120' title="bbox 2327 5765 3886 5836; baseline -0.003 -16"><span class='ocrx_word' id='word_1_841' title='bbox 2327 5765 2486 5820; x_wconf 79' lang='lat' dir='ltr'><strong>Josue</strong></span> <span class='ocrx_word' id='word_1_842' title='bbox 2536 5765 2700 5828; x_wconf 68' lang='lat' dir='ltr'><strong>v.14,</strong></span> <span class='ocrx_word' id='word_1_843' title='bbox 2749 5775 3013 5823; x_wconf 80' lang='lat' dir='ltr'><strong>sumptam</strong></span> <span class='ocrx_word' id='word_1_844' title='bbox 3065 5781 3183 5820; x_wconf 86' lang='lat' dir='ltr'><strong>esse</strong></span> <span class='ocrx_word' id='word_1_845' title='bbox 3224 5787 3235 5822; x_wconf 92' lang='lat'><strong>:</strong></span> <span class='ocrx_word' id='word_1_846' title='bbox 3282 5782 3386 5836; x_wconf 78' lang='lat' dir='ltr'><strong>qua</strong></span> <span class='ocrx_word' id='word_1_847' title='bbox 3430 5765 3580 5821; x_wconf 71' lang='lat' dir='ltr'><strong>male</strong></span> <span class='ocrx_word' id='word_1_848' title='bbox 3621 5768 3886 5822; x_wconf 79' lang='lat' dir='ltr'><strong>intellecta</strong></span> 
     </span>
    </p>
   </div>
   <div class='ocr_carea' id='block_1_120' title="bbox 2331 5837 2920 5892">
    <p class='ocr_par' dir='ltr' id='par_1_120' title="bbox 2331 5837 2920 5892">
     <span class='ocr_line' id='line_1_121' title="bbox 2331 5837 2920 5892; baseline 0.003 -2"><span class='ocrx_word' id='word_1_849' title='bbox 2331 5838 2688 5892; x_wconf 74' lang='lat' dir='ltr'><strong>abutebantur</strong></span> <span class='ocrx_word' id='word_1_850' title='bbox 2714 5837 2920 5892; x_wconf 82' lang='lat' dir='ltr'><strong>Anam.</strong></span> 
     </span>
    </p>
   </div>
  </div>
