4068 6318
132 369 232 430 329

1255 365 1534 420 llOMlLIA
1575 363 1639 416 lN
1684 362 2008 419 PSALMUM
2049 360 2258 416 XXX“.

3244 361 3352 415 550

130 490 226 557 ’.γῆς
251 489 306 539 ὲν
335 485 485 555 αὑτῷ
525 485 757 548 πίστεως
792 483 1035 554 βάλωμεν
1055 485 1159 554 (94)
1183 484 1339 554 ἡμῶν
1365 485 1452 536 τὸν
1477 483 1686 555 ἐχθρὸν,

1794 481 2152 547 impetamus?
2209 481 2344 534 Bene
2390 481 2551 550 igitur
2593 481 2800 548 psallite
2847 481 2898 533 in
2958 481 3347 549 vociferatione.

132 578 222 634 ml.
244 574 581 644 τοξεύσωμεν
603 593 614 638 ;
649 573 856 641 Καλῶς
883 573 974 626 οὖν
1003 567 1234 642 ψάλατὲ
1250 576 1316 627 ἐν
1343 573 1686 643 ἀλαλαγμῷ.

137 667 287 720 Ἐστι
318 667 373 719 δὲ
400 669 428 719 6
458 667 767 736 ἀλαλαγμὸς
792 671 938 735 φωνή
965 684 1046 728 τις
1076 666 1363 737 ἄναρθρος,
1389 667 1689 738 συμφώνως

136 758 378 828 ἀλληλοις
433 758 540 809 τῶν
583 757 1016 820 συνασπιζόντων
1067 760 1124 809 ὲν
1181 757 1259 828 τῷ
1303 758 1523 829 πολέμῳ
1569 775 1689 810 συν-

136 850 494 920 ιπηχούντων.
514 852 600 902 Ἐν
625 851 908 920 συμφωνίᾳ
937 846 1028 902 οὖν
1061 849 1153 902 καὶ
1188 852 1244 902 ὲν
1277 852 1562 921 συμπνοίᾳ,
1597 851 1689 904 καὶ

135 946 195 1012 τῇ
222 943 305 994 διὰ
334 943 430 1011 τῆς
458 943 672 1013 ἀγάπης
702 941 885 994 ὲνώσει
909 941 1133 1010 ψάλατε.
1159 943 1221 994 Τί
1245 940 1334 996 οὖν
1363 944 1440 994 δεῖ
1466 943 1689 1012 ψάλλον-

135 1052 227 1096 τας
259 1034 469 1102 λέγεινς
504 1035 631 1086 Ὅτι
665 1032 846 1099 εὺθὴς
880 1035 911 1086 ὀ
949 1034 1130 1102 λόγος
1165 1034 1271 1087 τοῦ
1307 1035 1548 1101 Κυρίου.
1591 1031 1691 1085 Διὰ

135 1127 284 1179 τοῦτο
318 1127 584 1198 πρότερον
640 1127 763 1188 τοὺς
815 1125 990 1188 εὐθεϊς
1043 1126 1197 1177 καλεῖ
1253 1125 1361 1193 (95)
1413 1124 1549 1194 πρὸς
1591 1124 1689 1192 τὴν

135 1221 349 1282 αίνεσιν,
394 1218 576 1288 ἐπειδὴ
610 1216 770 1286 εὖθής
802 1217 915 1268 ἐστι
957 1216 1047 1269 καὶ
1085 1218 1112 1268 6
1147 1216 1349 1285 μέλλων
1377 1213 1690 1278 δοξάζεσθαι

137 1309 318 1374 Λόγος,
355 1311 383 1361 6
417 1305 508 1359 τοῦ
540 1307 764 1377 Κυρίου,
796 1307 823 1357 6
861 1308 918 1359 ὲν
949 1307 1087 1377 ἀρχῇ
1132 1305 1206 1357 ὢν
1242 1305 1375 1375 πρὸς
1402 1306 1491 1356 τὸν
1521 1305 1687 1367 Θεὸν,

138 1401 224 1452 καῖ
250 1400 378 1461 Θεὸς
401 1399 494 1452 ὢν.
534 1399 708 1468 Εύθὴς
738 1395 828 1451 οὖν
855 1402 880 1450 6
899 1400 1105 1468 Πατήρ·
1129 1397 1289 1466 εὺθὴς
1311 1399 1338 1450 6
1367 1397 1510 1459 Υἱός·
1538 1397 1691 1459 esse;

137 1492 193 1541 τὸ
238 1491 387 1554 ἅγιον
441 1489 683 1558 Πνεῦμα.
736 1489 846 1540 Καὶ
900 1488 1076 1540 πάντα
1119 1487 1188 1540 τά
1247 1489 1380 1557 ἔργα
1418 1485 1578 1538 αὑτοῦ
1632 1487 1688 1537 ὲν

139 1580 330 1632 πίστει.
362 1580 428 1631 Τί
450 1580 593 1632 ἐστιν
632 1580 659 1632 ὃ
692 1580 865 1648 λέγει;
905 1579 1104 1649 Ἔργον
1136 1581 1163 1632 6
1187 1578 1429 1646 οὐρανὸς,
1459 1576 1616 1646 ἔργον
1655 1577 1687 1646 ἠ

139 1674 225 1741 γῆ.
267 1673 427 1743 ἔργον
464 1675 495 1743 ἡ
537 1674 807 1733 θάλασσα.
844 1675 871 1725 6
905 1672 1031 1742 ἀὴρ,
1078 1670 1144 1722 τὰ
1182 1669 1362 1738 ἄψυχα
1397 1669 1591 1731 πάντα,
1623 1667 1689 1721 τὰ

139 1764 368 1834 (idola,
415 1765 484 1818 τὰ
511 1765 720 1833 λογικὰ,
761 1764 828 1816 τὰ
861 1764 1047 1828 ἄλογα.
1094 1761 1216 1823 Πῶς
1270 1756 1361 1813 οὖν
1412 1762 1468 1812 ὲν
1508 1761 1687 1812 πίστει

1793 575 1889 628 Est
1931 585 2109 629 autem
2143 573 2451 629 vociferatio
2479 587 2576 625 vox
2607 574 2846 639 quo-dam
2886 570 3127 635 confusa,
3157 587 3278 627 cum
3312 575 3346 628 ii

1793 666 1882 734 qui
1915 666 1966 719 in
1999 665 2136 719 bello
2172 679 2228 718 se
2254 664 2476 718 invicem
2502 661 2715 731 agmine
2747 662 2985 716 conferto
3014 663 3345 725 adoriuntur,

1791 773 2084 813 consonam
2126 771 2307 812 vocem
2339 756 2520 809 edunt.
2565 753 2747 822 Itaque
2789 753 2840 805 in
2891 763 3147 806 concentu
3192 763 3245 807 et
3294 756 3348 807 in

1790 850 2102 912 concordia,
2144 858 2199 903 et
2237 851 2288 902 in
2340 847 2618 902 Charitatis
2679 845 3055 911 conjunctione
3113 845 3344 912 psallite.

1794 943 1928 1008 Quid
1988 942 2150 1011 igitur
2207 939 2496 1008 psallentes
2545 938 2721 990 dicere
2794 936 3038 1003 oportet?
3088 937 3348 990 Nimirum

1799 1033 1958 1104 134
1987 1034 2149 1088 γεκεο
2179 1031 2248 1085 4³
2277 1031 2428 1095 Quod
2461 1039 2654 1084 rectum
2687 1041 2756 1082 est
2784 1027 2985 1082 verbum
3013 1026 3240 1081 Domini.
3266 1027 3348 1082 Id-

1791 1129 1940 1182 circo
1969 1137 2145 1180 rectos
2190 1125 2339 1193 prius
2369 1122 2432 1176 ad
2465 1122 2822 1175 laudationem
2856 1129 3028 1180 vocat,
3077 1120 3219 1188 quod
3269 1133 3352 1173 reo

1791 1228 1936 1273 ctum
1985 1224 2065 1270 est
2099 1215 2260 1268 etiam
2311 1212 2437 1266 illud
2487 1211 2696 1264 Domini
2746 1210 3015 1271 Verbum,
3066 1207 3203 1278 quod
3236 1219 3352 1262 erat

1791 1309 1957 1377 gloria
2019 1306 2389 1365 aﬂiciendum,
2438 1304 2578 1370 quod
2630 1303 2680 1355 iu
2734 1302 2994 1370 principio
3047 1312 3162 1356 erat
3209 1302 3349 1370 apud

1794 1403 1983 1462 Deum,
2013 1409 2068 1453 et
2106 1399 2244 1451 Deus
2274 1405 2391 1450 erat
2416 1395 2483 1448 ⁸ο.
2515 1393 2715 1447 Rectus
2754 1394 2931 1459 itaque
2958 1391 3139 1453 Pater,
3175 1404 3351 1446 rectus

1789 1492 1978 1554 Filius,
2009 1501 2187 1544 rectus
2218 1489 2450 1558 Spiritus
2475 1500 2712 1542 sanctus.
2740 1485 2806 1540 Et
2846 1487 3018 1540 omnia
3050 1502 3205 1553 opera
3237 1486 3351 1553 ejus

1788 1586 1842 1636 in
1887 1584 2010 1652 ﬁde.
2059 1583 2194 1648 Quid
2247 1593 2330 1636 est
2375 1583 2518 1650 quod
2583 1580 2752 1634 dicit?
2793 1580 2938 1648 Opus
2989 1588 3070 1630 cst
3117 1576 3347 1640 ccelum,

1788 1691 1921 1743 Opus
1957 1687 2128 1736 terra,
2159 1688 2292 1742 opus
2333 1689 2496 1734 mare,
2534 1689 2648 1733 aer,
2685 1673 2974 1725 inanimato
3003 1671 3203 1732 omnia,
3234 1670 3350 1723 ani-

1793 1778 1956 1830 mata,
2005 1767 2322 1829 rationalia,
2372 1765 2723 1819 irrationalia.
2769 1764 3043 1830 Quomodo
3089 1764 3249 1833 igitur
3296 1763 3349 1815 in

141 1856 340 1920 πάντας
381 1857 510 1908 ποία
548 1857 725 1917 πίστις
759 1856 816 1906 ἐν
854 1857 963 1916 τοῖς
989 1851 1239 1920 ἀψύχοις
1284 1851 1411 1904 ποία
1440 1852 1621 1914 πίστις
1655 1853 1686 1919 ὴ

1794 1857 1895 1910 lide
1929 1855 2154 1910 omnia?
2203 1854 2458 1920 Quasnam
2508 1854 2557 1907 in
2609 1850 2916 1905 inaniuiatis
2966 1849 3134 1902 ﬁdes?
3180 1846 3350 1916 qualis

138 1946 238 1999 τῶν
285 1946 536 2014 ἁλόγωνς
585 1947 720 1998 Ποία
759 1945 814 1997 δὲ
853 1945 1032 2006 πίστις
1076 1945 1132 1995 ὲν
1165 1942 1240 2012 τῷ
1275 1942 1434 2013 λίθῳς
1467 1943 1594 1996 ποία
1633 1942 1687 1995 δὲ

140 2037 309 2100 πίστις
364 2040 422 2089 ὲν
467 2037 544 2106 τῷ
590 2038 735 2100 κυνί;
777 2034 910 2087 Οὔτε
967 2036 1190 2104 ἄψυχον,
1241 2033 1362 2087 οὔτε
1413 2035 1604 2102 ἄλογον
1633 2035 1688 2086 ὲν

141 2128 329 2182 πίστει.
358 2130 423 2181 Ἡ
471 2130 650 2199 μέντοι
695 2127 966 2194 ἀπόφασις
1005 2127 1156 2180 οὐδὲν
1199 2127 1508 2191 ὑπεξείλετο
1555 2125 1687 2193 (96),

140 2220 264 2273 ἀλλὰ
309 2222 484 2273 πάντα
530 2219 877 2288 περιείληφεν
910 2219 1166 2271 εἰποῦσα·
1203 2217 1402 2271 Πάντα
1440 2216 1510 2268 τὰ
1549 2215 1691 2284 ἔργα

140 2313 314 2365 αὐτοῦ
338 2314 410 2364 ἐν
441 2313 658 2363 πίστει.
700 2312 762 2363 Τί
788 2308 878 2364 οὖν
909 2314 1054 2364 ἐστιν
1085 2311 1111 2362 ὃ
1137 2309 1316 2376 λέγει;
1367 2308 1488 2361 Ἐάν
1518 2325 1576 2360 τε
1599 2309 1689 2360 οὐ-

144 2402 311 2470 ρανὸν,
349 2401 535 2470 φησὶν,
568 2401 700 2472 ἴδῃς,
731 2402 826 2454 καὶ
857 2400 953 2470 τὴν
987 2403 1042 2452 ὲν
1072 2399 1218 2468 αὐτῷ
1245 2397 1398 2462 τάξιν
1417 2441 1430 2460 ,
1460 2397 1693 2462 πίστεώς

143 2497 279 2546 ἐστιν
299 2495 491 2564 όδηγός
513 2512 526 2525 ·
561 2496 794 2547 δείκνυσι
822 2494 926 2564 γὰρ
960 2494 1049 2547 τὸν
1085 2494 1334 2564 τεχνίτην
1364 2494 1429 2546 δι’
1461 2493 1653 2547 ἑαυτοῦ
1674 2511 1686 2523 ·

144 2590 230 2642 ὲάν
255 2606 313 2641 τε
333 2591 428 2652 τὰς
450 2590 577 2658 περὶ
601 2589 695 2656 τὴν
724 2591 825 2656 γῆν
851 2587 1256 2657 διακοσμήσεις.
1291 2588 1448 2640 πάλιν
1481 2589 1574 2641 καὶ
1608 2588 1694 2641 διὰ

141 2679 334 2732 τούτων
369 2680 589 2742 αὔξεταί
627 2682 768 2749 σοιή
807 2679 932 2750 περὶ
968 2679 1056 2732 τὸν
1088 2680 1219 2733 Θεὸν
1257 2681 1454 2741 πίστις.
1482 2681 1555 2732 υὺ
1586 2680 1694 2752 γὰρ

145 2771 411 2839 σαρκίνοις
443 2770 740 2840 ὀφθαλμοῖς
771 2771 1177 2842 καταμαθόντες
1223 2772 1313 2823 τὸν
1351 2771 1502 2833 Θεὸν,
1531 2788 1693 2824 πεπι-

145 2861 436 2931 στεύκαμεν
461 2865 542 2926 εἰς
570 2864 749 2923 αὑτὸν,
781 2863 916 2916 ἀλλὰ
961 2867 1024 2934 τῇ
1059 2863 1152 2915 τοῦ
1202 2863 1293 2916 νοῦ
1341 2864 1562 2930 δυνάμει
1610 2862 1696 2914 διὰ

144 2952 242 3005 τῶν
263 2955 556 3026 ὁρωμένων
582 2957 669 3009 τὸν
691 2957 919 3026 ἀόρατον
941 2957 1277 3028 καθορῶμεν.
1300 2956 1496 3008 Πάντα
1515 2949 1605 3006 οὖν
1626 2953 1696 3005 τὰ

145 3041 276 3110 ἔργα
290 3043 475 3097 αὐτοῦ
499 3046 568 3098 ἐν
594 3046 812 3099 πίστει.
835 3046 950 3098 Κᾶν
962 3046 1052 3099 τὸν
1065 3046 1207 3097 λίθον
1225 3043 1564 3114 καταμάθῃς,
1587 3043 1695 3112 ἔχει

146 3136 230 3187 καὶ
255 3137 416 3199 αὑτός
453 3155 572 3189 τινα
603 3139 700 3205 τῆς
733 3139 1009 3206 δυνάμεως
1037 3137 1130 3189 τοῦ
1168 3136 1523 3205 πεποιηκότος
1557 3136 1693 3188 ἁπό-

145 3222 328 3287 δειξιν’
374 3227 476 3279 κᾶν
518 3226 816 3296 μύρμηκα,
865 3227 968 3279 κᾶν
1005 3227 1225 3296 ἐμπίδα,
1262 3225 1363 3280 κᾶν
1411 3225 1690 3296 μέλισσαν.

147 3315 399 3377 Πολλάκις
442 3318 536 3369 καὶ
566 3319 620 3370 ὲν
647 3321 757 3380 τοῖς
790 3320 1134 3389 μικροτάτοις
1173 3322 1203 3389 ἠ
1255 3320 1414 3389 σοφία
1461 3318 1554 3371 τοῦ
1603 3318 1694 3384 δη-

150 3404 392 3474 μιουργοῦ
429 3405 785 3474 διαφαίνεται.
833 3409 888 3461 '0
935 3409 1042 3479 γὰρ
1096 3409 1318 3479 οὐρανὸν
1365 3406 1693 3472 διαπλώσας,

147 3494 229 3545 καὶ
268 3495 331 3547 τὰ
364 3495 571 3550 ἄπλετα
598 3499 798 3569 μεγέθη
841 3498 946 3551 τῶν
981 3498 1232 3566 πελαγῶν
1257 3497 1508 3566 ἀναχέας,
1543 3492 1696 3560 οὗτός

147 3586 282 3637 ἐστιν
309 3586 335 3637 6
369 3588 542 3640 καὶτὸ
568 3587 887 3641 λεπτότατον
919 3589 1141 3658 κέντρον
1170 3590 1268 3659 τῆς
1302 3588 1559 3658 μελίσσης
1586 3606 1698 3641 κοι-

148 3673 298 3740 λάνας
324 3678 512 3748 ὥσπερ
547 3680 727 3739 αὐλὸν,
766 3679 904 3732 ὥστε
937 3681 1002 3732 δι’
1044 3679 1207 3732 αὑτοῦ
1239 3681 1328 3732 τὸν
1370 3681 1446 3733 ίὸν
1480 3683 1699 3750 ἁποχεῖ-

149 3768 282 3821 σθαι.
304 3768 504 3820 Πάντα
523 3764 614 3820 οὖν
640 3771 709 3822 τὰ
729 3772 868 3840 ἔργα
884 3770 1067 3824 αὑτοῦ
1093 3771 1162 3822 ἐν
1175 3771 1392 3823 πίστει.
1412 3771 1592 3840 Μηδέν
1617 3788 1696 3823 σοι

147 3856 385 3918 ἀπιστίας
411 3857 620 3923 ἐφόδιον
644 3857 798 3910 ἔστω.
835 3861 923 3930 Μὴ
954 3860 1111 3932 είπῃς
1131 3874 1144 3888 ·
1191 3860 1276 3921 Ὠς
1295 3858 1472 3930 ἔτυχε,
1511 3862 1698 3929 γέγονε

149 3947 310 4011 τοῦτο,
327 3950 418 4000 καὶ
445 3950 765 4019 αὐτομάτως
789 3951 1066 4022 ἀπήντησε
1085 3953 1222 4006 τόδε.
1251 3953 1417 4004 Οὐδὲν
1444 3953 1694 4014 ἄτακτον,

149 4039 286 4092 οὐδὲν
310 4042 579 4112 ἀόριστον,
621 4042 770 4094 οὐδὲν
793 4045 909 4113 εἰκῆ
943 4044 1252 4112 γενόμενον,
1289 4044 1408 4096 οὐδὲ
1446 4044 1517 4107 ὡς
1542 4043 1696 4114 ἔτυχε

151 4131 431 4201 φερόμενον
462 4133 517 4184 ὲν
542 4135 652 4195 τοῖς
684 4129 850 4188 οὖσιν.
891 4135 981 4197 Ἦ,
1018 4135 1176 4205 Κακὴ
1205 4134 1480 4204 συντυχία,
1511 4134 1565 4206 ἢ,
1591 4135 1696 4186 Ilo-

150 4223 280 4293 νηρὰ
309 4224 442 4295 ὥρα.
491 4225 850 4279 ’.ἀπαιδεύτων
879 4221 1037 4280 αὗται
1067 4229 1122 4279 αί
1157 4228 1352 4297 φωναί.
1405 4228 1549 4295 Οὐχὶ
1589 4227 1697 4280 δύο

151 4317 418 4380 στρουθιά
451 4317 748 4384 ἀσσαρίου
774 4317 1047 4370 πωλεῖται
1063 4335 1079 4380 ;
1097 4320 1191 4370 καὶ
1217 4317 1286 4370 ἓν
1314 4317 1381 4382 ἐξ
1400 4317 1595 4371 αὐτῶν
1626 4321 1697 4371 οὐ

151 4406 404 4460 πεσεῖται
443 4409 571 4462 ἄνευ
604 4407 696 4460 τοῦ
727 4407 870 4460 θείου
900 4408 1200 4480 θελήματος
1235 4411 1366 4480 (97).
1420 4411 1591 4462 Πόσαι
1640 4411 1696 4461 ai

1789 1960 1872 2003 est
1899 1949 2027 2002 ﬁdes
2055 1947 2368 2002 brutorum?
2390 1947 2643 2009 Quasnam
2673 1943 2802 1996 lides
2832 1943 2882 1994 in
2922 1939 3133 2008 lapide?
3164 1953 3352 1992 rursus

1790 2057 1907 2110 quae
1938 2041 2068 2094 ﬁdes
2103 2040 2153 2092 in
2189 2039 2356 2093 cane?
2387 2037 2569 2106 Neque
2601 2034 2970 2096 inanimatum,
3013 2045 3184 2098 neque
3224 2030 3350 2109 bru-

1792 2143 1901 2186 tum
1942 2134 1990 2184 iu
2023 2133 2126 2187 ﬁde
2163 2143 2260 2187 est.
2291 2131 2414 2185 llaec
2444 2139 2618 2183 tamen
2645 2127 2912 2182 sententia
2951 2123 3083 2178 nihil
3117 2119 3344 2188 excepit.

1791 2222 1882 2276 sed
1907 2224 2084 2275 omnia
2113 2222 2538 2289 comprehendit,
2563 2222 2746 2274 dicens
2776 2237 2787 2270 :
2827 2218 3017 2271 Omnia
3048 2233 3204 2279 opera
3232 2214 3350 2282 ejus

1791 2314 1844 2366 in
1888 2313 2011 2381 ﬁde.
2043 2311 2179 2378 Quid
2231 2312 2388 2381 igitur
2425 2321 2509 2365 est
2540 2312 2681 2380 quod
2730 2308 2892 2364 dicit?
2943 2307 3087 2369 Sive,
3142 2304 3348 2373 inquit,

1793 2405 2152 2472 contemplere
2209 2403 2403 2459 caelum
2463 2402 2682 2471 ejusque
2738 2403 3018 2462 ordinem,
3073 2397 3192 2451 ﬁdei
3243 2398 3347 2450 dux

1793 2504 1916 2558 est;
1966 2493 2225 2548 artiﬁcem
2271 2494 2414 2546 enim
2462 2509 2556 2561 per
2597 2508 2655 2547 se
2695 2493 2866 2558 ipsum
2916 2490 3150 2545 ostendit
3188 2507 3201 2542 :
3239 2489 3352 2542 sive

1796 2595 1952 2640 terra:
1983 2594 2252 2648 ornatum,
2303 2601 2490 2639 rursus
2534 2600 2745 2653 quoque
2787 2584 2888 2637 hoc
2941 2593 3094 2652 pacto
3127 2591 3352 2649 augetur

1797 2686 1881 2731 tua
1930 2676 1979 2729 in
2017 2676 2178 2730 Deum
2212 2675 2359 2729 ﬁdes.
2392 2673 2503 2728 Non
2540 2676 2682 2730 enim
2730 2675 2938 2729 carneis
2982 2674 3150 2727 oculis
3187 2674 3354 2728 Deum

1794 2769 1990 2831 edocti,
2028 2769 2078 2822 in
2111 2768 2280 2837 ipsum
2313 2767 2659 2831 credidimus,
2698 2767 2791 2822 sed
2827 2766 2872 2819 vi
2924 2763 3116 2818 mentis
3145 2779 3239 2833 per
3272 2764 3352 2816 vi-

1795 2861 1968 2914 sibilia
2015 2859 2332 2913 iuvisibilem
2385 2859 2761 2928 conspicimus.
2800 2856 2986 2910 Omnia
3019 2869 3147 2924 ergo
3199 2870 3352 2924 opera

1795 2951 1906 3020 ejus
1956 2952 2010 3004 in
2056 2951 2180 3018 fide.
2232 2951 2356 3006 Sive
2401 2950 2629 3021 lapidem
2691 2950 3142 3014 consideraveris,
3194 2948 3354 3001 habet

1795 3041 1955 3094 etiam
1992 3040 2103 3108 ipse
2138 3039 2370 3107 aliquam
2411 3040 2659 3109 potentiae
2691 3040 2984 3094 conditoris
3016 3040 3350 3091 demonstra-

1747 3171 1765 3191 .
1800 3132 2028 3195 tionem;
2072 3132 2184 3186 sive
2228 3129 2529 3193 formicam,
2574 3132 2685 3185 sive
2723 3131 2979 3194 culicem,
3021 3129 3134 3184 sive
3176 3145 3350 3198 apem.

1800 3223 1952 3294 Saepe
1994 3228 2074 3280 vel
2107 3225 2160 3279 in
2206 3226 2437 3280 minimis
2468 3225 2642 3280 elucet
2682 3226 2890 3292 opilicis
2935 3225 3216 3293 sapientia.
3251 3223 3351 3290 Qui

1794 3320 1934 3372 enim
1985 3319 2179 3370 malum
2230 3318 2506 3385 expandit,
2537 3329 2591 3372 et
2625 3320 2937 3372 inunensam
2977 3315 3144 3386 pelagi
3191 3316 3354 3368 vasti-

1797 3417 1959 3462 tatem
2009 3406 2212 3468 cﬁ'udit,
2246 3408 2331 3462 ille
2365 3409 2478 3477 ipse
2507 3418 2611 3471 est,
2650 3410 2737 3477 qui
2777 3407 3146 3461 tenuissimum
3190 3408 3351 3460 etiam

1797 3501 1912 3569 apis
1961 3500 2202 3555 aculeum
2241 3500 2404 3555 veluti
2447 3501 2675 3555 ﬁstulam
2702 3500 3008 3566 excavavit,
3060 3509 3116 3553 ut
3160 3514 3257 3570 per
3303 3501 3353 3552 id

1798 3592 1944 3644 virus
1993 3588 2316 3644 etfuudalur.
2359 3588 2546 3642 Omnia
2596 3590 2755 3659 igitur
2785 3607 2937 3658 opera
2971 3589 3082 3656 ejus
3131 3591 3182 3642 in
3227 3589 3352 3657 ﬁde.

1798 3681 1948 3734 Nulla
1995 3682 2086 3734 tibi
2140 3682 2211 3734 sit
2256 3681 2642 3734 incredulitatis
2678 3682 2915 3736 occasio.
2967 3679 3045 3734 Ne
3096 3682 3294 3735 dixeris
3340 3703 3351 3737 :

1800 3771 1909 3826 Hoc
1944 3781 2140 3825 temere
2173 3770 2398 3834 factum,
2431 3783 2482 3826 et
2520 3773 2641 3826 illud
2673 3788 2799 3826 casu
2847 3773 3042 3828 evenit.
3083 3771 3224 3825 Nihil
3273 3771 3355 3825 iu-

1797 3865 2098 3918 ordiualum
2130 3874 2243 3925 est.
2297 3865 2702 3917 intertuiuatum
2751 3863 2911 3926 nihil,
2969 3864 3102 3918 nihil
3151 3863 3351 3917 frustra

1799 3954 2033 4018 factum,
2091 3969 2262 4021 neque
2317 3952 2604 4020 quidquam
2656 3966 2833 4005 rerum
2888 3949 3109 4004 fortuito
3165 3951 3353 4008 fertur.

1799 4043 1979 4111 Neque
2012 4043 2198 4097 dicas:
2240 4042 2407 4096 Malus
2449 4059 2626 4100 casus.
2670 4051 2759 4095 aut
2795 4040 2962 4095 Prava
3007 4041 3155 4094 hora.
3184 4038 3356 4095 Voces

1799 4135 1929 4204 ipsae
1971 4147 2096 4189 sunt
2130 4135 2538 4188 ineruditorum.
2592 4134 2778 4187 Nonne
2820 4134 2924 4187 duo
2963 4148 3197 4201 passeres
3240 4149 3356 4186 asse

1798 4240 2037 4295 veneunt,
2071 4239 2118 4283 et
2158 4246 2290 4283 unus
2323 4245 2386 4284 ea:
2415 4229 2518 4283 illis
2552 4246 2651 4282 non
2692 4232 2836 4282 cadet
2879 4229 2994 4281 sine
3039 4228 3216 4282 divina
3264 4241 3355 4279 vo-

1801 4321 2104 4376 luntate"?
2145 4321 2285 4388 Quot
2327 4321 2502 4388 capilli
2551 4321 2774 4387 capitis!
2834 4318 2978 4374 Unus
3007 4334 3074 4373 ex
3121 4318 3204 4371 his
3247 4327 3356 4371 tra-

1801 4415 1945 4470 ditus
1978 4429 2082 4468 non
2125 4423 2205 4467 est
2238 4411 2495 4467 oblivioni
2521 4412 2585 4466 ⁸⁸.
2616 4411 2774 4464 Vides
2817 4410 3053 4464 divinum
3103 4409 3356 4473 oculum,

151 4497 319 4566 τρίχες
340 4501 437 4570 τῆς
465 4502 738 4571 κεφαλῆςί
776 4501 888 4554 Μία
917 4503 1092 4555 αὐτῶν
1133 4505 1230 4555 οὐκ
1271 4503 1415 4555 ἐστιν
1450 4503 1692 4574 ἐπιλελη-

1801 4505 2066 4573 quomodo
2094 4502 2222 4555 nihil
2255 4502 2731 4557 minutissimarum
2763 4516 2939 4556 rerum
2970 4500 3356 4570 inspectionem

153 4589 329 4658 σμένη.
368 4592 527 4662 Ὀρᾷς
559 4594 649 4647 τὸν
690 4594 826 4646 θεῖον
849 4593 1140 4664 ὀφθαλμὸν,
1166 4596 1239 4658 ὡς
1265 4595 1414 4648 οὐδὲν
1446 4596 1553 4647 τῶν
1607 4613 1694 4665 μι-

154 4682 412 4749 κροτάτων
465 4686 565 4755 τὴν
620 4685 920 4753 ἐπισκοπὴν
988 4685 1150 4738 αὐτοῦ
1206 4685 1480 4754 διαφεύγει
1543 4686 1692 4757 (98);

165 4773 374 4841 Ἀγαπᾷ
405 4778 825 4846 ἐλεημοσύνην
857 4778 953 4830 καὶ
1001 4779 1202 4844 κρίσιν
1241 4782 1272 4831 ό
1300 4781 1539 4846 Κύριος·
1590 4779 1696 4832 τοῦ

153 4861 348 4933 ἐλέους
396 4870 618 4935 Κυρίου
669 4868 906 4938 πλήρης
958 4871 995 4937 ἡ
1053 4868 1150 4938 γῆ.
1207 4871 1268 4922 Ei
1325 4870 1444 4924 καθ’
1499 4871 1697 4941 ἑαυτὴν

156 4956 380 5026 ὑπῆρχεν
409 4957 556 5031 ἡτοῦ
583 4959 714 5012 Θεοῦ
736 4961 934 5030 κρίσις,
969 4963 1255 5030 ἀποτόμως
1282 4964 1411 5032 ἡμῖν
1435 4963 1574 5015 κατὰ
1600 4962 1694 5032 τὴν

157 5048 299 5114 ἀξίαν
328 5053 478 5121 ἡμῶν
501 5051 839 5115 ἀποδιδόντος
863 5055 998 5124 πρὸς
1032 5053 1066 5107 ἆ
1089 5055 1440 5124 ἐποιήσαμεν,
1473 5055 1599 5107 ποία
1629 5051 1695 5125 ἦν

158 5139 324 5208 ἰλπίς;
375 5143 457 5207 τίς
487 5143 552 5198 ἂν
593 5144 768 5216 ἐσώθη
805 5145 912 5197 τῶν
948 5146 1194 5208 πάντων;
1226 5144 1335 5197 Νῦν
1376 5146 1433 5199 δὲ
1479 5146 1694 5215 Ἀγαπᾷ

224 5279 266 5310 ⁸⁸
301 5280 455 5336 Joan.
493 5297 531 5347 ι,
564 5282 613 5335 1,
691 5284 732 5314 ⁶¹
778 5284 958 5337 Matth.
1005 5299 1056 5344 ι,
1089 5283 1178 5337 29.
1255 5283 1297 5312 ⁶¹
1340 5283 1466 5336 ibid.
1495 5282 1582 5338 50.

229 5436 333 5512 (94)
374 5440 461 5497 Sic
491 5443 640 5510 Regii
675 5455 896 5508 quartus
924 5454 977 5500 et
1003 5454 1186 5498 sextus
1211 5460 1330 5498 cum
1361 5443 1512 5498 Colb.
1541 5459 1698 5512 quar-

163 5510 419 5584 ξο.βιίίιίο
451 5512 619 5568 Paris.
649 5513 943 5584 βάλλωμεν.
973 5513 1088 5568 Mox
1126 5513 1251 5584 Reg.
1286 5510 1696 5568 SCCUIldlISCllI"

331 5583 499 5651 primo
527 5573 850 5656 roﬁeiiwpsv'.
891 5587 1082 5641 Statim
1127 5573 1276 5638 Coll).
1322 5595 1545 5653 quartus
1585 5585 1698 5636 ἔστι

227 5690 329 5789 (95)
366 5723 514 5777 (Iolh.
568 5735 789 5784 quartus
837 5725 1037 5779 ἐκάλει.
1083 5722 1277 5781 Ibidem
1329 5739 1517 5778 novem
1568 5740 1693 5777 mss.

162 5795 273 5841 cum
315 5794 542 5851 editione
578 5793 737 5850 Basrl.
785 5797 1000 5867 Ἐπειδὴ
1033 5791 1183 5857 οὗτός
1223 5796 1354 5846 ἐστι.
1394 5796 1563 5848 Ειίὶιίο
1604 5795 1702 5848 Pa-

1800 4595 1914 4663 ejus
1941 4593 2200 4661 eﬂugiat?
2237 4594 2396 4649 Vens.
2427 4594 2480 4647 5.
2516 4593 2692 4661 Diligit
2739 4595 3144 4646 misericordiam
3185 4603 3234 4645 et
3267 4592 3360 4661 ju-

1800 4687 1994 4739 dicium
2049 4685 2302 4739 Dominus
2346 4699 2365 4737 :
2411 4687 2772 4740 misericordia
2823 4686 3034 4738 Domini
3082 4686 3236 4753 plena
3278 4695 3354 4739 est

1802 4787 1962 4832 terra.
2009 4776 2065 4832 Si
2101 4777 2387 4845 separatim
2434 4786 2485 4830 et
2519 4778 2807 4830 secundum
2855 4790 2914 4830 se
2963 4775 3052 4829 Dei
3099 4776 3356 4844 judicium

1805 4869 1942 4922 foret
1972 4886 1984 4922 :
2020 4869 2090 4922 ita
2128 4877 2185 4922 ut
2234 4869 2387 4922 nobis
2417 4883 2601 4922 severe
2644 4883 2739 4935 pro
2771 4869 2976 4922 meritis
3012 4882 3196 4921 eorum
3241 4884 3360 4936 qure

1804 4963 2030 5033 egimus,
2061 4963 2398 5029 rependeret,
2441 4977 2557 5028 qua:
2595 4976 2717 5030 spes
2763 4962 3100 5030 superesset?
3141 4961 3262 5029 quis
3293 4975 3360 5013 ex

1801 5055 2048 5107 omnibus
2081 5054 2262 5107 salvus
2299 5053 2481 5106 ﬁeret?
2520 5053 2672 5108 Nunc
2713 5067 2887 5106 autem
2931 5052 3113 5122 Diligit
3152 5054 3360 5104 miseri-

1804 5145 2039 5198 cordiam
2084 5155 2132 5200 et
2182 5147 2466 5215 judicium.
2514 5145 2868 5215 Posteaquam
2935 5145 3357 5201 misericordiam

1801 5444 1893 5498 ris.
1938 5441 2152 5512 Ὲπειδὴ
2184 5439 2345 5510 εὑοής
2373 5439 2505 5512 ἐστι.

1874 5514 1986 5580 (96)
2029 5507 2178 5566 Coll}.
2207 5507 2430 5577 quartus
2475 5507 2807 5578 ὑφεξείλατο.
2841 5510 2970 5574 Reg.
3005 5507 3193 5563 tertius
3237 5521 3359 5557 cum

1803 5583 2170 5674 (Polli-“prium
2216 5580 2545 5647 ὑφεξείλετο.
2602 5581 2750 5649 Regii
2808 5592 3031 5648 quartus
3081 5589 3132 5634 et
3181 5591 3364 5631 sums

1803 5669 2130 5719 υπεςειλετο.

1877 5724 1987 5790 (97)
2025 5723 2174 5775 Colb.
2202 5732 2424 5788 quartus
2458 5719 2601 5773 θείου
2636 5719 2993 5790 βουλήματος.

1874 5795 1984 5864 (98)
2029 5793 2157 5862 llcg.
2193 5793 2380 5848 tertius
2421 5792 2629 5860 φεύγει.
