4068 6318
685 299 790 354 355'

671 516 864 568 ponens
892 500 943 549 in
971 498 1224 549 thesauris
1253 502 1484 565 abyssos.
1536 498 1650 551 Non
1679 499 1833 561 dixit,
1883 500 2224 568 Congregans

673 604 844 660 aquas
878 591 1040 645 maris
1071 590 1209 642 sicut
1235 591 1286 642 in
1322 600 1460 652 utre,
1495 591 1611 655 sed,
1648 588 1716 642 Ut
1754 601 1937 652 utrem,
1962 590 2033 642 ita
2059 605 2226 661 aquas

673 685 838 738 utaris
891 696 1238 753 congregans.
1292 683 1407 738 Jam
1463 698 1591 738 vero
1652 686 1958 746 considera,
2018 699 2222 754 quaeso,

672 773 809 827 utris
844 785 1118 838 naturam,
1153 791 1274 843 quae
1305 792 1443 830 nunc
1465 775 1676 844 quidem
1709 776 1940 841 inflatur,
1985 792 2106 830 cum
2139 790 2225 829 co-

673 863 811 916 rium
849 864 1137 921 intercluso
1179 865 1367 936 Spiritu
1418 868 1711 922 distentum
1751 879 1866 932 est;
1921 884 2060 924 nunc
2102 881 2227 919 vero

673 956 1032 1018 contrahitur,
1069 973 1187 1009 cum
1227 957 1385 1011 ﬂatus
1429 959 1516 1014 ille
1558 975 1662 1029 quo
1701 958 2104 1013 distendebatur
2145 972 2229 1011 sc-

675 1047 858 1101 cessit.
916 1048 1008 1102 Sic
1059 1049 1239 1116 itaque
1292 1067 1442 1106 mare
1487 1051 1772 1122 aliquando
1813 1051 2120 1105 intumescit
2166 1063 2229 1102 ac

677 1132 980 1190 effervescit
1034 1138 1208 1192 ventis
1250 1140 1528 1194 eﬂeratum
1564 1157 1623 1194 ac
1658 1149 1892 1202 tumens,
1947 1141 2230 1209 aliquando

645 1239 805 1280 ivero
846 1242 1028 1281 rursus
1075 1230 1465 1296 tranquillitate
1521 1233 1573 1284 in
1620 1231 1820 1285 humile
1874 1231 2226 1286 contrahitur.

681 1316 844 1386 Igitur
875 1327 931 1371 ιιι
954 1329 1149 1383 utrem,
1194 1321 1265 1372 ita
1294 1321 1562 1374 contrahit
1602 1336 1665 1373 ac
1691 1321 1940 1388 deprimit
1979 1320 2232 1373 Dominus

680 1424 870 1478 aquam
914 1413 1097 1466 maris.
1139 1411 1441 1467 Invenimus
1486 1423 1660 1466 autem
1709 1414 1757 1466 in
1792 1413 2105 1482 quihusdam
2134 1429 2230 1464 ex-

677 1504 1031 1574 emplaribus,
1072 1504 1402 1577 Congregans
1429 1506 1560 1559 velut
1603 1507 1656 1558 in
1688 1518 1800 1560 utre
1827 1524 1988 1576 aquas
2023 1508 2180 1560 maris
2214 1522 2231 1558 :

680 1597 877 1664 quibus
923 1599 1102 1653 verbis
1148 1601 1212 1653 ad
1258 1609 1489 1652 veterem
1558 1599 1839 1653 historiam
1902 1600 2232 1663 deducimur,

683 1701 803 1739 cum
838 1704 987 1744 mare
1018 1690 1277 1756 Rubrum,
1316 1691 1528 1744 nemine
1555 1691 1606 1744 id
1646 1705 1816 1760 neque
1849 1691 2118 1745 dividente
2146 1707 2236 1744 ne-

685 1795 792 1848 que
820 1786 1153 1844 continente.
1179 1784 1353 1852 ipsum
1385 1786 1453 1839 ad
1483 1802 1540 1840 se
1565 1787 1735 1855 ipsum
1767 1797 2098 1839 contractum
2133 1794 2233 1845 est,

683 1875 834 1941 quasi
872 1875 921 1927 in
958 1883 1075 1927 utre
1117 1878 1348 1944 quodam
1387 1877 1717 1944 colligatum,
1773 1877 1954 1929 divino
1987 1877 2236 1929 mandato

686 1963 811 2014 illud
839 1961 1033 2016 eﬂttndi
1067 1979 1169 2018 non
1211 1965 1437 2020 sinente.
1474 1964 1700 2026 Patiens,
1732 1964 1923 2032 inquit,
1960 1967 2012 2016 in
2041 1966 2239 2017 thesau-

683 2055 754 2106 ris
788 2061 1024 2125 abyssos.
1067 2056 1196 2110 Erat
1246 2057 1521 2113 sententiae
1561 2057 1828 2110 communi
1890 2057 2059 2124 magis
2111 2072 2238 2109 con-

686 2163 876 2214 gruum
912 2149 1090 2204 dicere
1136 2168 1149 2203 :
1192 2151 1402 2204 Poncns
1446 2151 1496 2205 in
1538 2151 1743 2221 abyssis
1775 2152 2056 2202 thesauros
2096 2148 2239 2202 :hoc

683 2248 785 2301 est,
837 2240 888 2292 in
953 2243 1211 2310 mysterio
1269 2242 1486 2296 divitias
1551 2243 1831 2294 continens
1892 2254 2038 2294 suas.
2089 2237 2240 2291 Nunc

679 2347 810 2386 vero
853 2334 994 2386 velut
1040 2349 1167 2401 opes
1194 2334 1448 2404 qttasdam
1481 2334 1677 2388 divinis
1715 2332 1982 2387 thesauris
2029 2330 2237 2400 dignas,

682 2426 907 2496 abyssos
933 2427 1076 2493 ipsas
1116 2443 1235 2483 esse
1276 2427 1424 2482 dicit.
1461 2426 1713 2493 Nunquid
1755 2441 1882 2492 ergo
1925 2425 2111 2494 judicii
2157 2423 2238 2476 di-

687 2520 798 2574 vini
840 2521 1075 2575 rationcs
1123 2521 1512 2576 inenarrabiles
1567 2531 1619 2576 et
1655 2523 1886 2574 luunano
1935 2518 2111 2587 captui
2157 2516 2240 2569 in-

683 2611 1219 2680 comprehensibiles,
1253 2613 1430 2682 abyssi
1464 2612 1735 2672 dicuntur,
1763 2624 1881 2662 cum
1923 2610 1973 2662 in
2008 2608 2118 2662 sola
2149 2606 2238 2660 Dei

683 2705 993 2772 cognitione
1029 2705 1275 2771 repositm
1306 2705 1414 2756 sint
1458 2704 1714 2766 rationes,
1767 2699 1920 2768 juxta
1965 2713 2100 2767 quas
2132 2697 2241 2748 siu-

683 2794 804 2864 gula
829 2796 1182 2850 moderatur?
1219 2795 1372 2862 Quod
1403 2796 1544 2850 enim
1578 2795 1683 2848 lata
1712 2794 1778 2847 de
1806 2789 2239 2862 singulisjudicia

682 2888 910 2957 abyssus
969 2896 1152 2940 vocata
1196 2888 1323 2951 sint,
1369 2890 1420 2941 iu
1456 2888 1560 2941 alio
1609 2887 1814 2957 psalmo
1854 2886 2138 2939 didicimus
2170 2884 2243 2936 di-

684 2987 858 3042 cente,
888 2977 1104 3032 Judicia
1149 2990 1238 3033 tua
1293 2980 1508 3049 abyssus
1535 2979 1700 3032 multa
1721 2979 1787 3034 “.
1834 2978 2168 3047 Quapropter
2197 2975 2240 3027 si

685 3071 905 3139 qureris,
935 3086 1052 3136 cur,
1094 3072 1200 3125 vita
1235 3074 1532 3142 peccaturis
1557 3083 1861 3141 prorogata,
1894 3071 2020 3140 justi
2051 3071 2163 3123 dies
2190 3069 2239 3120 in

686 3163 787 3216 hoc
821 3163 1114 3218 incolarum
1139 3165 1255 3220 loco
1281 3169 1613 3229 brevientnr,
1632 3183 1727 3219 cur
1752 3167 1978 3234 iujustus
2007 3163 2238 3217 secunda

689 3261 876 3305 utatur
903 3251 1143 3319 fortuna,
1171 3254 1347 3320 justus
1383 3258 1626 3319 adversa,
1659 3273 1756 3309 cur
1777 3257 1844 3307 sit
1875 3253 2127 3324 puerulus
2159 3270 2244 3305 ra-

688 3353 811 3410 ptus
828 3353 952 3396 ante
966 3346 1139 3398 aetatis
1165 3346 1567 3413 perfectionem,
1591 3348 1729 3400 unde
1747 3346 1901 3410 lbella,
1921 3361 2014 3399 cur
2033 3345 2244 3398 naufra-

686 3432 796 3502 gia,
836 3445 991 3486 teme
1013 3446 1207 3499 motus,
1246 3436 1540 3498 siccitates,
1574 3437 1783 3505 pluviae,
1828 3453 1926 3491 cur
1957 3451 2074 3504 quae
2113 3435 2243 3488 leta-

683 3523 907 3578 lia'sunt
933 3527 1239 3582 hominibus
1255 3542 1436 3584 creata
1470 3531 1596 3590 sint,
1624 3531 1778 3600 137
1801 3547 1898 3585 cur
1922 3530 2008 3584 hic
2037 3544 2244 3591 servus,

687 3616 778 3671 ille
808 3616 965 3683 liber,
1005 3635 1101 3672 cur
1132 3621 1267 3674 alius
1290 3623 1459 3686 dives,
1486 3624 1620 3676 alius
1651 3638 1852 3692 panper
1881 3631 2062 3692 (atque
2085 3622 2243 3675 etiam

688 3708 915 3763 multum
950 3721 1033 3764 est
1062 3711 1391 3765 discriminis
1427 3713 1477 3764 in
1519 3716 1753 3779 peccatis
1783 3729 1845 3766 ac
1877 3723 2020 3766 recte
2045 3714 2195 3765 factis
2231 3733 2243 3765 :

690 3800 807 3854 haec
843 3801 984 3854 enim
1015 3802 1149 3854 lenae
1173 3802 1407 3866 vendita,
1434 3803 1481 3853 vi
1520 3802 1569 3854 itt
1616 3811 1832 3868 peccato
1863 3813 1966 3864 est,
2007 3801 2090 3852 illa
2118 3815 2246 3854 vero

687 3892 757 3947 ab
784 3892 938 3945 initio
978 3894 1163 3947 heram
1209 3894 1404 3948 bonam
1458 3904 1634 3959 nacta,
1685 3893 1736 3945 in
1771 3893 2078 3962 virginitate
2111 3895 2246 3945 edu-

688 3996 806 4038 cata
844 3985 968 4054 est),
1001 3999 1099 4038 cur
1124 3986 1237 4039 hac
1287 3985 1478 4040 affecta
1531 3986 1790 4040 beneficio
1834 3987 1901 4039 sit
1946 4003 1958 4039 :
1996 3985 2081 4039 illa
2120 4001 2246 4040 vero

687 4078 1048 4132 condemnata
1079 4095 1093 4144 ;
1143 4088 1197 4132 et
1230 4080 1356 4148 quid
1382 4080 1451 4134 sit
1473 4081 1760 4148 unicuique
1787 4081 1977 4133 horum
2012 4096 2038 4132 a
2071 4080 2248 4148 judice

690 4169 1097 4223 retribuendum
1124 4189 1137 4234 ;
1170 4173 1366 4240 quibus
1393 4171 1645 4224 omnibus
1677 4172 1768 4223 tibi
1801 4171 1851 4222 in
1885 4181 2116 4224 mentem
2163 4186 2251 4223 ve-

690 4261 984 4324 nientibus,
1033 4263 1206 4322 cogita
1259 4263 1347 4314 Dei
1379 4263 1579 4330 judicia
1632 4263 1857 4331 abyssos
1904 4278 2041 4326 esse,
2081 4277 2176 4315 nec
2220 4278 2248 4313 a

693 4350 937 4417 quolibet
979 4349 1136 4404 facile
1162 4350 1544 4419 comprehendi
1579 4365 1756 4417 posse.
1790 4354 1929 4418 quod
1968 4353 2017 4403 in
2059 4351 2250 4404 divinis

2011 297 2065 350 S.
2110 295 2348 348 BASILII
2389 295 2598 347 MAGNI

751 413 801 465 5.
836 413 991 463 Vens.
1019 412 1068 462 7.
1109 411 1436 478 Congregam
1482 415 1612 464 sicut
1647 424 1808 462 utrem
1841 427 2002 476 aqua:
2041 414 2220 471 maris,
2251 413 2294 466 Α

2395 409 2445 460 5.
2468 413 2745 474 Συναγων
2763 411 2841 472 ὡς
2862 408 3053 458 ἀσκὸν
3078 409 3261 460 ὕδατα
3280 409 3628 473 θαλάσσης,
3652 405 3902 468 τιθεὶςὲν

2326 494 2650 564 θησαυροῖς
2681 497 3010 558 ἀϐύσσους.
3044 497 3154 551 Οὐκ
3185 493 3324 559 εἷπε,
3343 496 3605 563 Συνάγων
3643 496 3720 548 τὰ
3755 495 3902 547 ὕδατα

2325 587 2424 656 τῆς
2463 587 2732 656 θαλάσσης
2760 589 2834 651 ὡς
2863 590 2920 640 ὲν
2948 588 3120 657 ἀσκῷ,
3144 590 3254 642 ἀλλ’
3296 592 3385 656 Ὡς
3404 587 3630 649 ἀσκὸν,
3674 588 3822 639 οὕτω
3848 587 3904 638 τὰ

2327 676 2494 730 ὕδατα
2526 680 2621 748 τῆς
2648 677 2919 750 Θαλάσσης
2946 679 3206 746 συνάγων.
3243 682 3447 751 Νόησον
3471 679 3529 732 δέ
3567 695 3671 749 μοι
3703 678 3901 745 τὴντου

2328 770 2497 822 ἀσκοῦ
2523 771 2700 838 φύσιν,
2729 769 2821 821 νῦν
2852 773 2947 841 μὲν
2974 771 3404 843 διαφυσωμένην,
3436 775 3561 826 ὅταν
3589 770 3687 840 τῷ
3716 773 3905 820 ἐναπο-

2327 859 2580 931 ληφθέντι
2617 863 2724 931 (ill)
2761 865 3028 933 πνεύματι
3068 863 3126 915 τὸ
3155 863 3326 933 δέρμα
3373 864 3644 935 περιταθῇ
3672 879 3689 892 ⁸
3731 859 3828 911 νῦν

2331 957 2772 1026 συστελλομένην,
2815 958 2940 1009 ὅταν
2971 958 3294 1029 ὑποχωρήσῃ
3329 957 3388 1009 τὸ
3424 958 3722 1012 διατεῖνον.
3759 955 3910 1008 Οὕτω

2328 1050 2506 1102 τοίνυν
2535 1052 2567 1121 ἡ
2591 1050 2827 1105 θάλασσα
2859 1051 2985 1102 ποτὲ
3019 1053 3114 1121 μὲν
3145 1051 3520 1120 ἐκφλεγμαίνει
3549 1052 3646 1102 καὶ
3692 1049 3784 1112 ζεῖ
3809 1051 3912 1109 τοῖς

2332 1141 2632 1210 πνεύμασιν
2672 1141 3053 1213 ἀγριαινομένη
3101 1146 3192 1196 καὶ
3235 1143 3619 1208 ἐξοιδαίνουσα“
3671 1141 3812 1191 ποτὲ
3861 1139 3914 1190 δὲ

2334 1234 2493 1286 πάλιν
2526 1235 2628 1284 ὑπὸ
2661 1234 2899 1305 γαλήνης
2934 1235 3011 1294 είς
3035 1235 3286 1287 ταπεινὸν
3326 1232 3781 1287 καταστέλλεται.
3845 1230 3914 1289 Ως

2332 1325 2423 1382 οῦν
2453 1327 2637 1390 ἀσκὸν,
2668 1328 2836 1389 οὕτως
2860 1325 3128 1380 συστέλλει
3151 1329 3242 1379 καὶ
3273 1331 3510 1380 ταπεινοί
3543 1327 3599 1378 το
3627 1325 3790 1394 ὕδωρ
3817 1322 3912 1389 τῆς

2336 1417 2606 1487 θαλάσσης
2641 1419 2667 1469 ο
2706 1419 2924 1489 Κύριος.
2957 1417 3201 1487 Εὒρομεν
3226 1418 3332 1488 (Η)
3355 1417 3408 1468 δὲ
3443 1418 3494 1468 ἓν
3526 1433 3634 1468 τισι
3672 1417 3791 1468 τῶν
3825 1415 3916 1465 ἀν-

2335 1510 2631 1580 τιγράφων,
2676 1512 2721 1561 Σ
2729 1510 2958 1577 υνάγων
3012 1510 3091 1574 ὡς
3134 1509 3202 1561 ἐν
3252 1507 3418 1572 ἀσκῷ
3449 1507 3632 1559 ὕδατα
3678 1508 3920 1559 θαλάσ-

2339 1619 2475 1667 σης,
2514 1602 2604 1653 ἐπὶ
2628 1600 2726 1671 τὴν
2759 1600 2993 1654 παλαιὰν
3023 1603 3258 1671 ἱστορίαν
3295 1601 3385 1653 τοῦ
3408 1600 3562 1667 λόγου
3588 1600 3752 1668 ἡμᾶς
3781 1597 3920 1648 ἀνα-

2340 1694 2664 1764 πέμποντος,
2705 1695 2791 1745 ὅτε
2826 1696 2857 1764 ἡ
2910 1694 3141 1766 Ἐρυθρὰ
3171 1692 3427 1755 θάλασσα,
3474 1691 3693 1753 οὐδενὸς
3740 1688 3920 1755 αὐτὴν

2336 1783 2684 1854 διαιροῦντος,
2707 1785 2826 1837 οὐδὲ
2852 1786 3179 1854 συνέχοντος,
3211 1785 3344 1854 αὑτὴ
3381 1784 3508 1855 πρὸς
3537 1782 3744 1852 ἑαυτὴν
3794 1798 3919 1833 συν-

2337 1878 2598 1942 ειστήκει,
2632 1871 2741 1929 οἷον
2783 1876 2933 1944 ἀσκῷ
2966 1893 3068 1928 τινι
3103 1875 3410 1946 ἐνδεδεμένη
3453 1877 3582 1944 (li).
3623 1874 3729 1928 τοῦ
3769 1873 3918 1926 θείου

2339 1967 2752 2038 προστάγματος
2780 1967 3114 2037 προχυθῆναι
3139 1969 3304 2039 αὐτὴν
3324 1969 3420 2019 οὐκ
3442 1968 3650 2030 ἐῶντος.
3693 1970 3743 2019 Τ
3739 1968 3917 2028 ιθεὶς.

2339 2060 2520 2128 φησιν,
2553 2061 2621 2112 ἐν
2643 2059 2962 2127 θησαυροῖς
2990 2060 3316 2123 ἁὲύσσους.
3357 2059 3814 2127 Ἀκολουθότερον

2336 2154 2409 2217 ὡς
2444 2155 2580 2224 πρὸς
2606 2155 2699 2224 τὴν
2727 2155 2910 2224 κοινὴν
2943 2154 3146 2206 ἔννοιαν
3188 2155 3377 2218 εἰπεῖν,
3409 2154 3582 2216 Τιθεὶς
3628 2155 3686 2203 ἐν
3742 2149 3921 2202 d633-

2342 2262 2451 2307 σοις
2496 2246 2618 2306 τοὺς
2667 2244 3004 2316 θησαυρούς·
3049 2245 3340 2308 τουτέστιν,
3383 2247 3438 2298 ὲν
3468 2241 3755 2314 μυστηρίῳ
3795 2257 3921 2292 συνο

2340 2337 2474 2404 έχων
2504 2337 2594 2388 τὸν
2627 2337 2815 2389 ἑαυτοῦ
2844 2337 3084 2389 πλοῦτον.
3120 2337 3231 2388 Νῦν
3261 2337 3314 2390 δὲ
3347 2338 3528 2404 ὥσπερ
3559 2333 3681 2385 τινὰ
3714 2334 3922 2402 7.51331-

2341 2428 2428 2481 λια
2455 2427 2575 2492 ἄξια
2597 2428 2703 2482 τῶν
2728 2428 2884 2481 θείων
2921 2428 3205 2500 θησαυρῶν
3233 2429 3328 2491 τὰς
3359 2428 3620 2486 ἀϐύσσους
3641 2421 3794 2477 εἶναί
3827 2443 3923 2502 εἰη.

2343 2537 2415 2575 σι.
2448 2523 2670 2592 Μήποτε
2700 2516 2790 2574 οὖν
2823 2522 2869 2573 οἱ
2897 2523 3020 2592 περὶ
3049 2521 3146 2590 τῆς
3169 2520 3315 2576 θείας
3341 2519 3567 2589 κρίσεως
3598 2517 3779 2586 λόγοι,
3819 2520 3918 2587 ἆῤ-

2345 2617 2494 2684 ρητοι
2543 2613 2693 2675 ὄντες
2732 2614 2823 2665 καὶ
2868 2613 3234 2682 ἀκατάληπτοι
3274 2614 3390 2671 ταῖς
3430 2608 3808 2680 ἀνθρωπίναις
3839 2610 3920 2659 ὲν-

2341 2706 2528 2767 νοίαις,
2565 2704 2785 2755 ἄϐυσσοι
2816 2703 3078 2770 λέγονται,
3102 2705 3158 2755 ἐν
3182 2701 3314 2771 μόνη
3333 2700 3519 2772 τῇ1τοῦ
3547 2699 3678 2753 Θεοῦ
3709 2700 3919 2767 γνώσει

2342 2795 2712 2864 ἀποκειμένων
2773 2795 2878 2846 τῶν
2921 2794 3111 2861 λόγων,
3169 2792 3288 2846 καθ’
3333 2793 3662 2856 οὖς’ἓκαστα
3705 2793 3921 2843 οἰκονο-

2346 2891 2437 2959 μεῖ
2466 2888 2573 2957 (15)
2597 2904 2609 2951 ;
2634 2884 2758 2938 Ὅτι
2789 2887 2892 2957 γὰρ
2921 2887 2987 2938 τὰ
3014 2886 3139 2958 περὶ
3160 2887 3383 2938 ἕκαστον
3408 2887 3646 2954 κρίματα
3675 2883 3919 2944 ἄϐυσσος

2347 2976 2776 3050 προσηγορεύθη,
2813 2979 2868 3028 ὲν
2904 2978 3072 3048 ἑτέρῳ
3105 2977 3300 3046 ψαλμῷ
3329 2971 3678 3040 δεδιδάγμεθα
3722 2973 3917 3039 λέγον-

2344 3087 2429 3122 τι·
2463 3073 2536 3123 Τὰ
2562 3067 2809 3137 χρίματὰ
2838 3084 2951 3122 σου
2987 3069 3251 3130 ἄϐυσσος
3281 3063 3498 3128 πολλή.
3536 3064 3660 3116 Ἐὰν
3681 3060 3780 3116 οῦν
3807 3066 3920 3114 ἑπι-

2347 3163 2533 3232 ζητῇς.
2563 3162 2646 3214 διὰ
2673 3163 2723 3214 τί
2751 3161 2842 3214 τοῦ
2878 3162 2973 3230 μὲν
3004 3159 3323 3231 ἁμαρτωλοῦ
3367 3161 3398 3230 ὴ
3435 3158 3544 3228 ζωὴ
3585 3158 3920 3227 παρατείνε-

2343 3272 2450 3317 ται,
2473 3255 2566 3306 τοῦ
2593 3253 2647 3305 δὲ
2681 3254 2885 3306 δικαίου
2908 3256 2961 3305 αἱ
2984 3254 3183 3322 ἡμέραι
3218 3253 3313 3322 τῆς
3340 3253 3626 3322 παροικίας
3652 3254 3697 3320 (ι
3715 3252 3768 3314 4)
3805 3267 3922 3301 συν-

2341 3349 2645 3417 τέμνονται,
2694 3346 2779 3399 διὰ
2832 3347 2881 3398 τί
2924 3349 2951 3398 ὁ
2999 3347 3096 3415 μὲν
3149 3346 3329 3408 ἄδικος
3388 3345 3713 3416 εὐθηνείται,
3775 3345 3806 3395 ὁ
3865 3343 3917 3395 δὲ

2341 3440 2545 3503 δίκαιος
2578 3439 2832 3501 θλίϐεται,
2859 3439 2943 3492 διὰ
2981 3439 3030 3490 τί
3061 3437 3121 3491 τό
3147 3439 3351 3493 παιδίον
3377 3441 3503 3508 πρὶν
3529 3440 3603 3499 εἰς
3636 3436 3919 3488 τελείωσ;ν

2344 3531 2512 3585 ἐλθεῖν
2547 3531 2889 3603 ἀνηρπάσθη,
2918 3530 3076 3584 πόθεν
3101 3530 3342 3598 πόλεμοι,
3375 3529 3460 3581 διὰ
3493 3529 3540 3579 τί
3568 3528 3634 3579 τὰ
3655 3530 3914 3596 ναυάγια,

2345 3627 2392 3676 οἱ
2429 3625 2658 3694 σεισμοὶ,
2688 3626 2735 3675 οἱ
2761 3624 2976 3697 αὐχμοὶ,
3015 3626 3068 3675 αἱ
3104 3622 3417 3691 ἐπομϐρίαι,
3449 3619 3536 3672 διὰ
3567 3618 3614 3669 τί
3647 3619 3718 3671 τὰ
3743 3622 3916 3689 φθαρ-

2344 3713 2469 3766 τικὰ
2517 3714 2623 3765 τῶν
2653 3712 2951 3784 ἀνθρώπων
2996 3713 3469 3781 δεδημιούργηται,
3515 3709 3602 3761 διὰ
3639 3711 3693 3761 τί
3742 3713 3770 3762 ὁ
3818 3711 3916 3779 μὲν

2344 3804 2545 3867 δοῦλος,
2577 3807 2603 3856 ὁ
2652 3806 2705 3856 δὲ
2741 3804 3039 3872 ἐλεύθερος,
3084 3806 3110 3854 ὁ
3157 3804 3254 3872 μὲν
3279 3802 3511 3864 πλουτεῖ,
3546 3804 3573 3853 ὁ
3603 3802 3656 3855 δὲ
3691 3803 3914 3856 πένεται

2345 3896 2500 3960 (πολὺ
2533 3896 2588 3948 δὲ
2618 3898 2710 3948 καὶ
2741 3898 2796 3946 ὲν
2825 3897 2935 3956 τοῖς
2963 3896 3422 3965 ἁμαρτανομένοις
3468 3892 3500 3964 ἦ
3545 3895 3915 3965 κατορθουμέ-

2345 4004 2454 4048 νοις
2485 3987 2600 4038 ἐστὶ
2629 3987 2690 4039 τὸ
2713 3986 2991 4056 διάφορον·
3029 3988 3061 4056 ὴ
3105 3985 3201 4054 μὲν
3243 3985 3350 4055 γὰρ
3387 3984 3734 4054 πορνοϐοσκῷ
3770 3997 3914 4058 πρα-

2347 4079 2498 4132 θεῖσα.
2529 4078 2661 4149 πρὸς
2686 4079 2927 4148 ἀνάγκην
2957 4077 3100 4129 ἐστὶν
3123 4077 3179 4130 ὲν
3213 4078 3274 4146 τῇ
3310 4076 3580 4146 ἁμαρτίᾳ·
3609 4078 3639 4146 ὴ
3669 4076 3725 4127 δὲ
3755 4076 3913 4140 εὐθὺς

2349 4171 2559 4241 ἀγαθῆς
2600 4171 2711 4238 (15':
2739 4170 3023 4238 δεσποίνης
3065 4169 3395 4238 ἐπιτυχοῦσα
3428 4169 3794 4238 συνεξετράξη
3850 4174 3910 4239 τῇ

2349 4263 2656 4333 παρθενίᾳ),
2713 4261 2798 4313 διὰ
2829 4261 2879 4312 τί
2913 4259 3048 4330 αὕτη
3101 4261 3195 4328 μὲν
3233 4259 3592 4329 εὐηργετήθη.
3642 4260 3824 4329 ἐκείνη
3861 4261 3911 4311 δὲ

2350 4353 2706 4423 κατεδικάσθη
2728 4370 2740 4382 °
2771 4353 2953 4413 καὶτίς
2977 4354 3008 4420 ἡ
3040 4353 3120 4418 ἐφ’
3146 4352 3372 4402 ἑκάστου
3405 4350 3513 4419 (16)
3537 4350 3741 4402 τούτων
3767 4352 3912 4419 παρὰ

694 4444 962 4500 thesauris
991 4443 1244 4497 conclusa
1280 4452 1423 4497 sunt.
1467 4441 1570 4496 Sed
1611 4453 1665 4494 et
1698 4443 1932 4496 credenti
1974 4445 2095 4496 data
2128 4460 2241 4512 pro-

2353 4446 2446 4497 τοῦ
2480 4444 2662 4514 κριτοῦ
2705 4442 3088 4503 ἀνταπόδοσις’
3130 4441 3300 4494 ταῦτα
3331 4440 3506 4494 πάντα
3532 4441 3712 4494 λαϐὼν
3733 4445 3810 4505 είς
3841 4445 3914 4492 ἕν-

693 4536 880 4589 missio
916 4545 999 4589 est
1028 4551 1056 4588 a
1101 4535 1228 4595 Deo.
1264 4535 1528 4596 νὶιΙνΙίοθι,
1572 4535 1719 4588 Dabo
1741 4535 1833 4587 tibi
1860 4536 2127 4589 thesauros
2153 4541 2248 4588 ab-

691 4627 956 4681 sconditos
979 4637 1024 4680 et
1059 4627 1341 4680 invisibiles
1368 4628 1434 4679 τ’.
1477 4625 1764 4696 Postquam
1799 4628 1958 4696 igitur
1978 4642 2039 4679 ea
2073 4628 2251 4696 cogni-

694 4720 837 4774 tione
862 4734 983 4790 qute
1006 4731 1090 4774 εει
1122 4721 1259 4775 facie
1281 4719 1343 4772 ad
1367 4718 1580 4785 faciem,
1609 4719 1749 4788 digni
1780 4718 1944 4772 habiti
1970 4719 2246 4784 fuerimus,

766 4938 810 4971 τι
842 4937 982 4992 Psal.
1025 4952 1187 5003 xxxv,
1230 4938 1282 4993 7.
1362 4938 1407 4969 η
1445 4939 1546 4992 lsn.
1579 4955 1702 5003 va,
1735 4939 1787 4992 5.

771 5120 883 5191 (Νι)
911 5118 1449 5191 (Ζοιιιοτῑὶιιίηρτὶηιυς
1480 5127 1534 5170 et
1557 5129 1782 5191 quartus
1803 5117 2256 5191 ἐναπολειφθέντι.

696 5189 838 5248 Editi
866 5189 992 5244 vero
1038 5200 1092 5244 et
1148 5189 1234 5241 alii
1265 5204 1392 5242 mss.
1433 5189 1882 5259 ἐναποληφθέντι.
1925 5190 2080 5243 bene.
2143 5189 2261 5242 Mox

700 5263 833 5331 Heg.
895 5261 1086 5313 tertius
1118 5260 1532 5331 ὲμφλεγμαίνει.
1574 5257 1794 5331 Neeita
1841 5260 2007 5312 multo
2041 5268 2158 5325 post
2189 5275 2266 5311 se-

699 5329 842 5401 ptein
878 5347 1007 5384 mss.
1043 5332 1120 5393 εἰς
1158 5329 1417 5383 ταπεινὸν
1447 5329 1918 5401 Ᾱκαταστέλλουσα.
1964 5331 2101 5382 Editi
2141 5344 2262 5383 cum

697 5399 1016 5471 quibusdam
1050 5416 1179 5454 mss.
1207 5399 1639 5454 καταστέλλεται.

772 5470 881 5540 (Η)
931 5471 1082 5524 Colb.
1133 5483 1354 5538 quartus
1407 5471 1665 5541 εὕραμεν.
1723 5469 1916 5524 Statim
1970 5469 2260 5523 Colbertini

697 5543 996 5613 prinruset
1020 5553 1244 5609 quartus
1273 5543 1347 5604 ὡς
1380 5544 1459 5604 εἰς
1481 5542 1664 5594 ἀσκόν.

772 5611 881 5680 (12)
917 5611 1047 5678 Reg.
1094 5616 1360 5665 secundus
1394 5613 1446 5665 in
1489 5621 1738 5665 cnntextu
1773 5610 2108 5680 ἐνδεδεμένη,
2150 5610 2259 5661 rin-

700 5694 837 5736 rtum
869 5696 889 5737 :
935 5683 1029 5737 sed
1071 5682 1209 5737 idem
1268 5684 1433 5738 codex
1471 5682 1735 5752 vulgatam
1779 5683 2086 5744 lectionem,
2121 5680 2261 5733 ἐνδε-

2355 4552 2520 4598 νοιαν,
2558 4533 2906 4604 ἐνθυμήθητι,
2934 4533 3013 4584 ὅτι
3045 4532 3274 4595 ἄϐυσσος
3303 4534 3416 4584 ἐστι
3455 4534 3522 4586 τὰ
3549 4534 3789 4603 κρίματα
3822 4535 3910 4586 τοῦ

2355 4625 2510 4687 Θεοῦ,
2547 4625 2640 4678 καὶ
2700 4625 2776 4692 τῷ
2820 4626 2930 4686 τοῖς
2980 4622 3266 4694 θησαυροῖς
3298 4626 3407 4686 τοῖς
3455 4623 3618 4688 θείοις
3667 4629 3914 4678 ὲναποκε·

2357 4718 2617 4784 κλεῖσθαι,
2650 4717 2750 4775 οὐκ
2780 4715 3018 4787 εὔληπτα
3043 4719 3152 4779 τοῖς
3174 4715 3413 4788 τυχοῦσι.
3439 4717 3549 4770 Καὶ
3585 4717 3664 4789 τῷ
3697 4719 3910 4770 πιστεύ-

2359 5114 2584 5185 δυμένη,
2622 5114 2829 5181 praefert
2865 5115 3150 5183 quoquein
3180 5117 3438 5178 margine.

2433 5187 2544 5257 (ίδ)
2579 5185 2824 5257 Nonnulli
2853 5201 2982 5257 mss.
3008 5187 3389 5255 οἰκονομεῖται.
3431 5186 3533 5238 Alii
3559 5187 3842 5256 οἰκονομεῖ.

2432 5255 2544 5325 (14)
2582 5256 2718 5307 Editi
2751 5267 2804 5308 et
2851 5256 2998 5325 llegii
3053 5269 3274 5322 quartus
3303 5266 3355 5308 et
3401 5269 3584 5309 sextus
3612 5255 3905 5310 cntn’tInlb.

2362 5337 2589 5393 septimo
2623 5326 2678 5377 αἱ
2736 5327 2936 5396 ἡμέραι
2968 5330 3068 5396 τῆς
3124 5327 3410 5396 παροικίας
3446 5341 3458 5355 ⁸
3490 5328 3582 5379 sed
3639 5328 3785 5390 illud,
3818 5329 3908 5397 τῆς

2363 5396 2669 5466 παροικίας,
2688 5397 2845 5466 deest
2883 5398 2932 5448 in
2961 5397 3138 5448 multis
3171 5414 3296 5449 ruins.

2438 5465 2548 5535 (15)
2585 5465 2735 5519 Colb.
2769 5478 2994 5536 quartus
3023 5470 3054 5536 ἡ
3092 5466 3148 5518 δὲ
3178 5467 3369 5537 ὁδηγοῦ
3404 5465 3630 5534 ἀγαθῆς,
3671 5476 3797 5531 etc.,
3831 5486 3911 5519 na-

2366 5547 2446 5589 cla
2487 5541 2662 5587 lteram
2691 5538 2894 5593 bonum.
2923 5553 3036 5605 qua?
3070 5540 3200 5588 uiam
3235 5541 3684 5589 commonstrubal.

2438 5609 2546 5676 (16)
2571 5607 2793 5659 Codices
2818 5608 3051 5660 nonnulli
3076 5608 3158 5673 ἐφ’
3189 5609 3417 5675 ἑκάστῳ.
3442 5606 3540 5658 Alii
3568 5608 3647 5674 ἐφ’
3667 5606 3905 5659 ἑκάστου.

2368 5680 2506 5732 Intra
2538 5677 2665 5746 Reg.
2702 5678 2969 5731 secundus
2994 5678 3289 5744 ἐπαγγελία
3320 5677 3531 5729 δίδοται.
