4098 6324
241 363 354 415 357

1362 365 1637 421 HOMLIA
1682 367 1746 421 IN
1789 368 2117 426 PSALMUM
2153 374 2366 430 XXXII.

3344 381 3447 433 338

240 486 360 520 οντι
387 469 439 520 δέ
459 469 751 538 ἐπαγγελία
782 469 986 526 δέδοται
1021 473 1168 543 παρὰ
1188 474 1343 538 Θεοῦ,
1378 477 1459 528 ὅτι
1492 475 1665 529 Δώσω
1698 495 1796 531 σοι

1910 481 2068 532 etiam
2110 496 2201 535 eas
2241 499 2357 549 quae
2380 486 2430 538 in
2465 486 2553 538 Dei
2589 486 2851 538 thesauris
2886 495 3010 539 sunt
3033 487 3252 553 abysso:
3284 485 3453 537 inluc-

242 558 586 626 θησαυροὺς
627 561 1029 630 ἀποκρύφους,
1075 563 1385 631 ἁοράτους.
1439 566 1681 621 Ἐπειδὰν
1711 565 1803 622 οὖν

248 645 666 718 καταξιωθῶμεν
710 647 807 718 τῆς
855 650 1139 722 πρόσωπον
1181 653 1312 722 πρὸς
1352 654 1638 723 πρόσωπον
1666 656 1798 725 γνὼ-

247 753 408 804 σεως,
440 735 676 806 ὀψόμεθα
723 740 814 792 καὶ
853 742 949 802 τὰς
991 741 1048 792 ἐν
1091 744 1200 802 τοῖς
1225 741 1507 813 θησαυροῖς
1544 743 1637 796 τοῦ
1670 747 1800 801 Θεοῦ

245 827 534 888 ἀϐύσσους.
569 827 821 897 Συνάγων
863 832 918 884 δέ
956 829 1024 882 τά
1058 831 1113 882 ἐν
1144 835 1208 903 τῇ
1248 833 1431 904 Γραφῇ
1468 835 1594 904 περὶ⁸
1623 837 1801 892 ἀσκῶν

246 922 528 991 εἰρημένα,
554 921 747 990 μᾶλλον
774 926 974 996 γενήσῃ
1008 926 1062 976 ἐν
1089 927 1328 999 περινοίᾳ
1353 928 1443 981 τοῦ
1471 928 1800 1000 βουλήματος

243 1012 343 1064 τοῦ
371 1015 698 1083 προφητικοῦ
729 1016 858 1086 (l7).
889 1017 950 1068 Oi
980 1017 1074 1085 μὲν
1096 1013 1185 1069 οὖν
1211 1020 1651 1089 ἀνακαινούμενον.
1677 1023 1801 1090 ἡμέ-

249 1120 322 1172 ρᾳ
352 1105 443 1157 καὶ
479 1106 677 1178 ἡμέρᾳ,
709 1108 911 1160 καὶτὸν
935 1109 1115 1161 καινὸν
1139 1105 1276 1163 οἶνον
1304 1113 1409 1165 ἀπὸ
1434 1110 1532 1180 τῆς
1561 1112 1799 1180 ἀμπέλου

243 1193 626 1271 τῆςῖάληθινῆς
657 1198 973 1268 χωροῦντες,
1003 1200 1156 1251 ἀσκοὶ
1197 1197 1333 1255 εἶναι
1362 1203 1605 1269 λέγονται
1639 1203 1693 1252 ἐν
1724 1200 1801 1271 τῷ

245 1286 560 1356 Εὑαγγελίῳ
583 1286 751 1338 καινοί
776 1303 788 1316 ·
821 1289 868 1339 οἱ
899 1288 953 1341 δὲ
976 1289 1196 1359 μηδέπω
1222 1292 1310 1344 τὸν
1337 1291 1557 1343 παλαιὸν
1596 1290 1802 1361 ἄνθρω-

246 1397 352 1433 πον
379 1378 692 1448 ἀποθέμενοι
721 1381 875 1432 ἀσκοί
895 1383 996 1434 εἰσι
1033 1384 1264 1446 παλαιοὶ,
1297 1384 1370 1453 μὴ
1394 1384 1674 1452 δυνάμενοι
1714 1400 1803 1435 πι-

247 1467 533 1522 στεύεσθαι
570 1471 666 1540 τὴν
701 1471 960 1544 ὑποδοχὴν
997 1474 1088 1526 τοῦ
1125 1474 1241 1526 νέου
1269 1473 1431 1524 οἴνου.
1479 1473 1663 1535 Οὐδεὶς
1694 1473 1800 1544 γὰρ

248 1559 431 1628 βάλλει
460 1557 595 1614 οἶνον
623 1561 738 1615 νέον
778 1566 856 1627 είς
893 1565 1090 1626 ἀσκοὺς
1117 1563 1393 1626 παλαιοὺς,
1431 1563 1514 1614 ἵνα
1551 1564 1623 1633 μὴ
1653 1563 1746 1616 καὶ
1773 1566 1802 1618 6

243 1643 390 1713 οἶνος
437 1650 632 1722 ἐκχυθῇ
665 1651 796 1720 (18),
837 1652 930 1704 καὶ
958 1651 1131 1718 πάντη
1164 1649 1468 1702 ἀπόλωνται
1508 1652 1701 1705 ἐκεῖνοι
1749 1653 1797 1704 οἱ

243 1742 425 1804 ἀσκοὶ,
462 1745 709 1814 οὐδεμιᾶς
755 1744 1056 1812 ἀξιούμενοι
1097 1743 1422 1815 συγγνώμης
1454 1744 1551 1810 ἔτι,
1588 1744 1680 1799 ἐὰν
1708 1746 1798 1798 τὸν

1903 569 2099 624 bimur.
2129 573 2279 637 Quod
2302 573 2346 625 si
2371 590 2430 626 ea
2459 591 2575 642 qua:
2605 577 2657 628 in
2681 573 2956 643 Scriptura
2983 574 3048 626 de
3075 574 3280 625 utribus
3310 574 3450 624 dicta

1903 674 2043 726 sntit,
2073 663 2369 732 collegeris,
2403 666 2721 730 prophetica:
2745 664 3023 718 sententia»
3044 662 3447 730 intelligentiam

1904 753 2070 819 magis
2104 755 2426 821 assequeris.
2459 752 2556 818 Qui
2604 757 2764 822 igitur
2809 756 2874 808 de
2908 755 2991 806 die
3043 754 3094 805 in
3127 753 3262 806 diem
3301 767 3451 805 reno-

1901 852 2114 902 vantur,
2147 852 2199 894 et
2221 843 2400 894 viuunt
2433 855 2624 894 novum
2649 859 2674 891 a
2701 857 2823 894 vera
2855 841 2958 894 vile
2986 838 3268 906 accipiunt,
3304 847 3451 891 utres

1902 933 2019 986 novi
2045 947 2162 986 esse
2203 934 2252 984 iii
2287 932 2572 1000 Evangelia
2609 933 2873 986 dicuntur.
2918 932 3017 1001 Qui
3065 945 3194 983 vero
3219 930 3447 982 nondum

1903 1036 2133 1078 veterem
2179 1023 2444 1076 hominem
2496 1033 2780 1083 exuerunt,
2842 1036 2964 1078 sunt
3028 1031 3241 1078 veteres
3273 1031 3444 1084 utres,

1902 1117 2092 1179 quibus
2141 1114 2460 1183 suscipiendi
2502 1116 2606 1167 vini
2667 1115 2785 1167 novi
2820 1114 3042 1169 facultas
3084 1113 3302 1168 concedi
3343 1127 3445 1165 non

1902 1215 2098 1272 potest.
2133 1206 2299 1261 Nemo
2354 1205 2495 1258 enim
2549 1206 2916 1258 mittitviuum
2969 1221 3157 1258 novum
3203 1207 3254 1258 in
3302 1216 3450 1258 utres

1901 1309 2126 1360 veteres,
2154 1308 2208 1350 ut
2236 1315 2300 1351 ne
2332 1307 2384 1350 et
2417 1298 2595 1349 vinum
2635 1296 2956 1359 ell‘undatur,
3003 1305 3057 1348 et
3085 1296 3158 1348 illi
3188 1308 3332 1350 utres
3360 1314 3448 1364 pe-

1902 1385 2044 1438 nitus
2090 1396 2309 1452 pereant
2335 1387 2403 1450 ⁷³,
2457 1384 2655 1440 nullam
2691 1386 2914 1455 amplius
2948 1383 3154 1438 veniam
3195 1398 3448 1436 consecu-

1903 1478 2046 1541 turi,
2116 1477 2160 1530 si
2231 1476 2425 1531 bonum
2493 1493 2555 1532 ac
2607 1491 2801 1530 novum
2863 1478 3042 1530 vinum
3095 1472 3445 1526 iuelTuudant.

1901 1570 2104 1623 Novum
2160 1568 2302 1620 enim
2341 1570 2518 1622 vinum
2554 1569 2606 1622 in
2630 1577 2778 1623 utres
2804 1583 2973 1622 novos
2997 1576 3081 1623 est
3109 1565 3447 1619 mittendum.

1902 1659 2093 1714 Vinum
2118 1657 2257 1724 quod
2305 1671 2496 1708 novum
2530 1672 2592 1707 ac
2628 1655 2900 1725 spirituale
2947 1656 3037 1718 sit,
3065 1657 3311 1724 quodque
3339 1652 3448 1724 Spi-

1903 1747 2003 1797 ritu
2029 1756 2217 1797 sancto
2247 1742 2468 1806 ferveat,
2498 1745 2664 1811 ipsam
2695 1745 2942 1799 videlicet
2977 1744 3220 1798 veritatis
3251 1742 3448 1799 intelli-

243 1832 408 1884 καλὸν
439 1836 529 1885 καὶ
557 1834 735 1886 καινὸν
779 1833 1034 1901 ἐκχέωσιν
1071 1828 1227 1887 οἶνον.
1283 1833 1432 1889 Οἶνον
1471 1837 1575 1906 γάρ
1615 1838 1796 1889 καινὸν

1909 1836 2124 1905 gentiam
2154 1849 2424 1903 nunquam
2465 1844 2906 1898 veterascentem,
2945 1835 2994 1887 in
3043 1849 3234 1888 novum
3279 1835 3447 1888 licinio

241 1925 328 1985 εἰς
387 1923 584 1986 ἀσκοὺς
629 1923 842 1987 καινοὺς
882 1922 1124 2003 βλητέον.
1165 1926 1264 1977 Τὸν
1294 1925 1474 1976 καινὸν
1509 1926 1600 1975 καὶ
1636 1941 1796 1977 πνευ-

245 2013 472 2083 ματικὸν
524 2008 680 2078 οἶνον,
736 2015 827 2067 καὶ
887 2014 964 2085 τῷ
1027 2016 1299 2085 Πνεύματι
1355 2012 1432 2083 τῷ
1477 2014 1614 2085 ἀγίῳ
1657 2013 1800 2078 ζέον-

240 2122 335 2170 τα,
368 2104 458 2158 τὸν
504 2105 766 2176 μηδέποτε
814 2105 1199 2175 παλαιούμενον
1247 2105 1344 2174 τῆς
1393 2104 1644 2174 ἀληθείας
1677 2107 1798 2161 νοῦν

1903 1943 2020 1980 nem
2050 1929 2259 1981 mittere
2306 1941 2477 1996 operte
2518 1926 2742 1993 pretium
2772 1935 2888 1988 est;
2920 1928 3033 1995 qui,
3062 1925 3202 1994 quod
3243 1937 3451 1992 semper

1903 2020 2365 2072 mortiﬁcationem
2401 2017 2523 2071 Jesu
2550 2019 2599 2069 iu
2632 2033 2857 2086 corpore
2887 2018 3193 2073 circumfert
3221 2019 3287 2084 ⁷⁸,
3335 2029 3454 2071 uter

1900 2125 2070 2165 novus
2121 2110 2224 2164 dici
2257 2112 2446 2163 merito
2478 2120 2666 2177 potest.

241 2203 326 2264 είς
391 2203 480 2255 τὸν
537 2201 718 2252 καινὸν
781 2200 1061 2271 ἄνθρωπον
1120 2199 1378 2269 βλητέον·
1449 2201 1538 2265 ὃς,
1601 2201 1686 2254 διὰ
1743 2205 1804 2256 τὸ
1877 2208 2103 2261 πάντοτε
2160 2205 2258 2276 τὴν
2319 2205 2578 2276 νέκρωσιν
2637 2203 2728 2257 τοῦ
2808 2203 2979 2275 Ἰησοῦ
3038 2205 3094 2258 ἐν
3148 2201 3223 2274 τῷ
3273 2203 3454 2274 σώμα-

240 2311 298 2346 τι
343 2293 670 2364 περιφέρειν,
734 2292 895 2354 ἀσκὸς
941 2291 1005 2344 ἂν
1050 2291 1255 2359 λέγοιτο
1307 2287 1443 2344 εἶναι
1501 2294 1681 2356 καινὲς
1725 2295 1966 2361 δικαίως.

316 2384 368 2440 6.
400 2383 705 2453 Φοϐηθήτω
725 2385 829 2437 τὸν
853 2385 1066 2452 Κύριον
1090 2383 1256 2438 πᾶσα
1283 2385 1320 2452 ή
1351 2384 1422 2454 γῆ
1446 2402 1458 2415 ·
1491 2386 1587 2438 ἀπ’
1618 2387 1799 2440 αὑτοῦ

241 2474 314 2528 δὲ
361 2476 821 2543 σαλευθήτωσαν
882 2474 1105 2542 πάντες
1147 2481 1197 2530 οἱ
1223 2477 1632 2545 κατοικοῦντες
1687 2479 1800 2544 τὴν

243 2567 622 2635 οἰκουμένην.
681 2568 894 2638 Ἐπειδὴ
945 2568 1107 2636 φόϐος
1155 2569 1357 2638 Κυρίου
1417 2570 1557 2642 ἀρχὴ
1621 2569 1805 2640 αἰσθὴ-

249 2674 388 2720 σεως
420 2659 548 2726 (19),
573 2659 621 2708 οἱ
649 2657 714 2709 τὰ
739 2659 900 2726 γήινα
925 2659 1241 2728 φρονοῦντες
1265 2659 1353 2712 διὰ
1376 2660 1537 2728 φόϐου
1557 2660 1804 2712 παιδευέ-

250 2749 482 2800 σθωσαν.
539 2749 623 2810 Ὠς
692 2747 788 2816 μὲν
838 2748 944 2818 γὰρ
995 2751 1348 2817 είσαγωγικὸς
1398 2753 1476 2813 είς
1528 2752 1804 2804 εὐσέϐειαν

245 2839 557 2907 ἀναγκαίως
589 2839 1066 2911 παραλαμϐάνεται
1103 2845 1130 2894 6
1163 2843 1342 2910 φόϐος,
1376 2843 1559 2913 ἀγάπη
1587 2845 1663 2908 δέ,
1695 2844 1803 2896 λοι-

246 2932 352 2984 πὸν
385 2930 765 3002 παραλαϐοῦσα
789 2932 910 2993 τοὺς
939 2931 1326 3003 ρυθμισθέντας
1345 2935 1450 2986 ἀπὺ
1471 2933 1563 2986 τοῦ
1587 2937 1804 3004 ἐπιστη-

249 3022 472 3096 μονικοῦ
501 3023 684 3093 φόϐου,
714 3023 921 3075 τελειοῖ.
967 3025 1120 3096 Πάσῃ
1145 3021 1234 3077 οὖν
1275 3029 1339 3096 τῇ
1370 3029 1438 3096 γῇ
1473 3027 1631 3095 φόϐον
1667 3044 1805 3098 παρ-

245 3117 503 3185 αγγέλλει
533 3119 560 3170 ό
586 3117 758 3185 λόγος.
795 3118 1264 3181 Σαλευθήτωσαν
1284 3119 1370 3182 δὲ,
1399 3123 1549 3188 φησι,
1577 3122 1676 3174 ἀπ’
1707 3125 1803 3175 αὑ·

245 3208 358 3262 τοῦ
423 3208 642 3273 πάντες
690 3211 741 3262 οἱ
797 3206 1209 3272 κατοικοῦντες
1264 3209 1377 3275 τὴν
1425 3209 1799 3278 οἰκουμένην.

248 3299 428 3352 Οἱονεὶ
459 3301 564 3350 πᾶν
591 3299 807 3369 κίνημα,
846 3300 953 3351 εἴτε
987 3298 1125 3352 κατά
1154 3299 1295 3360 νοῦν,
1321 3299 1428 3352 εἴτε
1462 3300 1600 3354 κατὰ
1625 3317 1806 3370 σωμα-

244 3390 411 3458 τικὴν
437 3388 707 3458 ἐνέργειαν
733 3389 1159 3459 ἐπιτελούμενον,
1189 3390 1331 3444 κατὰ
1364 3391 1423 3442 τὸ
1448 3390 1690 3462 βούλημα
1713 3392 1808 3443 αὑ-

244 3483 364 3543 τοῖς
388 3479 477 3532 τοῦ
508 3479 638 3532 Θεοῦ
661 3480 1000 3548 ἐνεργείσθω.
1033 3481 1186 3533 Οῦτω
1213 3481 1320 3552 γὰρ
1358 3483 1461 3536 νοῶ
1483 3483 1559 3550 τὸ,
1589 3487 1807 3536 Σαλευ-

248 3571 528 3637 θήτωσαν
559 3570 656 3624 ἀπ’
684 3571 891 3625 αὑτοῦ.
926 3572 1099 3623 Οἰονεὶ
1128 3573 1258 3642 μήτε
1286 3573 1556 3642 ὀφθαλμὸς
1592 3572 1809 3625 σαλευέ-

252 3664 367 3717 σθω
399 3663 508 3734 (20)
541 3664 665 3716 ἄνευ
696 3662 861 3715 Θεοῦ·
904 3663 976 3733 μὴ
1014 3664 1131 3735 χεὶρ
1183 3665 1432 3717 κινείσθω
1472 3666 1596 3718 ἄνευ
1643 3663 1805 3717 Θεοῦ·

252 3755 334 3826 μὴ
371 3757 402 3825 ὴ
452 3753 642 3824 καρδία
687 3752 996 3805 διανοείσθω
1038 3754 1106 3806 τὰ
1143 3755 1215 3825 μὴ
1251 3755 1514 3825 εὑάρεστα
1561 3753 1635 3822 τῷ
1672 3753 1806 3822 Θεῷ.

250 3846 366 3897 Καὶ
418 3844 549 3908 ὅλως
597 3844 702 3897 ἀπὸ
738 3843 958 3914 μηδενὸς
998 3845 1152 3898 ἄλλου
1202 3845 1628 3915 σαλευθήτωσαν,
1679 3845 1810 3915 μηδέ

252 3936 451 3999 αὐτούς
479 3954 531 3989 τι
563 3938 796 4001 κινείτω,
833 3937 878 3989 εἰ
913 3936 985 4007 μὴ
1017 3940 1044 3990 6
1078 3937 1169 3991 τοῦ
1196 3938 1325 3990 Θεοῦ
1352 3937 1532 4005 φόϐος.
1568 3938 1686 3989 ’Ότι
1713 3939 1812 3990 αὑ-

251 4027 358 4091 τὸς
381 4026 526 4092 εἶπε,
563 4029 659 4081 καὶ
683 4027 1052 4096 ἐγενήθησαν
1073 4047 1086 4058 ·
1120 4029 1298 4094 αὐτὸς
1324 4029 1676 4090 ἐνετείλατο,
1713 4027 1812 4079 καὶ

251 4113 638 4185 ἐκτίσθησαν.
681 4120 821 4190 Πρὸς
857 4119 946 4171 δύο
973 4120 1038 4172 τὰ
1065 4121 1368 4190 προάγοντα
1405 4119 1496 4171 δύο
1526 4120 1770 4187 ἐπήγαγε
1795 4135 1806 4147 ·

253 4212 567 4276 Φοϐηθήτω
591 4211 757 4264 πᾶσα
778 4214 814 4278 ὴ
845 4211 941 4279 τῆ,
965 4214 1075 4272 καὶ,
1099 4210 1570 4275 Σαλευθήτωσαν
1593 4210 1814 4275 πάντες

253 4303 314 4356 οἱ
354 4301 762 4368 κατοικοῦντες
803 4301 915 4368 τὴν
943 4301 1316 4370 οἰκουμένην,
1347 4303 1426 4365 τὸ,
1453 4302 1641 4367 Αὐτὸς
1665 4298 1813 4366 εἷπε,

1967 2393 2020 2445 6.
2052 2391 2216 2445 Vens.
2250 2395 2302 2447 8.
2335 2393 2533 2446 Timeat
2582 2392 2855 2445 Dominum
2891 2395 3057 2444 omnis
3089 2400 3227 2444 terra
3252 2407 3272 2444 :
3303 2389 3367 2443 ab
3395 2406 3454 2444 eo

1899 2491 2070 2534 autem
2129 2494 2546 2534 commoveantur
2605 2498 2778 2534 omnes
2841 2482 3193 2534 inhabitantes
3255 2482 3452 2532 orbem.

1901 2571 2343 2640 Quandoquidem
2376 2572 2533 2623 timor
2573 2570 2775 2623 Domini
2813 2570 3020 2622 initium
3065 2580 3146 2623 est
3179 2569 3455 2629 sensus".

1902 2673 2109 2716 terrena
2155 2662 2245 2730 qui
2288 2663 2521 2729 sapiunt,
2564 2677 2658 2726 per
2707 2660 2949 2714 timorem
3000 2661 3335 2713 erudiantur.
3370 2658 3458 2712 Ti-

1902 2768 2016 2806 mor
2048 2754 2187 2806 enim
2232 2753 2374 2806 velut
2407 2754 2471 2805 ad
2510 2753 2759 2821 pietatem
2810 2752 3172 2816 iutroducens,
3215 2766 3460 2805 necessa-

1909 2844 1988 2895 rio
2017 2846 2299 2897 adhibetur
2335 2864 2346 2897 :
2392 2846 2630 2900 Charitas
2675 2861 2803 2898 vero
2850 2845 3104 2909 deinceps
3147 2845 3458 2908 succedens,

1909 2949 2001 2988 eos
2022 2949 2152 3002 quos
2183 2935 2340 2988 timor
2383 2937 2448 2986 ad
2500 2937 2849 2989 erudiendmn
2895 2935 3119 2988 idoneus
3161 2935 3460 2988 concinna-

1907 3026 2003 3092 vit,
2037 3025 2262 3095 perlicit.
2307 3025 2493 3093 Itaque
2536 3036 2688 3079 terra:
2714 3026 2857 3078 omni
2904 3029 3064 3078 verba
3100 3027 3283 3079 istlizec
3316 3026 3462 3079 tim)

1908 3132 2018 3170 rem
2052 3117 2369 3184 prwcipiunt
2403 3114 2875 3169 :Commoreantur
2925 3129 3117 3178 autent,
3163 3117 3354 3183 inquit,
3398 3133 3460 3168 α)

1908 3224 1965 3260 eo
1992 3223 2167 3260 omnes
2219 3209 2566 3260 inhabitantes
2594 3209 2788 3259 orbem.
2833 3206 3094 3259 Nimirum
3145 3217 3318 3259 mutus
3349 3220 3465 3259 om-

1911 3295 2015 3357 nis,
2047 3296 2266 3362 tumqui
2299 3311 2361 3348 ex
2397 3306 2594 3359 mente,
2626 3305 2733 3348 tum
2765 3296 2852 3364 qui
2876 3311 2940 3349 ex
2965 3296 3226 3362 corporali
3251 3297 3464 3349 actione

1911 3385 2104 3450 oritur,
2144 3387 2435 3438 secundum
2472 3385 2562 3439 Dei
2597 3387 2922 3439 voluntatem
2949 3387 3014 3441 ab
3052 3388 3181 3456 ipsis
3215 3387 3464 3456 perﬁcia-

1914 3485 2020 3529 tur.
2051 3476 2142 3530 Sic
2173 3477 2315 3530 euim
2354 3477 2592 3548 intelligo
2650 3479 2798 3541 illud,
2828 3476 3258 3532 Cammoveantur
3293 3481 3354 3531 ab
3384 3494 3462 3532 eo.

1913 3569 2155 3638 Exempli
2186 3570 2377 3636 gratia,
2425 3585 2596 3637 neque
2625 3569 2811 3623 oculus
2853 3580 3129 3623 moveatur
3171 3571 3288 3624 sine
3331 3571 3458 3634 Dt'O,

1916 3676 2088 3730 neque
2124 3676 2310 3714 manus
2355 3663 2586 3728 agitetur
2640 3662 2754 3714 sine
2815 3661 2941 3727 Deo,
3003 3677 3100 3716 nec
3130 3677 3220 3716 cor
3271 3664 3470 3730 cogitet

1917 3767 2035 3821 quae
2074 3752 2184 3807 Deo
2246 3767 2350 3806 non
2383 3754 2612 3821 placent.
2664 3752 2725 3806 Et
2759 3754 2809 3806 iu
2855 3770 3088 3818 summa,
3125 3772 3150 3808 a
3185 3755 3330 3808 nullo
3357 3753 3461 3806 alio

1917 3855 2235 3898 moveantur
2280 3861 2292 3897 :
2333 3859 2504 3912 neque
2552 3844 2694 3912 ipsos
2745 3845 3033 3914 quidquam
3093 3855 3322 3909 moveat,
3364 3847 3464 3900 nisi

1917 3935 2009 3990 Dei
2053 3937 2229 3989 timor.
2288 3934 2448 3989 Vsus.
2487 3935 2537 3988 9.
2601 3936 2860 3998 Quoniam
2897 3938 3004 4004 ipse
3042 3939 3196 3998 dixit,
3234 3948 3279 3990 et
3325 3936 3466 4005 facta

1916 4038 2069 4091 sunt;
2097 4028 2205 4094 ipse
2231 4028 2517 4089 mandavit,
2552 4040 2599 4078 et
2647 4038 2820 4080 creata
2854 4040 2991 4080 sunt.
3027 4029 3237 4083 Duobus
3269 4043 3470 4096 praece-

1918 4118 2172 4170 dentibus
2198 4118 2302 4169 duo
2331 4119 2566 4170 subdidit
2606 4134 2619 4169 :
2652 4118 2901 4186 primum,
2944 4116 3141 4170 Tinteat
3168 4119 3333 4171 omnia
3367 4128 3472 4171 ter-

1921 4225 2000 4270 ra,
2039 4219 2111 4271 el,
2151 4207 2578 4261 Commoveantur
2636 4225 2808 4260 omnes
2853 4209 3202 4262 inhabitantes
3246 4214 3415 4261 orbem
3451 4220 3470 4260 :

1922 4299 2039 4365 Ipse
2078 4299 2232 4364 dixit,
2287 4310 2332 4351 et
2369 4299 2511 4365 facta
2547 4309 2664 4352 sunt
2708 4312 2726 4348 :
2755 4300 2966 4364 deinde,
3023 4299 3141 4368 Ipse
3187 4301 3470 4368 mandarit,

253 4391 359 4445 καὶ
386 4390 774 4460 ἐγενήθησαν,
814 4391 1000 4458 Αὐτὸς
1031 4393 1385 4456 ἐνετείλατο,
1418 4393 1513 4446 καὶ
1541 4393 1804 4459 ἐκτίσθη-

1923 4397 1970 4441 et
2005 4399 2176 4440 creata
2224 4398 2364 4441 sunt.
2416 4388 2633 4453 Quando
2695 4399 3020 4455 composnus
3069 4389 3227 4441 homo
3279 4397 3364 4440 est
3400 4402 3466 4440 ex

253 4500 397 4537 σαν.
435 4483 647 4552 Ἐπειδὴ
689 4482 932 4545 σύνθετος
967 4484 993 4534 ὀ
1022 4482 1301 4553 ἄνθρωπος
1334 4483 1396 4536 ἐκ
1422 4500 1479 4535 τε
1503 4482 1594 4534 τοῦ
1622 4483 1809 4552 γηίνου

255 4574 569 4642 πλάσματος
594 4574 685 4625 καὶ
708 4575 770 4625 ἐκ
798 4574 894 4642 τῆς
927 4573 1234 4644 ἐνοικούσης
1272 4573 1446 4642 ψυχῆς
1471 4572 1545 4641 τῷ
1577 4571 1810 4642 σώματι,

255 4663 330 4730 γῆ
357 4662 450 4730 μὲν
477 4663 686 4729 λέγεται
712 4663 771 4714 τὸ
795 4664 856 4714 ἐκ
877 4662 974 4731 τῆς
999 4662 1102 4731 γῆς
1127 4659 1520 4730 πεπλασμένον,
1549 4661 1814 4712 κατοικῶν

253 4753 312 4804 δὲ
338 4752 434 4820 τὴν
454 4754 793 4822 οἰκουμένην,
825 4756 857 4822 ἡ
883 4752 978 4823 τὴν
1007 4755 1063 4804 ἐν
1097 4752 1307 4822 σώματι
1331 4751 1598 4820 διαγωγὴν
1627 4750 1818 4819 λαχοῦ-

257 4860 329 4894 σα
349 4842 511 4912 ψυχή.
547 4843 900 4911 Καταλλήλως
931 4839 1020 4896 οὖν
1058 4847 1122 4914 τῇ
1147 4846 1216 4912 γῇ
1248 4843 1559 4895 ἀποδέδοται
1587 4841 1667 4904 τὸ,
1696 4844 1812 4894 Αὑ-

255 4935 360 4998 τὸς
395 4929 541 4997 εἷπε,
574 4933 670 4986 καὶ
707 4933 1074 5001 ἐγενήθησαν
1101 4933 1242 5003 (21)·
1282 4933 1373 4985 ἐπὶ
1412 4932 1508 5002 μέν
1555 4930 1647 4982 τοῦ
1678 4931 1787 4983 πλά

331 5049 378 5081 ⁷³
412 5049 594 5104 Matth.
622 5067 696 5114 ix,
727 5051 812 5104 l7.
885 5051 931 5082 ""
959 5051 996 5104 ll
1026 5050 1148 5104 Cor.
1181 5067 1254 5113 iv,
1284 5050 1370 5104 10.
1444 5049 1489 5080 ⁷⁸
1525 5048 1684 5101 Prov.
1720 5064 1754 5111 i,
1785 5051 1836 5103 7.

330 5207 440 5272 (17)
464 5205 617 5278 _Re_gii
657 5207 839 5259 tertius
862 5215 915 5278 et
936 5216 1116 5260 Sextus
1144 5207 1519 5278 προϐλήματος
1549 5206 1638 5259 τοῦ
1676 5224 1807 5277 προ-

257 5275 510 5345 φητικοῦ.
545 5275 669 5345 Heg.
710 5277 970 5330 Secundus
1012 5275 1660 5344 scripturam'tttramque
1712 5275 1807 5332 ex-

259 5349 409 5401 ltilmt
441 5361 452 5396 :
489 5360 644 5397 unam
672 5345 721 5397 in
754 5354 1018 5408 comextu,
1047 5349 1265 5400 alteram
1300 5349 1349 5399 iii
1381 5348 1638 5414 margine.

334 5416 442 5486 (l8)
478 5415 606 5486 lteg.
641 5423 858 5486 quartus
880 5416 1105 5486 ἐκχεθῇ.

333 5485 444 5553 (l9)
482 5485 687 5535 Editum
719 5483 1014 5553 invenimus
1042 5483 1090 5537 ιῑι
1138 5485 1302 5538 veteri
1346 5485 1804 5551 interpretatione.

261 5552 443 5606 Timor
465 5553 670 5605 Domini
695 5552 901 5604 initium
931 5565 1004 5606 est
1033 5555 1319 5621 sapientiie,
1361 5555 1515 5607 male.
1555 5553 1678 5620 Ejus
1710 5556 1811 5606 loci

259 5640 388 5692 pars
438 5624 606 5692 media
658 5633 864 5692 sumpta
905 5634 988 5676 est
1031 5639 1095 5677 ex
1143 5627 1345 5692 psalmo
1390 5639 1477 5687 cx,
1515 5625 1599 5686 l0,
1646 5627 1810 5678 altera

260 5690 391 5745 vero
419 5708 482 5744 ex
510 5690 663 5743 Prov.
693 5708 730 5750 ι.
757 5691 808 5742 7.

329 5761 444 5832 (20)
468 5761 616 5817 Colb.
645 5769 864 5830 quartus
889 5759 1160 5831 ὀφθαλμὸς
1186 5761 1508 5834 σαλευθήτω.
1541 5762 1653 5816 Mox
1683 5760 1810 5831 Reg.

1921 4491 2131 4533 terreno
2185 4480 2452 4550 ﬁgmento,
2520 4489 2574 4532 et
2625 4493 2688 4530 ex
2753 4479 3084 4531 iultabitame
3145 4477 3197 4528 in
3248 4491 3474 4543 corpore

1921 4571 2098 4624 anima
2143 4589 2154 4625 :
2187 4573 2237 4625 id
2263 4573 2400 4640 quod
2434 4587 2463 4624 e
2499 4580 2643 4622 terra
2687 4567 2977 4620 formatum
3026 4577 3128 4631 est,
3163 4579 3302 4621 terra
3335 4569 3468 4622 dici-

1923 4672 2050 4715 tur:
2103 4661 2283 4714 anima
2321 4675 2449 4714 vero
2479 4659 2862 4713 habitationem
2913 4660 2962 4710 in
3013 4673 3234 4727 corpore
3261 4662 3469 4725 sortita,

1921 4755 2102 4804 orbem
2123 4751 2432 4804 inhabitans
2457 4762 2693 4802 vocatur.
2719 4748 2903 4816 Itaque
2934 4750 3091 4819 138
3121 4762 3473 4817 congruenter

1919 4851 2074 4894 terra:
2102 4842 2586 4907 convenienterque
2619 4841 2820 4892 editum
2857 4851 2938 4893 est
2991 4858 3004 4892 :
3041 4840 3161 4908 Ipse
3207 4842 3364 4903 dixit,
3427 4850 3474 4893 et

1918 4933 2056 4987 facta
2079 4943 2194 4985 sunt
2214 4948 2232 4996 ;
2256 4948 2375 4985 cum
2395 4932 2482 4985 illa
2513 4933 2693 4999 verba,
2721 4930 2887 4984 Facta
2919 4946 3059 4995 sunt,
3083 4934 3147 4984 de
3169 4939 3351 4987 nostro
3390 4931 3476 5000 lig-

1915 5209 2102 5260 tertius
2119 5204 2421 5259 διανοείτω.

1983 5277 2096 5345 (21)
2131 5276 2305 5328 Editio
2341 5275 2509 5345 Paris.
2559 5280 2611 5326 et
2639 5267 3047 5345 nontiiilli_njss.
3097 5266 3207 5345 καὶ
3223 5267 3478 5345 ἐγενήθη-

1914 5335 2031 5398 σαν.
2081 5335 2254 5408 iam;
2283 5344 2600 5401 ἐνετείλατο,
2649 5341 2743 5393 καὶ
2785 5335 3129 5408 ἐκτίσθησαν.
3175 5336 3276 5408 sed
3311 5335 3476 5408 totum

1912 5417 2062 5476 illud,
2117 5405 2286 5477 Αὐτός
2343 5413 2645 5467 ἐνετείλατο
2677 5410 2770 5462 καὶ
2803 5405 3146 5477 ἐκτίσθησαν,
3205 5406 3353 5458 deest
3422 5406 3472 5457 in

1915 5474 2146 5550 Quatuor
2177 5474 2304 5537 mss.
2341 5495 2394 5537 et
2425 5485 2476 5536 in
2507 5483 2739 5550 editione
2771 5477 2930 5531 Basil.
2967 5474 3124 5550 Certe
3163 5491 3284 5550 cum
3316 5479 3476 5550 verba

1917 5545 2002 5608 illa
2068 5554 2224 5620 paulo
2272 5565 2397 5606 ante
2437 5549 2826 5620 prolatasint,
2871 5547 3048 5620 statim
3081 5545 3267 5620 eadem
3304 5545 3468 5606 repeti

1919 5612 2104 5677 inutile
2137 5625 2351 5677 omnino
2398 5612 2518 5676 esse
2562 5619 2910 5671 arbitramur.
2946 5613 3142 5669 Vocula
3203 5612 3323 5684 μέν,
3358 5628 3474 5681 qua)

1919 5710 2039 5748 mox
2078 5694 2342 5764 sequitur,
2376 5696 2526 5747 abest
2552 5705 2580 5743 a
2615 5703 2741 5743 mss.
