4068 6318
643 330 744 384 559

1963 333 2018 388 S.
2063 331 2301 390 BASlLll
2343 333 2554 393 MAGNI

3783 337 3875 388 διο

641 456 821 504 mento
836 455 1024 502 eterra
1043 457 1321 504 constante
1341 452 1700 520 accipiantur:
1718 453 1832 508 haec
1849 467 1994 517 vero,
2014 451 2201 507 Creata

2306 471 2507 523 σματος
2534 456 2688 525 ἡμῶν
2717 456 2809 510 τοῦ
2842 456 2948 510 ἀπὺ
2976 456 3075 528 τῆς
3094 454 3198 526 γῆς
3223 456 3304 524 τδ,
3345 455 3642 527 Ἐτεγήθη
3663 469 3675 482 ’
3713 453 3805 504 ἐπὶ
3831 454 3882 507 δῖ

639 549 780 602 sunt,
797 540 861 593 de
879 541 1053 593 anima
1074 541 1136 594 ad
1159 540 1251 594 Dei
1276 543 1557 614 imaginem
1577 543 1794 598 condita
1813 543 2197 613 intelligantur.

639 630 903 708 Quoniam
948 647 1075 686 vero
1103 635 1307 689 creatio
1340 648 1480 700 saepe
1525 649 1623 703 pro
1669 637 1897 707 quadam
1930 636 1978 688 in
2014 635 2202 689 melius

641 724 1091 777 transmutatione
1117 728 1365 790 sumitur,
1396 735 1453 779 ut
1477 729 1702 782 estillud
1727 728 1820 795 :_Si
1845 744 1943 797 qua
1975 727 2030 780 in
2057 726 2203 780 Chri-

637 826 718 868 sto
750 833 877 870 nova
904 828 1148 872 creatura
1170 821 1248 884 ";
1283 819 1408 871 item
1447 819 1575 873 illud
1621 839 1633 875 :
1665 819 1735 873 Ut
1769 821 1897 873 duos
1921 830 2116 872 crearet
2148 821 2200 874 in

637 923 797 960 unum
817 922 1001 962 novum
1027 913 1284 964 hominem
1307 911 1352 942 ⁷⁷
1376 929 1389 966 :
1421 912 1665 967 fortassis
1695 912 1845 978 illud,
1867 909 2035 964 Facta
2055 923 2197 964 sunt.

638 1000 704 1054 de
727 1002 897 1070 prima
952 1004 1180 1058 hominis
1221 1006 1594 1072 procreatioue
1630 1003 1828 1056 dicitur
1867 1021 1880 1058 :
1916 1005 2018 1057 hoc
2046 1018 2196 1069 vero,

638 1086 825 1144 Creata
846 1101 987 1156 sunt,
1013 1091 1076 1145 de
1094 1095 1324 1147 secunda
1345 1111 1438 1163 per
1453 1092 1651 1146 Christi
1674 1094 1902 1161 gratiam
1923 1108 2202 1160 regenera-

638 1179 805 1247 tione.
839 1180 1105 1246 Quantum
1145 1195 1326 1238 autem
1367 1183 1601 1236 sermoni
1639 1184 1778 1237 nudo
1821 1193 2037 1251 prmstat
2073 1199 2202 1250 prae-

637 1284 850 1341 ceptum
894 1275 1004 1338 Dei,
1050 1285 1252 1329 tantum
1288 1275 1491 1329 creatio
1539 1277 1870 1346 generationi
1903 1274 2195 1334 antecellit.

636 1365 801 1421 Vatis.
822 1368 906 1421 l0.
942 1368 1191 1424 Dominus
1222 1369 1446 1430 dissipat
1492 1372 1706 1422 consilio
1735 1370 2000 1438 gentium,-
2031 1387 2203 1435 repro-

638 1461 723 1514 bat
751 1471 922 1516 autem
949 1464 1286 1531 cogitationes
1315 1464 1642 1531 populorum.
1675 1462 1949 1532 Expositio
1971 1474 2052 1517 est
2072 1480 2201 1532 pra»

636 1555 895 1619 cedentis,
933 1555 1200 1616 quomodo
1231 1557 1366 1608 Deus
1395 1556 1446 1607 in
1484 1569 1542 1607 se
1584 1556 1865 1608 credentes
1912 1560 2197 1622 creaverit,

635 1666 702 1706 ex
725 1665 788 1704 eo
811 1648 952 1717 quod
978 1648 1138 1701 stulta
1174 1647 1490 1715 populorum
1517 1647 1738 1700 consilia
1768 1647 2053 1718 dispersit,
2083 1665 2199 1719 qua:

636 1757 797 1809 super
853 1741 1154 1795 idololatria
1202 1739 1557 1807 universaque
1587 1741 1826 1796 vanitate
1875 1743 2194 1809 habuerunt,

634 1842 687 1887 et
729 1848 793 1886 ex
825 1846 890 1885 eo
919 1832 1058 1900 quod
1086 1830 1335 1898 reprobat
1361 1831 1586 1884 consilia
1619 1831 1941 1898 principum.
1970 1832 2198 1885 Possunt

634 1933 818 1979 autem
853 1924 965 1976 haec
997 1935 1052 1976 et.
1085 1926 1148 1974 ad
1205 1924 1469 1992 passionis
1509 1933 1714 1988 tempus
1742 1922 1951 1986 referri,
1985 1925 2198 1991 quando

633 2015 687 2070 hi
712 2015 926 2084 quidem
951 2013 1204 2081 putabant
1243 2028 1300 2066 se
1331 2011 1647 2079 cruciﬁgere
1675 2027 1852 2083 regem
1887 2013 2090 2080 gloriae,
2113 2014 2198 2068 ille

629 2121 760 2161 vero
788 2121 880 2175 per
902 2107 1075 2160 crucis
1104 2104 1558 2170 dispensationem
1595 2119 1765 2170 genus
1799 2106 2074 2159 hominum
2115 2121 2199 2160 re-

631 2195 888 2248 uoitabat.
922 2192 1128 2246 Etenim
1185 2191 1236 2243 iu
1296 2193 1711 2255 resurrectione,
1737 2203 1793 2246 ut
1835 2193 2201 2263 dissipabatur

637 2285 912 2339 consilium
937 2283 1196 2351 gentium,
1224 2283 1374 2336 Pilati
1392 2295 1443 2338 et
1460 2285 1706 2349 militum,
1745 2284 2195 2354 reliquorumque,

638 2384 890 2446 quotquot
927 2375 1107 2429 crucis
1137 2375 1456 2444 supplicium
1501 2375 1800 2429 inferebant
1831 2392 1846 2428 :
1873 2379 1942 2429 ita
1976 2377 2197 2433 consiiia

637 2469 958 2539 principum,
985 2466 1318 2537 pontiﬁcum,
1359 2467 1767 2537 scribarumque
1800 2479 1853 2523 et
1885 2483 2069 2538 regum
2104 2485 2199 2538 p0—

639 2559 745 2629 puli
778 2559 1223 2627 reprobabantur.
1261 2557 1606 2612 Resurrectin
1643 2559 1785 2613 enim
1818 2573 1977 2613 omne
2013 2573 2196 2613 eorum

639 2652 922 2704 artiﬁcium
963 2651 1224 2706 dissolvit.
1254 2650 1403 2716 Quod
1432 2653 1474 2704 si
1517 2652 1568 2704 in
1600 2652 1824 2720 singulis
1850 2652 2087 2707 historiis
2117 2668 2201 2707 re-

639 2743 828 2811 tegeris
865 2758 982 2811 quae
1010 2744 1149 2795 Deus
1178 2743 1344 2808 gessit
1389 2757 1513 2811 erga
1568 2743 1809 2796 inlideles
1854 2753 2057 2810 gentes,
2091 2745 2196 2798 vim

637 2835 853 2888 multam
895 2836 1047 2900 juxta
1107 2832 1438 2901 corporalem
1482 2833 1644 2886 etiam
1693 2833 2097 2902 intelligentiam
2147 2839 2196 2888 in

637 2926 717 2979 nis
761 2924 940 2979 verbis
992 2926 1168 2979 inesse
1211 2926 1530 2992 cmnperies.
1578 2924 1802 2990 Quando
1837 2926 1978 2979 enim
2014 2923 2194 2979 Joram

637 3019 776 3074 ﬁlius
807 3020 1026 3074 Acltaab
1063 3020 1305 3088 regnavit
1356 3018 1408 3071 iu
1455 3017 1642 3080 Israel,
1715 3031 1842 3072 tunc
1894 3034 1986 3072 rex
2028 3016 2197 3088 Syriae

2299 547 2398 617 τῆς
2433 550 2549 601 κατ’
2583 547 2765 603 εἰκόνα
2801 550 2892 604 τοῦ
2921 548 3054 602 Θεοῦ
3096 550 3403 622 κτισθείσης
3435 549 3510 615 τὸ,
3570 548 3882 612 Ἐκτίσθη.

2313 636 2527 709 Ἐπειδὴ
2576 639 2630 692 δὲ
2683 639 2714 708 ἡ
2765 642 2939 705 κτίσις
2985 639 3076 692 ἐπὶ
3112 640 3212 709 τῆς
3262 639 3748 713 μετακοσμήσεως
3800 633 3884 688 καὶ

2303 727 2634 798 βελτιώσεως
2669 730 2927 796 πολλάκις
2956 729 3306 802 λαμϐάνεται,
3338 733 3413 796 ὡς
3450 734 3532 798 τὸ,
3572 730 3660 786 Εἴ
3694 745 3789 792 τις
3825 727 3887 779 έν

2301 821 2529 888 Χριστῷ
2558 821 2730 888 καινὴ
2753 824 2951 890 κτίσις
2969 841 2981 854 ·
3014 823 3106 878 καὶ
3129 821 3209 886 τὸ,
3237 823 3368 876 Ἵνα
3395 825 3534 889 τοὺς
3560 824 3686 877 δύο
3713 818 3884 885 κτίσῃ

2299 917 2385 978 εὶς
2428 913 2535 967 ἕνα
2572 915 2779 969 καινὸν
2803 915 3144 983 ἄνθρωπον·
3178 915 3315 985 τάχα
3349 914 3408 966 τὸ
3459 918 3584 984 μὲν,
3645 911 3884 984 ἐἳ-ετιὴ-

2301 1009 2392 1071 θη,
2420 1005 2510 1057 ἐπὶ
2533 1007 2629 1076 τῆς
2649 1004 2867 1078 πρώτης
2887 1007 3189 1072 οὐσιώσεως
3208 1006 3298 1060 τοῦ
3317 1004 3611 1075 ἀνθρώπου
3631 1007 3882 1074 λέγεται·

2299 1098 2358 1151 τὸ
2386 1096 2463 1161 δὲ,
2509 1097 2800 1166 Ἐκτίσθη,
2845 1097 2936 1150 ἐπὶ
2967 1099 3065 1168 τῆς
3095 1100 3345 1170 δευτέρας
3392 1095 3475 1148 διὰ
3505 1096 3617 1166 τῆς
3664 1098 3888 1164 χάριτος

2299 1187 2390 1241 τοῦ
2417 1189 2650 1260 Χριστοῦ
2673 1190 3098 1260 ἀναγεννήσεως.
3133 1192 3293 1245 Ὅσον
3326 1191 3382 1245 δὲ
3407 1190 3565 1257 λόγου
3601 1186 3777 1255 ψιλοῦ
3808 1188 3888 1237 ὲν-

2299 1280 2422 1351 τολὴ
2457 1281 2590 1334 Θεοῦ
2635 1283 2899 1355 διαφέρει,
2941 1281 3190 1335 τοσοῦτον
3225 1285 3446 1345 κτίσεως
3476 1280 3622 1352 πρὸς
3669 1276 3890 1345 γέ-νεΰίν

2299 1373 2412 1423 ἐστι
2460 1370 2519 1422 τὸ
2568 1371 2840 1444 διάφορον.
2904 1373 3116 1438 Κύριος
3189 1371 3554 1432 διασκεδάζει
3634 1369 3886 1434 ,ϐουλὰς

2297 1457 2488 1513 ἐθνῶν
2507 1477 2518 1487 ·
2552 1459 2750 1513 ἀθετεῖ
2769 1461 2836 1515 δὲ
2861 1460 3186 1531 λογισμοὺς
3208 1460 3392 1514 λαῶν.
3429 1462 3635 1532 Ἐξήγη
3649 1461 3741 1523 σίς
3773 1461 3886 1510 ἐστι

2297 1550 2390 1604 τοῦ
2423 1551 2769 1622 προάγοντος,
2807 1554 2919 1618 πῶς
2955 1553 3166 1605 ἔκτισεν
3199 1554 3226 1604 6
3268 1551 3397 1614 Θεὸς
3429 1555 3548 1616 τοὺς
3589 1555 3685 1615 εἰς
3721 1550 3886 1603 αὑτὸν

2299 1641 2743 1704 πεπιστευκότας,
2800 1645 2862 1696 ὲκ
2906 1640 2997 1695 τοῦ
3046 1640 3388 1694 διασκεδάσαι
3430 1639 3522 1702 τὰς
3569 1640 3882 1698 ἀσυνέτους

2301 1730 2494 1800 βουλὰς
2538 1731 2643 1784 τῶν
2675 1730 2838 1795 λαῶν,
2875 1732 2940 1796 ἃς
2973 1728 3116 1802 εἶχον
3149 1731 3276 1802 περὶ
3305 1728 3759 1799 είδωλολατρείαν
3791 1727 3883 1779 καὶ

2299 1823 2426 1892 περὶ
2455 1825 2630 1876 πᾶσαν
2659 1824 3008 1895 ματαιότητα,
3034 1827 3126 1879 καὶ
3157 1825 3362 1879 ἀθετεῖν
3390 1826 3486 1889 τὰς
3521 1823 3732 1894 βουλὰς
3773 1822 3882 1874 τῶν

2298 1915 2589 1986 ἀρχόντων.
2624 1915 2851 1968 Δυνατὸν
2887 1916 2943 1968 δὲ
2989 1919 3082 1971 καὶ
3113 1920 3204 1972 ἐπὶ
3246 1920 3337 1972 τὸν
3372 1919 3465 1972 τοῦ
3501 1917 3718 1979 πάθους
3763 1934 3882 1968 και-

2301 2007 2391 2078 ρὸν
2425 2009 2715 2075 ἀναγαγεῖν
2748 2007 2916 2062 ταῦτα
2950 2009 3080 2078 (22),
3114 2011 3200 2062 ὅτε
3233 2012 3280 2063 οἱ
3315 2013 3409 2080 μὲν
3434 2011 3686 2081 ἐνόμιζον
3718 2026 3882 2062 σταυ-

2303 2098 2426 2170 ροῦν
2458 2099 2547 2151 τὸν
2584 2099 2804 2168 βασιλέα
2835 2101 2932 2171 τῆς
2968 2101 3141 2172 δόξης,
3185 2103 3212 2153 ό
3242 2102 3297 2155 δὲ
3329 2103 3416 2156 διὰ
3458 2105 3553 2173 τῆς
3582 2101 3686 2154 τοῦ
3725 2118 3882 2152 σταυ-

2304 2191 2394 2262 ροῦ
2424 2192 2730 2261 οἰκονομίας
2765 2177 3041 2248 ἀνενεοῦτο
3069 2194 3166 2264 τὴν
3193 2193 3597 2266 ἀνθρωπότητα.
3642 2194 3741 2245 Ἐν
3770 2194 3874 2260 γὰρ

2297 2284 2362 2352 τῇ
2395 2281 2687 2333 ἀναστάσει
2717 2282 3087 2347 διεσκεδάζετο
3123 2284 3220 2353 μὲν
3261 2286 3292 2354 ἡ
3328 2284 3486 2354 βουλὴ
3527 2283 3634 2334 τῶν
3675 2281 3873 2340 ἐθνῶν,

2298 2372 2390 2426 τοῦ
2418 2374 2648 2426 Πιλάτου
2701 2374 2793 2426 καὶ
2819 2375 2923 2426 τῶν
2956 2374 3293 2446 στρατιωτῶν
3314 2415 3327 2438 ,
3358 2378 3450 2429 καὶ
3492 2375 3602 2425 ὅσοι
3639 2372 3715 2424 τά
3747 2374 3874 2442 rapi

2298 2465 2387 2521 τὸν
2422 2465 2650 2535 σταυρὸν
2695 2466 2954 2536 ἐνήργουν
2979 2481 2991 2494 ·
3038 2464 3324 2533 ηθετοῦντο
3353 2467 3408 2519 δὲ
3438 2466 3493 2518 αἱ
3542 2464 3735 2533 βουλαὶ
3766 2463 3874 2516 τῶν

2299 2559 2571 2631 ἀρχόντων
2593 2600 2606 2623 ,
2641 2559 2939 2629 ἀρχιερέων
2972 2558 3062 2609 καὶ
3092 2558 3460 2630 γραμματέων
3501 2559 3591 2610 καὶ
3635 2558 3752 2610 τῶν
3788 2555 3874 2625 βα-

2302 2652 2489 2704 σιλέων
2531 2650 2622 2704 τοῦ
2670 2648 2819 2704 λαοῦ.
2857 2650 2920 2702 Ἡ
2963 2649 3072 2722 γὰρ
3126 2651 3416 2715 ἀνάστασις
3463 2654 3641 2706 πᾶσαν
3689 2651 3871 2704 αὐτῶν

2298 2742 2504 2796 διέλυσε
2538 2743 2633 2814 τὴν
2669 2744 2926 2796 ἐπίνοιαν.
2969 2742 3381 2814 Ἀναλεγόμενος
3408 2744 3462 2798 δὲ
3499 2745 3566 2797 τὰ
3602 2745 3686 2812 ἐφ’
3740 2742 3870 2794 ἐκάο

2302 2854 2431 2906 στης
2453 2837 2700 2907 ,ἱστορίας
2739 2837 2836 2890 ὅσα
2867 2836 2989 2909 περὶ
3026 2836 3094 2891 τά
3126 2837 3327 2891 ἄπιστα
3356 2838 3480 2908 ἔθνη
3509 2839 3817 2908 ἐνήργησεν
3845 2834 3871 2883 6

2296 2928 2448 2991 θεδςν
2484 2929 2735 2999 εὑρήσεις
2771 2931 2862 2983 καὶ
2897 2928 3036 2983 κατὰ
3057 2929 3146 2984 τὸν
3177 2929 3482 2998 σωματικὸν
3514 2928 3633 2981 νοῦν
3668 2926 3872 2993 πολλὴν

2299 3017 2417 3087 ἔχον
2451 3017 2546 3087 τὴν
2584 3017 2810 3088 δύναμιν
2853 3019 2911 3071 τὸ
2967 3020 3147 3090 ῥητόν.
3186 3021 3312 3072 Ὅτε
3351 3019 3456 3088 γάρ
3508 3016 3709 3086 Ἰωράμ
3759 3015 3870 3074 υἱὸς

639 3113 776 3167 lilius
817 3113 962 3166 Ader
993 3112 1156 3164 multa
1212 3112 1406 3165 virtute
1439 3125 1501 3165 ac
1546 3109 1691 3177 gravi
1724 3126 1903 3175 manu,
1937 3110 2197 3165 instructo

2311 3112 2512 3181 Ἀχαὰὸ
2547 3112 2889 3166 ἐϐασίλευσεν
2913 3115 2968 3164 ἐν
3010 3113 3225 3183 Ἰσραὴλ
3247 3113 3355 3181 (25)
3375 3151 3388 3174 ,
3422 3112 3538 3162 τότε
3564 3114 3589 3163 6
3615 3110 3871 3180 βασιλεὺς

639 3204 876 3256 exercitu
907 3202 1114 3256 obsedit
1155 3201 1454 3256 Samariam
1476 3243 1491 3269 ,
1523 3203 1657 3256 adeo
1693 3211 1749 3256 ut
1777 3205 2029 3258 deessent
2070 3201 2200 3272 ipsis

638 3293 960 3356 necessaria,
1003 3303 1057 3347 et
1098 3294 1233 3345 asini
1281 3304 1443 3362 caput
1499 3294 1881 3364 quinquaginta
1920 3294 2064 3349 siclis
2115 3309 2197 3347 ar-

638 3383 800 3452 genti,
834 3392 886 3436 et
913 3394 1102 3451 quarta
1130 3398 1253 3451 pars
1283 3385 1401 3436 cabi
1445 3385 1703 3437 stercoris
1733 3385 2022 3439 columbini
2048 3385 2204 3454 quin-

638 3492 740 3545 que
768 3477 973 3544 argenti
999 3475 1146 3530 siclis
1174 3488 1448 3529 emeretur
1469 3476 1534 3528 ⁷⁸.
1558 3475 1708 3530 Tunc
1735 3476 1914 3545 itaque
1948 3490 2004 3531 ut
2029 3479 2201 3534 Elissei

638 3569 919 3639 promissio
951 3568 1283 3636 impleretur,
1315 3569 1573 3636 dissnpata
1610 3577 1736 3621 sunt
1759 3568 1927 3638 Syrite
1957 3572 2200 3636 consilia,

639 3661 856 3729 suisque
885 3660 1244 3714 tabernaculis
1269 3676 1330 3713 ac
1361 3659 1569 3714 cunctis
1597 3660 1790 3727 opibus
1827 3659 2025 3714 relictis
2055 3661 2203 3730 fuge-

641 3763 786 3815 ruut,
813 3762 1014 3806 tantam
1037 3754 1088 3805 in
1114 3751 1354 3805 Samaria
1382 3767 1559 3804 rerum
1588 3752 1793 3819 copiam
1823 3751 2202 3820 relinquentes,

642 3853 702 3900 ut
732 3846 919 3899 similae
941 3861 1192 3900 mensura
1230 3845 1382 3908 siclo,
1412 3857 1464 3899 et
1485 3845 1601 3898 dua:
1634 3844 1815 3899 hordei
1845 3860 2107 3898 mensurae
2133 3845 2204 3898 si-

642 3938 724 3992 elo
765 3954 873 3991 uno
924 3939 1170 3993 venirent
1190 3939 1256 3992 "’.
1282 3939 1373 3994 Sic
1402 3940 1563 4008 igitur
1596 3937 1858 3992 Dominus
1901 3938 2050 3991 novit
2079 3953 2208 4006 gen-

642 4031 773 4082 tium
829 4031 1051 4083 consilia
1113 4032 1393 4100 dissipare.
1451 4031 1731 4097 Quomodo
1786 4046 1912 4083 vero
1962 4030 2205 4100 reprobet

641 4119 864 4172 consilia
884 4120 1208 4189 principum,
1233 4121 1286 4175 in
1303 4121 1658 4189 Achitophele
1672 4119 1978 4184 didicimus,
1998 4118 2210 4187 quando

642 4208 809 4264 David
868 4212 1081 4275 oravit,
1141 4212 1327 4267 dicens
1386 4235 1397 4269 :
1456 4215 1668 4284 Dissipa
1736 4231 1871 4268 nunc
1934 4213 2211 4274 consilium

644 4299 1027 4368 Achitophcl“.
1057 4299 1190 4354 Cum
1231 4303 1392 4370 igitur
1434 4307 1668 4360 audieris
1695 4305 1995 4374 Quempiam
2021 4319 2210 4373 magna

645 4391 1019 4456 minitantem,
1069 4393 1474 4463 jactantemqne
1517 4410 1574 4450 se
1623 4396 1713 4448 tibi
1774 4395 1952 4448 omnis
2002 4394 2213 4462 generis

2301 3203 2498 3275 Συρίας
2518 3203 2631 3268 υίὸς
2675 3203 2844 3274 Ἄδερ,
2883 3202 3046 3272 πολλῇ
3089 3202 3310 3272 δυνάμει
3345 3202 3436 3254 καὶ
3485 3201 3678 3273 βαρείᾳ
3721 3200 3862 3272 χειρὶ

2303 3295 2700 3366 στρατηγήσας,
2768 3294 3129 3365 περιεκάθητο
3185 3294 3284 3365 τὴν
3337 3294 3681 3366 Σαμάρειαν,
3731 3294 3869 3346 ὥστε

2301 3389 2570 3442 ἐπιλιπεῖν
2590 3387 2771 3450 αὐτοῖς
2800 3387 2865 3439 τὰ
2893 3387 3183 3455 ἀναγκαῖα,
3215 3387 3305 3440 καὶ
3329 3387 3565 3458 κεφαλὴν
3592 3387 3717 3439 δνου
3745 3403 3866 3437 πεν-

2302 3483 2534 3553 τήκοντα
2560 3477 2698 3534 εἶναι
2735 3481 2931 3534 σίκλων
2958 3481 3241 3552 ἀργυρίου,
3277 3482 3370 3534 καὶ
3406 3481 3657 3553 τέταρτον
3703 3478 3866 3532 κάθου

2302 3575 2506 3644 κόπρου
2557 3573 2893 3646 περιστερῶν
2943 3572 3103 3624 πέντε
3153 3572 3348 3624 σίκλων
3405 3572 3514 3640 (24)
3580 3569 3863 3639 ἀργμρὶην.

2303 3666 2434 3718 Τότε
2468 3666 2674 3729 τοίνυν,
2711 3665 2796 3719 ἴνα
2833 3667 2864 3734 ὴ
2911 3662 3206 3730 ἐπαγγελία
3237 3663 3330 3715 τοῦ
3387 3660 3688 3714 Ἐλισσαίου
3736 3659 3866 3726 πλη·

2307 3758 2472 3827 ρωθῇ,
2503 3754 2955 3824 διεσκεδάσθησαν
2989 3755 3043 3805 αί
3076 3752 3259 3822 βουλαὶ
3283 3754 3377 3823 τῆς
3406 3751 3624 3821 Συρίας,
3659 3752 3755 3804 καὶ
3777 3767 3868 3803 κα-

2301 3847 2614 3909 ταλιπόντες
2654 3846 2751 3908 τάς
2788 3845 2992 3915 σκηνάς
3036 3847 3244 3900 ἑαυτῶν
3295 3845 3386 3898 καὶ
3425 3845 3602 3897 πᾶσαν
3641 3844 3743 3915 τὴν
3775 3859 3867 3895 πε-

2306 3937 2546 4008 ριουσίαν
2571 3935 2793 4005 ἔφυγον,
2822 3936 3084 4006 τοσαύτην
3118 3935 3367 4006 εὐθηνίαν
3403 3934 3785 3996 καταλιπόντες
3815 3934 3866 3984 ἐν

2304 4032 2368 4099 τῇ
2391 4029 2687 4101 Σαμαρείᾳ,
2723 4028 2862 4081 ὥστε
2917 4028 3108 4098 μέτρον
3158 4027 3482 4096 σεμιδάλεως
3525 4026 3707 4080 σίκλου
3730 4069 3744 4091 ,
3783 4023 3869 4078 καὶ

2305 4120 2557 4192 δίμετρον
2588 4120 2781 4190 κριθῆς
2827 4119 2943 4183 ἐνὸς
2982 4119 3163 4172 σίκλου
3211 4118 3522 4171 πωλεῖσθαι.
3575 4118 3731 4170 Οὕτω
3777 4116 3867 4184 μὲν

2307 4206 2399 4264 οὖν
2447 4212 2475 4262 6
2520 4207 2721 4279 Κύριος
2748 4203 2855 4261 οἶδε
2889 4207 3256 4271 διασκεδάξειν
3291 4207 3483 4278 βουλάς
3515 4206 3705 4259 ἐθνῶν.
3754 4204 3868 4266 Πῶς

2309 4302 2365 4354 δὲ
2399 4301 2578 4354 ἀθετεῖ
2614 4300 2804 4369 βουλὰς
2847 4299 2958 4367 (25)
3004 4300 3306 4370 ἀρχόντων,
3338 4298 3430 4350 ἐπὶ
3464 4296 3557 4349 τοῦ
3601 4295 3870 4366 Ἀχιτόφελ

2315 4394 2733 4465 μεμαθήκαμεν,
2788 4391 2875 4443 ὅτε
2923 4389 3124 4460 ηὔξατο
3176 4390 3337 4460 εὐχὴν
3391 4391 3419 4441 6
3462 4389 3623 4442 Δαϐὶδ
3669 4389 3867 4455 λέγων·

646 4497 936 4548 ετυιηηθε,
969 4484 1186 4550 damna,
1249 4494 1339 4569 aut
1376 4486 1593 4556 plagas,
1635 4493 1728 4538 aut
1777 4495 2004 4538 mortem
2038 4484 2201 4535 illatu-

2311 4482 2720 4536 Διασκέδασον
2759 4481 2832 4548 δὴ
2883 4483 2995 4548 τὴν
3031 4481 3274 4546 ,ϐουλὴν
3330 4480 3660 4546 Ἀχιτόφελ.
3709 4480 3871 4531 Ὅταν

646 4591 788 4639 rum,
826 4576 1034 4646 respice
1076 4577 1144 4631 ad
1189 4576 1470 4631 Dominum
1516 4577 1752 4647 gentium
1791 4574 2014 4630 consilia
2045 4573 2205 4628 dissi-

645 4677 887 4736 pantem,
921 4678 976 4722 et
1004 4669 1321 4738 populorum
1355 4669 1706 4738 cogitationes
1735 4667 2135 4734 reprobantem.

2310 4569 2404 4625 οὖν
2435 4571 2673 4641 ἀκούσῃς
2703 4570 2843 4632 τινὸς
2873 4570 3215 4632 ἀπειλοῦντος
3238 4569 3464 4640 μεγάλα,
3488 4568 3582 4621 καὶ
3613 4568 3874 4635 ἐπαγγελ-

2311 4665 2535 4736 λομένου
2573 4681 2653 4716 σοι
2687 4663 3028 4726 παντοδαπὰς
3061 4661 3276 4727 ἐπάξειν
3319 4661 3616 4725 κακώσεις,
3657 4660 3871 4730 ζημίας,

646 4756 937 4829 ἦπληγὰς,
973 4760 1005 4830 ἦ
1042 4759 1323 4825 θανάτους,
1369 4759 1670 4829 ἀπόϐλεψον
1707 4758 1838 4831 πρὸς
1885 4756 1973 4811 τὸν
2012 4756 2215 4829 Κύριον
2249 4756 2340 4810 τὸν
2396 4755 2809 4820 διασκεδάζοντα
2879 4753 3072 4824 βουλὰς
3110 4754 3310 4819 ἐθνῶν,
3346 4755 3439 4808 καὶ
3470 4753 3762 4807 ἀθετοῦντα
3793 4755 3874 4806 λο-

648 4855 876 4926 γισμοὺς
906 4854 1071 4910 λαῶν.

719 5003 765 5034 ⁷⁸
796 5001 837 5056 ll
867 5002 998 5073 Cor.
1036 5016 1089 5065 v,
1115 5002 1202 5060 l7.
1277 5004 1323 5035 ⁷⁷
1367 5005 1560 5073 Ephes.
1613 5016 1672 5068 ll,
1724 5001 1811 5058 15.
1885 5000 1931 5032 "
1957 4998 2024 5054 ιν
2049 4999 2178 5070 Reg.

2340 4996 2435 5064 25,
2485 5011 2587 5049 sec.
2624 4987 2794 5044 LXX.
2868 4984 3005 5041 "1V
3035 4985 3169 5056 Reg.
3206 5000 3302 5050 vlt,
3345 4982 3395 5049 Ι,
3452 4983 3539 5047 l6,
3595 4981 3685 5037 18.
3759 4982 3803 5013 ⁸⁸
3834 4979 3873 5035 ll

649 5069 787 5144 Reg.
821 5088 914 5137 xv,
940 5071 1029 5126 51.

743 5227 832 5298 Ἡ)
855 5226 1009 5298 Coll).
1037 5226 1243 5298 primus
1270 5223 1488 5293 ἀνάγειν
1528 5222 1721 5298 ’ταζιταΣ

745 5290 834 5369 25)
862 5297 938 5352 lta
984 5290 1140 5351 multi
1186 5290 1460 5369 mss._cum
1483 5295 1677 5369 editis.
1699 5294 1834 5369 Reg.
1866 5290 2130 5369 secundus
2162 5299 2217 5344 et

2313 5218 2440 5274 dere
2463 5225 2544 5270 est
2577 5223 2631 5271 et
2669 5214 2952 5270 lectionem
2984 5212 3141 5268 aliam
3167 5212 3328 5268 πέντε
3368 5211 3422 5265 in
3449 5211 3693 5277 margine
3725 5209 3868 5273 Regii

2325 5287 2573 5343 secundi.
2631 5285 2824 5339 Totum
2857 5294 3036 5338 autem
3095 5284 3245 5344 illud,
3274 5283 3369 5337 καὶ
3413 5282 3669 5352 τέταρτον
3710 5280 3870 5332 κάδον

652 5351 831 5424 Coib.'
864 5351 1058 5423 sextus
1114 5381 1236 5421 cum
1294 5364 1496 5419 Catena
1540 5351 1877 5418 ϐοῶσι-,Ἕν
1947 5363 2201 5433 Ἰερουσα-

2315 5359 2522 5433 ⁴κόπρου
2551 5354 2882 5433 περιστερῶν
2913 5354 3069 5433 πέντε
3109 5353 3301 5407 σίκλων
3329 5351 3612 5433 ἀργυρίου.ε
3653 5352 3868 5433 ἀεεξιῇιι

824 5420 1052 5494 sed—vita
1103 5420 1304 5494 tamen.
1343 5444 1401 5488 ut
1438 5433 1640 5489 Catena
1675 5434 1898 5488 Corder.
1935 5420 2221 5489 leeiiouem
2318 5420 2452 5497 Reg'.
2484 5420 2694 5497 quario.
2722 5420 2841 5480 ut):
2875 5426 3024 5479 multi
3059 5439 3190 5480 mss.
3221 5420 3421 5493 σκηνάς
3448 5420 3673 5475 ἑαυτῶν.
3708 5420 3871 5474 Editin

653 5439 789 5562 λήμ,
824 5442 916 5494 sed
974 5440 1046 5490 ita
1103 5448 1304 5494 tamen.
1343 5444 1401 5488 ut
1438 5439 1640 5489 Catena
1675 5439 1898 5488 Corder.
1935 5439 2082 5489 lectic

655 5525 721 5564 νυ
749 5519 924 5580 gatam
966 5507 1181 5580 Ἰσραήλ
1204 5505 1456 5580 exhibeat
1485 5519 1694 5572 quoque
1724 5503 1778 5557 in
1821 5505 2082 5580 margine.

728 5573 843 5649 (24)
876 5573 1288 5649 Begii’tertius,
1309 5577 1529 5649 quintus
1562 5583 1617 5628 et
1643 5585 1829 5649 sextus
1853 5583 1910 5649 et
1936 5573 2089 5649 Celb.
2131 5585 2216 5649 se-

657 5642 859 5718 ptimus
889 5642 1008 5703 cum
1031 5649 1189 5702 editis
1222 5642 1386 5699 πέντε
1420 5643 1636 5698 σίκλων.
1670 5644 1739 5697 At
1772 5643 2073 5718 Colbertin_i
2110 5642 2219 5718 pri-

660 5712 799 5781 inus,
820 5721 1033 5783 tertius,
1060 5728 1302 5788 quartus,
1335 5718 1555 5788 quintus
1593 5725 1645 5768 et
1673 5724 1857 5788 sextus
1888 5730 2008 5769 cum
2025 5712 2220 5788 ‘Regiis

660 5792 834 5862 primo
863 5799 917 5847 et
952 5783 1185 5846 secundo
1227 5787 1414 5845 ἑκατὸν
1447 5786 1662 5850 σίκλων,
1699 5787 1843 5856 gravi
1884 5785 2093 5840 mendo.
2137 5783 2220 5836 Vi-

2319 5496 2492 5552 Paris.
2516 5496 2715 5551 αὐτῶν.

2392 5566 2505 5638 (25)
2563 5567 2636 5620 Ita
2675 5565 3082 5638 quinquegmss.
3142 5562 3280 5638 Editi
3331 5575 3460 5638 vero
3509 5559 3691 5615 ἀθετεῖ
3729 5560 3870 5638 λογι-

2326 5633 2515 5709 σμούς,
2556 5636 2797 5705 reprobat
2825 5633 3202 5709 "cogitationes.
3243 5633 3434 5709 §tatim
3477 5643 3657 5709 nostra
3705 5633 3867 5709 sditio

2325 5700 2511 5762 Paris.
2537 5700 2822 5775 operarum
2843 5700 3068 5776 incuria,
3103 5703 3357 5776 ἐπάρξειν
3397 5700 3686 5767 κακώσεις.
3704 5700 3868 5757 Editio

2324 5779 2485 5835 Basil.
2511 5774 2720 5834 etimss.
2757 5777 2906 5833 mulli
2941 5774 3179 5843 ἐπάξειν.
