4068 6318
128 362 251 423 341

124 582 446 651 λογισμοί
484 581 595 653 τῆς
638 582 884 653 καρδίας
922 587 1108 641 αὐτοῦ
1146 592 1232 654 είς
1254 591 1468 661 γενεὰν
1515 595 1614 647 καὶ
1654 612 1746 663 γε·

124 673 332 725 νεᾶν.
362 673 475 745 Οὐχ
492 676 623 747 ὁρᾷς
650 674 719 728 τὰ
745 674 852 728 τῶν
878 675 1046 731 ἐθνῶν
1078 679 1342 751 δόγματα,
1376 680 1475 752 τὴν
1511 686 1745 753 ματαίαν

124 766 370 837 ταύτην
416 769 755 839 φιλοσοφίαν,
791 770 937 833 ὅπως
979 769 1164 825 λεπτοὶ
1207 775 1301 827 καὶ
1334 775 1577 845 περιττοὶ
1618 778 1745 849 περὶ

124 858 247 919 τὰς
275 861 541 933 εὑρήσεις
567 860 673 912 τῶν
698 860 978 932 δογμάτων
1006 866 1142 919 εἰσὶν
1172 865 1227 917 ἐν
1252 883 1310 918 τε
1350 866 1585 933 λογικοῖς
1614 869 1745 923 θεω-

132 950 376 1020 ρήμασι
409 955 499 1006 καὶ
533 952 748 1022 ἠθικαῖς
778 954 1069 1023 διατάξεσι,
1108 958 1201 1011 καὶ
1238 958 1601 1027 φυσιολογίαις
1632 964 1743 1017 τισὶ

131 1042 245 1095 καὶ
274 1045 549 1116 δόγμασιν
572 1045 752 1110 ἄλλοις
780 1052 891 1113 τοῖς
912 1050 1223 1111 ἐποπτικοῖς
1255 1049 1367 1117 (26)
1395 1050 1703 1121 λεγομένοις
1726 1070 1740 1120 ;

132 1137 275 1200 πῶς
320 1135 691 1192 διεσκέδασται
715 1140 912 1204 πάντα,
938 1142 1031 1195 καὶ
1051 1140 1363 1210 ἠχρείωται,
1398 1143 1532 1215 μόνη
1563 1145 1618 1198 δὲ
1647 1148 1744 1216 ἐμ-

132 1227 510 1283 πλιτεύεται
547 1229 641 1285 νῦν
694 1232 771 1304 τῷ
799 1234 989 1303 κόσμῳ
1028 1234 1060 1303 ἡ
1114 1232 1335 1306 ἀλήθεια
1372 1236 1466 1289 τοῦ
1501 1237 1741 1305 Εὐάγγε-

135 1320 272 1375 λίου
304 1339 320 1385 ;
372 1322 570 1379 Πολλαὶ
603 1325 710 1393 γὰρ
749 1327 803 1378 αί
857 1324 1040 1394 βουλαὶ
1093 1326 1151 1379 ἐν
1189 1327 1384 1399 καρδίᾳ
1414 1328 1738 1399 ἀνθρώπων·

134 1413 274 1464 ἀλλ’
314 1415 351 1484 ἡ
392 1414 551 1487 βουλὴ
576 1416 670 1469 τοῦ
712 1416 918 1486 Κυρίου
973 1416 1260 1489 ἐκράτησε.
1312 1418 1421 1469 Καὶ
1451 1420 1741 1485 ἀναγκαῖόν

137 1523 246 1575 γε,
287 1510 343 1561 εί
378 1510 558 1581 μέλλοι
604 1510 716 1575 (‘27)
767 1510 989 1581 μόνιμος
1034 1513 1128 1565 καὶ
1161 1510 1345 1581 έδραία
1387 1512 1419 1580 ἡ
1456 1510 1606 1580 παρὰ
1648 1510 1740 1562 τοῦ

136 1598 297 1654 Θεοῦ
328 1602 489 1672 βουλὴ
518 1604 635 1665 ταῖς
670 1602 866 1674 ψυχαῖς
905 1607 935 1673 ἠ
947 1605 1061 1674 μῶν
1098 1602 1473 1672 ὲναπομένειν,
1522 1601 1741 1673 προδιαο

144 1694 532 1764 σκεδασθῆναι
562 1695 822 1767 πρότερον
852 1699 910 1749 ἐν
944 1699 1071 1765 ἡμῖν
1102 1695 1226 1757 τοὺς
1256 1694 1624 1766 ἀνθρωπίνους
1658 1694 1743 1747 λο-

142 1785 421 1856 γισμούς.
465 1786 672 1858 ’Ὠσπερ
714 1790 822 1858 γὰρ
870 1791 897 1840 ὁ
947 1786 1178 1857 γράφειν
1235 1788 1441 1857 μέλλων
1464 1789 1520 1839 ἐν
1564 1786 1738 1858 κηρῷ,

144 1879 642 1948 προκαταλεαίνων
672 1879 951 1950 πρότερον,
979 1878 1149 1943 οὕτως
1182 1881 1459 1933 ἐπιϐάλλει
1492 1881 1615 1943 τοὺς
1646 1879 1740 1931 τύ-

144 1986 302 2033 πους
333 1970 427 2035 οὓς
466 1972 560 2024 ἐὰν
588 1972 746 2045 θέλῃ*
778 1972 918 2027 οὕτω
959 1974 1052 2026 καὶ
1092 1973 1316 2044 καρδίαν
1346 1973 1449 2044 χρὴ
1479 1973 1576 2044 τὴν
1612 1973 1739 2043 μὲλ-

147 2061 367 2115 λουσαν
400 2064 611 2135 τρανῶς
646 2063 997 2136 ὑποδέχεσθαι
1027 2064 1094 2118 τὰ
1129 2064 1244 2117 θεῖα
1289 2062 1463 2131 λόγια.
1498 2066 1741 2138 καθαράν

147 2152 220 2204 ὲκ
255 2153 372 2213 τῶν
403 2154 657 2207 ἐναντίων
696 2154 968 2225 λογισμῶν
1009 2154 1411 2225 ἀποδειχθῆναι.
1456 2156 1739 2223 Λογισμοὶ

153 2244 273 2311 τῆς
296 2246 546 2315 καρδίας
585 2248 771 2301 αὑτοῦ
800 2250 887 2312 είς
925 2248 1138 2315 γενεὰν
1174 2249 1271 2300 καὶ
1316 2245 1546 2317 γενεάν,
1591 2248 1741 2301 Ἐπεὶ

148 2332 252 2387 οὖν
284 2336 381 2389 δύο
433 2340 570 2389 εἰσὶν
617 2341 664 2391 οἱ
701 2337 945 2391 ἐκλεκτοὶ.
991 2338 1103 2407 (28)
1146 2337 1284 2398 λαοὶ,
1314 2341 1408 2392 καὶ
1440 2340 1531 2393 δύο
1559 2341 1741 2404 αὐτοῖς

150 2426 420 2498 διαθῆκαί
449 2431 554 2481 εἰσι
584 2427 981 2499 δεδωρημέναι,
1016 2429 1266 2483 δύνανται
1307 2429 1444 2484 κατὰ
1486 2431 1578 2496 τὸ,
1632 2436 1741 2485 Λο-

150 2520 367 2588 γισμοί
394 2520 500 2589 τῆς
529 2521 775 2590 καρδίας
803 2521 987 2577 αὐτοῦ
1019 2525 1107 2589 εὶς
1145 2524 1355 2592 γενεὰν
1388 2524 1486 2577 καὶ
1508 2523 1738 2593 γενεὰν,

152 2611 242 2674 δὶς
276 2612 379 2681 τῆς
402 2616 592 2681 γενεᾶς
627 2615 1030 2687 ὀνομαζομένης
1050 2656 1063 2679 ,
1093 2615 1184 2669 δύο
1208 2616 1443 2669 νοεῖσθαι
1473 2617 1565 2668 καὶ
1598 2615 1739 2683 λογι-

156 2704 325 2773 σμοί·
352 2702 431 2768 εἷς
464 2707 561 2776 μὲν
589 2709 710 2761 καθ’
744 2709 801 2761 ὃν
839 2711 938 2781 τὴν
973 2709 1241 2781 προτέραν
1284 2706 1579 2778 ἐδεξάμεθα
1617 2710 1741 2761 Δια-

158 2797 364 2867 θὴκην,
411 2799 592 2868 ἕτερος
634 2801 690 2852 δὲ
736 2803 763 2854 ὁ
811 2801 907 2872 τὴν
958 2802 1146 2873 καινὴν
1202 2804 1294 2857 καὶ
1336 2801 1597 2872 σωτήριον
1648 2800 1741 2854 τοῦ

157 2889 407 2960 Χριστοῦ
458 2890 804 2945 διδασκαλίαν
844 2896 972 2963 ἡμῖν
1011 2895 1393 2965 χαρισάμενος.
1445 2893 1744 2963 Μακάρων

159 2980 231 3031 τὸ
276 2980 453 3047 ἔθνος
476 2978 547 3037 οὗ
580 2983 710 3036 ἐστι
742 2985 954 3051 Κύριος
991 2988 1024 3039 ό
1066 2984 1210 3049 Θεὸς
1250 2985 1455 3048 αὑτοῦ,
1501 2986 1652 3051 λαός
1673 2986 1743 3039 ὃν

160 3070 489 3137 ἐξελέξατο
534 3076 621 3139 είς
643 3077 1041 3145 κληρονομίαν
1073 3076 1281 3142 ἐαυτῷ.
1305 3079 1490 3141 Οὐδεὶς
1513 3077 1743 3148 μακαρία

166 3164 251 3228 ζει
289 3166 384 3218 τὸν
427 3165 553 3219 λαὸν
582 3166 691 3220 τῶν
733 3166 1016 3230 Ἰουδαίων,
1063 3168 1198 3221 ἀλλὰ
1228 3170 1317 3221 τὸν
1345 3169 1470 3221 λαὸν
1506 3169 1597 3222 τὸν
1638 3168 1743 3221 ἀπὸ
1770 3198 1811 3254 C

165 3261 391 3312 πάντων
432 3259 540 3312 τῶν
585 3258 726 3314 λαῶν
772 3259 1077 3332 ἀριστίνδην
1113 3259 1501 3331 ὲξειλεγμένον.
1556 3260 1743 3330 Ἡμεῖς

164 3352 278 3421 γάρ
319 3354 485 3422 ἐσμεν
508 3352 569 3405 τὸ
608 3350 778 3417 ἔθνος,
816 3345 890 3405 ὧν
940 3353 1055 3405 ἐστι
1092 3353 1295 3426 Κύριος
1331 3355 1360 3407 ὁ
1389 3352 1518 3416 Θεὸς
1547 3352 1738 3424 ἡμῶν·

167 3441 333 3510 ἡμεῖς
371 3443 537 3513 ἐσμεν
569 3444 663 3496 καὶ
703 3442 830 3506 λαὸς
860 3443 918 3495 ὃν
946 3442 1225 3508 ἐξελέξατο
1263 3445 1343 3507 είς
1381 3444 1741 3515 κληρονομίαν

169 3533 388 3604 ἑαυτῷ·
442 3536 591 3599 ἔθνος
644 3536 761 3607 μὲν,
796 3536 882 3589 διὰ
914 3535 975 3588 τὸ
1006 3534 1063 3600 ἐξ
1103 3534 1270 3588 ἐθνῶν
1314 3535 1524 3588 πολλῶν
1568 3551 1731 3587 συνει-

168 3626 382 3697 λέχθαι,
413 3627 537 3691 λαὸς
562 3629 639 3692 δέ,
678 3629 766 3682 διὰ
801 3630 863 3683 τὸ
891 3629 1010 3683 ἀντὶ
1048 3628 1140 3681 τοῦ
1184 3627 1580 3698 άποϐληθέντος
1610 3626 1740 3679 λαοῦ

171 3718 598 3792 προσκληθῆναι.
648 3723 756 3775 Καὶ
799 3723 982 3793 ἐπειδὴ
1025 3722 1246 3776 Πολλοὶ
1289 3720 1516 3787 κλητοί,
1558 3720 1746 3791 ὀλίγοι

170 3810 241 3865 δὲ
278 3813 569 3878 ἐκλεκτοί,
596 3812 883 3884 μακαρίζει
914 3815 1035 3884 οὐχὶ
1066 3813 1154 3867 τὸν
1179 3812 1464 3885 κληθέντα,
1493 3812 1626 3866 ἀλλά
1653 3811 1743 3865 τὸν

174 3904 522 3976 ἐπιλεχθέντα.
553 3906 835 3975 Μακάριος
855 3905 962 3975 γὰρ
990 3906 1047 3957 ὃν
1076 3904 1351 3969 ἐξελέξατο
1385 3906 1513 3972 (29).
1561 3906 1654 3967 Τίς
1685 3905 1742 3958 δὲ

173 4002 205 4067 ἡ
244 3999 393 4051 αἰτία
429 3998 522 4051 τοῦ
567 3997 947 4069 μακαρισμοῦς
991 3998 1055 4050 Ἡ
1088 3997 1505 4069 προσδοκωμένη
1546 3998 1742 4068 κληρο-

174 4094 338 4162 νομία
385 4093 491 4145 τῶν
540 4093 769 4147 αἰωνίων
815 4093 1050 4162 ἀγαθῶν.
1111 4093 1178 4144 Ἢ
1216 4092 1422 4162 μήποτε
1478 4091 1615 4142 κατὰ
1656 4090 1745 4142 τὸν

189 4184 544 4246 Ἀπόστολον,
593 4185 811 4254 ἐπειδὴ,
865 4186 989 4237 ὅταν
1030 4185 1091 4236 τὸ
1139 4184 1409 4254 πλήρωμα
1445 4182 1549 4235 τῶν
1579 4182 1746 4235 ἐθνῶν

176 4274 414 4345 εἰσέλθῃ,
450 4275 570 4329 τότε
603 4278 710 4338 πᾶς
763 4274 974 4345 Ἰσραὴλ
1001 4274 1331 4344 σωθήσεται,
1378 4273 1591 4345 πρῶτον
1640 4291 1746 4342 μα-

177 4367 395 4438 καρίζει
418 4367 479 4421 τὸ
507 4367 776 4438 πλήρωμα
798 4367 904 4419 τῶν
942 4366 1109 4419 ἐθνῶν
1128 4410 1141 4430 ,
1179 4366 1363 4418 ἔπειτα
1404 4365 1494 4418 τὸν
1523 4364 1746 4436 ὕστερον

180 4448 485 4531 σωζόμενον
551 4458 800 4530 Ἰσραήλς
862 4458 1096 4523 Σώζεται
1150 4458 1235 4518 δὲ,
1279 4458 1551 4529 δηλονότι,
1587 4459 1682 4527 οὐχ
1715 4459 1743 4509 ὁ

177 4554 375 4625 τυχὼν,
407 4553 541 4608 ἀλλὰ
571 4554 633 4606 τὸ
676 4553 881 4623 λεῖμμα
919 4552 1075 4623 μόνον
1114 4552 1174 4603 τὸ
1213 4553 1333 4604 κατ’
1379 4551 1608 4621 ἐκλογὴν
1655 4551 1743 4620 χά-

183 4665 347 4718 ριτος.
377 4647 475 4701 Διὰ
498 4646 653 4700 τοῦτό
676 4664 805 4719 φησι
826 4663 839 4677 ο
871 4645 1027 4712 Audi;
1052 4644 1124 4697 ὃν
1146 4642 1462 4709 ἐξελέξατο
1484 4644 1569 4708 εὶς
1601 4646 1745 4711 κλη-

175 4742 465 4811 ρονομίαν
487 4737 696 4805 ἐαυτῷ.

1334 377 1610 436 IIOMILIA
1654 381 1719 437 ΙΝ
1754 382 2077 441 PSALMUM
2120 386 2331 442 XXXII.

214 489 279 541 7.
321 492 395 543 Ἠ
417 488 483 541 δὲ
501 490 705 560 ,ϐουλὴ
735 490 841 544 τοῦ
863 492 1080 560 Κυρίου
1101 496 1182 561 είς
1208 496 1313 550 τὸν
1347 496 1532 553 αἰῶνα
1548 500 1743 570 μένει·
1776 512 1819 563 Α

3312 389 3417 445 542

1919 506 1970 562 7.
2013 506 2171 560 \‘Ens.
2210 507 2291 560 Η.
2334 505 2621 561 Consilium
2654 515 2825 559 autem
2855 505 3062 561 Domini
3089 509 3141 562 in
3165 516 3417 563 cateruam

1848 614 2060 653 manet:
2093 600 2440 669 cogitationes
2474 599 2650 652 cordis
2686 599 2799 668 ejus
2848 599 2902 651 in
2949 603 3326 666 generationem
3364 608 3414 654 et

1846 691 2250 759 generationem.
2284 690 2398 743 Non
2430 692 2577 746 vides
2635 691 2875 761 gentium
2907 691 3177 759 dogmata,
3220 707 3414 746 vanam

1848 783 1983 839 hanc
2034 783 2449 854 philosophiam,
2504 800 2662 852 quain
2711 783 2934 839 subtiles
2982 783 3091 836 sint
3135 791 3189 836 et
3229 783 3413 840 eximii

1846 878 1987 930 circa
2054 876 2366 945 dogtuatunt
2410 874 2745 929 inventiones
2769 915 2785 940 ,
2835 884 2944 929 tntn
2981 877 3031 927 in
3063 875 3416 930 rationalibus

1845 965 2407 1035 contemplationibus,
2438 966 2595 1037 139
2619 976 2728 1019 tum
2763 968 2814 1019 in
2868 966 3160 1022 moralibus
3210 981 3413 1036 praere-

1845 1058 2135 1126 ριίοιιίὺητς,
2167 1067 2221 1113 ει
2245 1058 2296 1111 in
2330 1057 2562 1128 physicis
2598 1057 2913 1127 quibusdam
2948 1060 3245 1114 rationibus
3267 1060 3414 1114 aiiis-

1844 1164 1949 1215 que
1983 1152 2268 1219 epoptit-is,
2302 1166 2420 1218 qua:
2467 1160 2685 1215 vocant,
2728 1150 3068 1219 dogmatibus
3096 1153 3118 1205 ?
3143 1156 3413 1222 quomodo

1844 1241 2098 1310 dissipata
2145 1243 2250 1295 sint
2295 1241 2498 1303 omnia,
2549 1250 2603 1293 et
2657 1240 2863 1293 inutilia
2912 1242 3046 1294 laeta
3076 1281 3090 1300 ,
3125 1257 3226 1295 una
3286 1255 3415 1297 vero

1845 1330 2120 1400 Evangelii
2152 1334 2350 1387 veritas
2374 1346 2516 1385 nunc
2551 1331 2601 1382 in
2633 1332 2832 1383 mundo
2857 1331 3063 1399 vigeat?
3082 1329 3238 1384 Multa
3267 1333 3411 1385 enim

1842 1426 1894 1479 in
1928 1426 2204 1481 hominum
2242 1427 2490 1479 cordibus
2524 1424 2833 1477 volutantur
2858 1423 3077 1477 consilia
3111 1440 3125 1488 ;
3154 1424 3242 1477 sed
3274 1440 3413 1491 pra:-

1842 1519 2011 1573 valuit
2039 1516 2247 1572 Domini
2282 1519 2583 1572 consilium.
2618 1517 2684 1571 Et
2724 1518 2936 1587 quidem
2968 1532 3188 1571 necesse
3216 1527 3318 1581 est,
3363 1518 3408 1571 si

1843 1608 1935 1662 Dei
1970 1612 2250 1665 consilium
2278 1612 2471 1666 stabile
2521 1625 2584 1665 ac
2625 1613 2837 1664 lirtnum
2871 1608 2924 1662 in
2971 1608 3164 1662 animis
3209 1609 3409 1663 nostris

1844 1717 2157 1771 permanere
2213 1701 2400 1765 debet,
2446 1713 2502 1757 ut
2554 1705 2701 1773 prius
2748 1704 2798 1757 itt
2848 1703 3002 1758 nobis
3057 1701 3411 1768 cogitationes

1846 1796 2089 1851 humana:
2136 1795 2479 1865 dissipentur.
2533 1796 2986 1860 Quemadmodum
3035 1795 3178 1849 enim
3215 1794 3304 1864 qui
3355 1792 3411 1846 in

1843 1901 1961 1939 cera
1982 1890 2278 1959 scripturus
2308 1896 2411 1953 est,
2429 1903 2489 1941 ea
2521 1888 2668 1955 prius
2711 1886 3156 1955 complanata,ita
3192 1888 3407 1940 demum

1842 1992 1974 2045 quas
2002 1978 2111 2030 vult
2147 1979 2348 2032 formas
2374 1977 2631 2047 imprimit
2674 1995 2687 2030 :
2723 1976 2802 2029 sic
2831 1983 2885 2029 et
2913 1990 3006 2028 cor
3044 1976 3183 2043 quod
3230 1974 3410 2026 divina

1840 2069 2055 2123 oracula
2114 2069 2259 2124 clare
2307 2080 2677 2137 suscepturum
2727 2078 2841 2134 est,
2882 2084 3070 2137 purntn
3109 2080 3137 2119 a
3194 2073 3411 2120 contra-

1840 2162 1937 2215 riis
1975 2159 2384 2229 c03itationibus
2432 2160 2579 2213 reddi
2624 2169 2850 2228 oportet.
2897 2161 3250 2230 Cogitationes
3295 2172 3413 2210 con-

1839 2253 1919 2306 dis
1964 2250 2077 2322 ejus
2123 2250 2181 2303 in
2227 2249 2609 2318 generationem
2667 2260 2712 2301 et
2776 2251 3177 2319 generationem.
3226 2246 3412 2315 Itaque

1840 2345 2013 2414 ponuli
2052 2343 2205 2398 electi
2244 2341 2351 2396 duo
2395 2356 2514 2396 cum
2555 2340 2688 2405 sint,
2720 2340 2930 2409 duoque
2980 2340 3059 2394 eis
3093 2342 3282 2394 tradita
3330 2349 3412 2393 te-

1841 2447 2103 2491 stamenta
2125 2478 2140 2501 ,
2170 2451 2264 2505 per
2296 2434 2441 2499 illud,
2482 2433 2835 2504 Cogitationes
2878 2433 3047 2487 cordis
3078 2433 3189 2501 ejus
3221 2432 3275 2488 in
3319 2448 3409 2501 ge-

1843 2529 2160 2582 nerationem
2210 2538 2257 2581 et
2312 2527 2727 2597 generationem,
2768 2535 3023 2595 possunt,
3065 2522 3412 2592 generatione

1845 2621 1927 2673 bis
1980 2620 2287 2681 nominata,
2343 2620 2462 2672 dum
2500 2632 2710 2688 quoque
2751 2617 3106 2687 cogitationes
3166 2615 3407 2684 intelligi.

1846 2711 1959 2765 Una
1993 2710 2207 2779 quidem
2254 2709 2547 2763 secundum
2594 2722 2753 2776 quam
2812 2707 2959 2776 prius
3007 2705 3408 2760 Testamentum

1843 2802 2148 2870 accepimus
2194 2816 2209 2853 :
2248 2800 2415 2854 altera
2468 2814 2616 2865 vero,
2653 2814 2772 2868 quae
2799 2810 2989 2852 novam
3025 2806 3079 2851 et
3118 2796 3408 2850 salutarem

1842 2895 2039 2950 Christi
2072 2894 2371 2951 doctrinam
2402 2891 2557 2947 nobis
2581 2892 2768 2960 largita
2800 2901 2900 2943 est.
2926 2888 3083 2942 Vens.
3122 2888 3209 2941 12.
3243 2888 3411 2940 Beata

1842 3001 1961 3055 gens
1992 2984 2139 3052 cujus
2173 2994 2246 3037 est
2298 2983 2553 3036 Dominus
2602 2979 2739 3033 Deus
2799 2979 2957 3046 ejus;
2990 2980 3213 3045 populus
3258 2990 3409 3041 quem

1842 3075 1990 3142 elegit
2050 3074 2105 3126 in
2152 3073 2505 3126 hereditatem
2535 3070 2652 3124 sibi.
2687 3067 2855 3123 Nemo
2904 3070 3115 3122 beatum
3158 3069 3410 3138 praedicat

1842 3162 2146 3218 Jndieorum
2180 3162 2452 3232 populum,
2490 3160 2582 3214 sed
2614 3176 2735 3214 eum
2770 3159 3043 3228 populum,
3079 3160 3167 3227 qni
3200 3172 3267 3209 ex
3293 3174 3410 3210 om-

1846 3255 1999 3310 nibus
2024 3254 2235 3325 populis
2279 3253 2356 3308 sic
2395 3253 2597 3308 electus
2642 3261 2742 3307 est.
2780 3262 2838 3307 ut
2874 3250 3061 3320 optimi
3096 3249 3292 3318 quique
3325 3263 3412 3302 se-

1842 3349 1965 3404 lecti
2021 3350 2150 3404 sint.
2184 3346 2381 3402 Sumus
2431 3344 2573 3400 enim
2603 3359 2735 3415 gens
2769 3343 2856 3396 illa
2900 3357 3015 3405 nos,
3048 3356 3275 3410 quorum
3324 3349 3409 3394 est

1843 3445 2097 3498 Dominus
2151 3442 2289 3496 Dens
2332 3450 2513 3496 noster
2552 3457 2566 3493 :
2600 3454 2699 3493 nos
2731 3451 2914 3491 sumus
2958 3435 3119 3490 etiam
3151 3431 3400 3502 pontilus.

1841 3548 1997 3602 quem
2022 3533 2180 3602 elegit
2195 3533 2246 3585 in
2267 3530 2629 3585 haereditatem
2652 3530 2751 3584 sibi
2771 3528 2850 3594 ⁸¹;
2878 3543 3007 3598 gens
3029 3526 3263 3598 quidem,
3284 3526 3408 3596 quia

1846 3640 1909 3679 ex
1943 3624 2122 3677 multis
2160 3624 2405 3692 gentibus
2434 3622 2642 3676 collecti
2689 3638 2871 3675 sumus
2887 3621 2931 3653 “
2958 3639 2971 3672 :
3002 3619 3227 3689 papnlns
3260 3634 3407 3683 vero,

1847 3716 1970 3786 quia
1997 3715 2050 3767 in
2074 3714 2249 3781 populi
2269 3713 2460 3780 abjecti
2485 3713 2656 3765 locum
2687 3711 2930 3765 advocati
2958 3724 3158 3764 sumus.
3192 3709 3255 3762 Et
3280 3725 3414 3777 quo-

1846 3810 1989 3864 niam
2018 3806 2175 3861 Multi
2208 3818 2326 3861 sunt
2354 3805 2545 3868 vocati,
2570 3805 2725 3871 pauci
2774 3818 2887 3856 vero
2928 3801 3162 3865 electi”,
3195 3803 3408 3855 beatum

1846 3901 1974 3956 dicit
2004 3915 2106 3952 non
2133 3906 2399 3962 vocatum,
2419 3895 2512 3950 sed
2538 3894 2785 3949 electum.
2802 3894 2994 3948 Beatus
3018 3907 3243 3961 namque
3257 3905 3409 3957 quem

1844 3993 2027 4061 elegit.
2072 3990 2200 4054 Quae
2232 3999 2409 4041 autem
2440 3986 2787 4040 beatitudinis
2827 3999 2991 4038 causa
3035 3987 3055 4035 !
3095 3983 3410 4052 Exspectata

1848 4085 2106 4137 bonorum
2141 4090 2462 4133 mternorum
2505 4075 2806 4130 haereditas.
2843 4074 2923 4126 An
2969 4072 3105 4127 forte
3158 4071 3407 4141 quoniam

1844 4177 1997 4245 juxta
2048 4172 2365 4243 Apostolnm
2398 4170 2469 4233 “,
2505 4179 2788 4238 postquam
2853 4167 3087 4236 gentium
3137 4165 3413 4232 plenitudo

1849 4266 2149 4330 intraverit,
2213 4273 2337 4318 tunc
2375 4261 2537 4318 Israel
2583 4260 2759 4315 omnis
2814 4258 3136 4319 salvabitnr,
3179 4257 3410 4326 primum

1847 4362 2060 4415 beatam
2118 4355 2377 4427 pradicat
2444 4353 2679 4423 gentium
2745 4350 3123 4420 plenitudinem
3164 4365 3179 4401 :
3224 4347 3415 4400 deinde

1847 4454 2128 4517 Israelem,
2163 4451 2250 4520 qui
2288 4458 2559 4520 postremo
2617 4442 2949 4500 Salvabitnr?
2998 4441 3190 4495 Salvus
3236 4448 3411 4502 autem

1850 4545 1907 4599 lit
1936 4560 2040 4597 non
2072 4541 2266 4611 quivis,
2298 4538 2391 4593 sed
2438 4538 2676 4605 reliqnixe
2715 4537 2921 4596 solum,
2953 4547 3071 4597 quae
3116 4538 3276 4583 erunt
3324 4544 3411 4582 se-

1848 4639 2078 4693 cundum
2108 4635 2426 4689 electionem
2461 4630 2648 4699 gratia:
2677 4628 2747 4681 ⁸⁸.
2783 4625 2908 4678 Ideo
2960 4625 3089 4677 dicit
3124 4641 3137 4677 :
3182 4620 3411 4691 Papulas

1849 4748 1997 4800 quem
2028 4728 2181 4796 elegit
2213 4728 2266 4779 in
2297 4724 2657 4778 Itrvreditatem
2690 4719 2812 4772 sibi.

250 4835 300 4889 8.
318 4806 333 4811 ν
359 4835 452 4899 Ἐξ
479 4833 732 4901 οὐρανοῦ
755 4833 1087 4899 ἐπέϐλεψεν
1116 4832 1401 4897 ὀΚύριος-’
1439 4826 1559 4883 εἶδε
1598 4829 1745 4883 πάι·-

1920 4827 1973 4881 8.
2002 4824 2161 4878 Vens.
2197 4820 2283 4882 1⁸5,
2311 4817 2397 4871 Η.
2434 4815 2507 4869 De
2540 4814 2665 4868 caelo
2697 4810 2920 4878 respexit
2961 4808 3251 4871 Dominus;
3285 4806 3411 4859 vidit

184 4944 286 4993 τας
313 4930 455 4995 τοὺς
480 4928 649 4995 υἱοὺς
664 4926 778 4981 τῶν
792 4923 1114 4992 ἀνθρώπων
1132 4924 1199 4989 ἐξ
1220 4925 1454 4992 ἑτοίμου
1471 4940 1741 4988 κατοικη-

184 5021 387 5088 τηρίου
407 5018 609 5073 αὐτοῦ.
627 5020 764 5081 Τοὺς
788 5018 897 5085 (50)
916 5016 1170 5087 μένοντας
1188 5017 1278 5068 ἐπὶ
1299 5014 1389 5067 τοῦ
1418 5013 1547 5065 ἰδίου
1578 5010 1741 5079 άξιώ-

252 5110 337 5163 "l
377 5110 519 5165 Petr.
549 5127 612 5172 tt,
634 5108 688 5166 9.
764 5110 808 5141 ⁸⁸
838 5108 967 5164 ibid.

252 5204 367 5275 (26‘)
400 5206 653 5274 Dogmata
685 5205 770 5258 illa
809 5220 926 5271 qua:
960 5203 1050 5257 hic
1086 5203 1327 5269 epoptica
1356 5211 1640 5275 vocantur,
1662 5216 1747 5275 sa-

188 5270 417 5329 cratiora
435 5270 678 5345 quaedam
701 5270 894 5329 arcana
924 5289 1043 5345 esse
1075 5284 1344 5345 putamus.
1375 5270 1492 5345 Mn;
1518 5270 1629 5330 illa,
1653 5270 1747 5345 νῷν

188 5347 259 5418 τῷ
291 5341 504 5417 κόσμῴ,
560 5347 753 5418 desunt
786 5345 847 5418 in
894 5341 1105 5396 editis:
1152 5342 1243 5395 sed
1305 5341 1654 5418 reporinnutn
1695 5342 1745 5418 in

190 5412 369 5486 ltegiis
397 5412 654 5479 secundo,
679 5416 832 5469 tertio
854 5420 1129 5483 etqnarlo,
1157 5423 1320 5481 atque
1348 5414 1397 5463 in
1421 5412 1745 5466 Colbertinis

192 5491 359 5555 prium
388 5496 441 5538 et
477 5495 687 5555 quarto.

255 5556 369 5618 (27)
402 5548 736 5623 lta'qnatnor
760 5569 889 5609 mss.
923 5552 1096 5606 Editio
1125 5567 1249 5603 vero
1264 5550 1436 5623 Paris.
1461 5553 1509 5603 εἱ
1541 5548 1740 5623 μέλλει.

255 5615 367 5694 (28l
414 5615 569 5681 Coll}.
613 5634 834 5690 quartus
884 5623 977 5677 δύο
1007 5624 1131 5694 εἰσί
1157 5620 1289 5674 Θεοῦ
1336 5615 1599 5694 ἐκλεκτοί,
1648 5615 1750 5694 du'n

195 5691 306 5751 sunt
341 5697 435 5749 Dei
465 5696 643 5763 pepuli
682 5694 846 5747 electi.
882 5693 1072 5746 Statim
1112 5708 1235 5745 octo
1260 5708 1396 5763 mss.
1422 5691 1640 5743 δύναται
1692 5691 1752 5743 τὸ

196 5761 501 5836 λογισμοί.ζ.
526 5765 619 5818 δύο
645 5763 878 5836 νοεῖσθαι
895 5764 987 5816 καὶ
1018 5761 1326 5832 λογισμούς,
1352 5763 1501 5828 quasi
1533 5763 1748 5836 verbum

198 5831 423 5893 νοεῖσθαι
450 5839 539 5893 hic
569 5837 707 5890 sumi
726 5834 915 5890 debeat
935 5850 1030 5902 pro
1051 5850 1131 5895 eo,
1164 5831 1419 5901 quodest,
1440 5831 1746 5900 expriuu'rr,

1048 5108 1094 5139 ⁸³
1118 5108 1301 5160 Matth.
1327 5104 1519 5168 xx,l6.
1595 5105 1641 5136 ⁸⁵
1675 5103 1831 5157 Rom.

1851 4932 2026 4968 omnes
2057 4912 2195 4981 filios
2223 4910 2489 4962 hominum
2534 4906 2597 4958 de
2636 4914 2923 4972 pra'parato
2961 4897 3262 4954 habitacula
3298 4912 3409 4951 suo.

1854 5010 1954 5062 Eos
1978 5007 2067 5075 qui
2114 5011 2331 5057 manent
2382 5001 2437 5055 in
2487 4997 2700 5070 propria
2741 4995 3033 5066 dignitate,
3072 5002 3127 5046 et
3168 4992 3415 5046 humanae

1858 5118 1932 5163 XI,
1952 5099 2006 5155 5.
2081 5097 2127 5132 ⁸⁸
2158 5097 2288 5151 ibid.

1856 5197 2115 5259 indicare.
2152 5194 2329 5249 Editio
2372 5206 2500 5246 vero
2532 5188 2703 5243 Paris.
2736 5186 2989 5259 ξυνανται
3038 5179 3178 5235 κατὰ
3212 5179 3291 5243 τὸ,
3325 5180 3414 5259 λο-

1855 5265 2066 5336 γισμοί,
2090 5258 2199 5319 etc.
2248 5273 2306 5316 ut
2335 5262 2689 5336 incontextu.
2743 5256 2965 5336 Vereor,
3013 5268 3077 5305 ne
3104 5261 3296 5336 praeter
3327 5251 3414 5303 illa

1854 5328 1969 5403 qua}
1984 5353 2014 5390 e
2039 5333 2454 5390 Commentariis
2475 5328 2691 5403 Ettsehii
2719 5334 2928 5403 sumpta
2947 5337 3066 5403 esse
3088 5328 3413 5403 notavimus,

1853 5393 1951 5459 alia
1985 5420 2198 5475 quoque
2232 5403 2457 5475 orationi
2506 5398 2786 5475 Dasiliana
2838 5393 3062 5448 admista
3107 5393 3260 5445 sint:
3310 5405 3413 5459 qua

1853 5480 1917 5531 de
1957 5470 2016 5527 re
2047 5470 2269 5527 aliorum
2302 5473 2405 5526 erit
2426 5470 2710 5539 judicium.

1922 5546 2033 5615 (29)
2064 5545 2236 5615 Editio
2262 5529 2442 5597 Paris:
2466 5537 2765 5615 ἐξελέξατο,
2795 5536 2947 5607 φησί.
2978 5533 3140 5587 Deest
3194 5529 3328 5601 φησί
3360 5530 3418 5587 in

1859 5611 2086 5683 iis‘quos
2113 5614 2343 5666 vidimus
2377 5611 2672 5684 codicibus.
3017 5675 3043 5684 γ’
3113 5670 3125 5683 .

1930 5669 2039 5755 (5'0)
2098 5685 2191 5755 Sic
2238 5684 2411 5755 editio
2456 5680 2801 5755 Paris.__euni
2853 5669 3413 5755 vetustissimoﬂfieg.

1858 5743 2051 5818 quarto
2084 5766 2133 5808 et
2157 5753 2310 5807 Colb.
2334 5754 2581 5819 septimo.
2610 5748 2710 5801 Alii
2745 5759 2853 5800 tres
2877 5761 3004 5819 mss.
3036 5743 3415 5819 ςιιιιινιειῇιίοηε

1859 5808 2017 5883 liasll.
2036 5808 2158 5888 τοὺς
2178 5824 2274 5893 μὲν
2297 5808 2472 5885 ὄντας.
2503 5820 2628 5888 Reg.
2649 5819 2836 5873 tertius
2860 5816 2984 5878 τοὺς
3007 5814 3103 5884 μὲν
3125 5808 3215 5867 οὖν
3236 5813 3409 5871 ὄντας.
