  <div class='ocr_page' id='page_1' title='image "/cluster/home/n/w/nwhite01/storage/ocr_20150623/29/pst.000005712274/576.png"; bbox 0 0 4068 6318; ppageno 0'>
   <div class='ocr_carea' id='block_1_1' title="bbox 139 371 250 424">
    <p class='ocr_par' dir='ltr' id='par_1_1' title="bbox 139 371 250 424">
     <span class='ocr_line' id='line_1_1' title="bbox 139 371 250 424; baseline 0.018 -2"><span class='ocrx_word' id='word_1_1' title='bbox 139 371 250 424; x_wconf 67' lang='lat' dir='ltr'><strong>ass</strong></span> 
     </span>
    </p>
   </div>
   <div class='ocr_carea' id='block_1_2' title="bbox 135 489 1810 562">
    <p class='ocr_par' dir='ltr' id='par_1_2' title="bbox 135 489 1810 562">
     <span class='ocr_line' id='line_1_2' title="bbox 135 489 1810 562; baseline 0.001 -20"><span class='ocrx_word' id='word_1_2' title='bbox 135 489 236 543; x_wconf 65' lang='grc' dir='ltr'>οὖν</span> <span class='ocrx_word' id='word_1_3' title='bbox 258 491 527 561; x_wconf 78' lang='grc' dir='ltr'>βασιλεὺς</span> <span class='ocrx_word' id='word_1_4' title='bbox 559 495 618 546; x_wconf 81' lang='grc' dir='ltr'><strong>οὐ</strong></span> <span class='ocrx_word' id='word_1_5' title='bbox 642 493 790 562; x_wconf 79' lang='grc' dir='ltr'>παρὰ</span> <span class='ocrx_word' id='word_1_6' title='bbox 814 492 909 562; x_wconf 86' lang='grc' dir='ltr'>τὴν</span> <span class='ocrx_word' id='word_1_7' title='bbox 928 490 1125 562; x_wconf 84' lang='grc' dir='ltr'>πολλὴν</span> <span class='ocrx_word' id='word_1_8' title='bbox 1154 493 1398 562; x_wconf 81' lang='grc' dir='ltr'>δύναμιν,</span> <span class='ocrx_word' id='word_1_9' title='bbox 1423 492 1554 545; x_wconf 73' lang='grc' dir='ltr'>ἀλλὰ</span> <span class='ocrx_word' id='word_1_10' title='bbox 1588 491 1736 561; x_wconf 68' lang='grc' dir='ltr'>παρὰ</span> <span class='ocrx_word' id='word_1_11' title='bbox 1766 497 1810 549; x_wconf 81' lang='grc' dir='ltr'>Α</span> 
     </span>
    </p>
   </div>
   <div class='ocr_carea' id='block_1_3' title="bbox 137 582 1735 655">
    <p class='ocr_par' dir='ltr' id='par_1_3' title="bbox 137 582 1735 655">
     <span class='ocr_line' id='line_1_3' title="bbox 137 582 1735 655; baseline 0.001 -23"><span class='ocrx_word' id='word_1_12' title='bbox 137 584 244 650; x_wconf 75' lang='grc' dir='ltr'><strong>τὴν</strong></span> <span class='ocrx_word' id='word_1_13' title='bbox 280 583 443 637; x_wconf 80' lang='grc' dir='ltr'>θείαν</span> <span class='ocrx_word' id='word_1_14' title='bbox 490 585 666 655; x_wconf 82' lang='grc' dir='ltr'>χάριν.</span> <span class='ocrx_word' id='word_1_15' title='bbox 706 585 867 636; x_wconf 83' lang='grc' dir='ltr'>Ὥστε</span> <span class='ocrx_word' id='word_1_16' title='bbox 908 583 1081 654; x_wconf 81' lang='grc' dir='ltr'><strong>ἀληθῆ</strong></span> <span class='ocrx_word' id='word_1_17' title='bbox 1127 585 1219 636; x_wconf 77' lang='grc' dir='ltr'><strong>καὶ</strong></span> <span class='ocrx_word' id='word_1_18' title='bbox 1246 585 1454 645; x_wconf 78' lang='grc' dir='ltr'><strong>τούτοις</strong></span> <span class='ocrx_word' id='word_1_19' title='bbox 1488 582 1622 636; x_wconf 86' lang='grc' dir='ltr'>εἶναι</span> <span class='ocrx_word' id='word_1_20' title='bbox 1647 583 1735 634; x_wconf 84' lang='grc' dir='ltr'><strong>τὸν</strong></span> 
     </span>
    </p>
   </div>
   <div class='ocr_carea' id='block_1_4' title="bbox 136 671 1733 745">
    <p class='ocr_par' dir='ltr' id='par_1_4' title="bbox 136 671 1733 745">
     <span class='ocr_line' id='line_1_4' title="bbox 136 671 1733 745; baseline -0.001 -21"><span class='ocrx_word' id='word_1_21' title='bbox 136 671 330 741; x_wconf 81' lang='grc' dir='ltr'>λόγον,</span> <span class='ocrx_word' id='word_1_22' title='bbox 387 675 687 742; x_wconf 75' lang='grc' dir='ltr'>ὃτιΧάριτί</span> <span class='ocrx_word' id='word_1_23' title='bbox 731 676 873 728; x_wconf 82' lang='grc' dir='ltr'>ἐστε</span> <span class='ocrx_word' id='word_1_24' title='bbox 917 673 1306 742; x_wconf 77' lang='grc' dir='ltr'>σεσωσμένοι.</span> <span class='ocrx_word' id='word_1_25' title='bbox 1359 675 1567 745; x_wconf 86' lang='grc' dir='ltr'>Ὥσπερ</span> <span class='ocrx_word' id='word_1_26' title='bbox 1617 672 1733 724; x_wconf 83' lang='grc' dir='ltr'>οὐδὲ</span> 
     </span>
    </p>
   </div>
   <div class='ocr_carea' id='block_1_5' title="bbox 135 766 1735 837">
    <p class='ocr_par' dir='ltr' id='par_1_5' title="bbox 135 766 1735 837">
     <span class='ocr_line' id='line_1_5' title="bbox 135 766 1735 837; baseline -0.001 -20"><span class='ocrx_word' id='word_1_27' title='bbox 135 767 405 836; x_wconf 76' lang='grc' dir='ltr'>γεωργὸς</span> <span class='ocrx_word' id='word_1_28' title='bbox 459 766 709 819; x_wconf 83' lang='grc' dir='ltr'>τοσοῦτον</span> <span class='ocrx_word' id='word_1_29' title='bbox 746 766 832 820; x_wconf 84' lang='grc' dir='ltr'>διὰ</span> <span class='ocrx_word' id='word_1_30' title='bbox 893 767 990 837; x_wconf 84' lang='grc' dir='ltr'>τὴν</span> <span class='ocrx_word' id='word_1_31' title='bbox 1039 768 1350 837; x_wconf 84' lang='grc' dir='ltr'>γεωργικὴν</span> <span class='ocrx_word' id='word_1_32' title='bbox 1424 766 1735 836; x_wconf 75' lang='grc' dir='ltr'>ἐπιμέλειαν</span> 
     </span>
    </p>
   </div>
   <div class='ocr_carea' id='block_1_6' title="bbox 137 859 1736 932">
    <p class='ocr_par' dir='ltr' id='par_1_6' title="bbox 137 859 1736 932">
     <span class='ocr_line' id='line_1_6' title="bbox 137 859 1736 932; baseline 0.001 -22"><span class='ocrx_word' id='word_1_33' title='bbox 137 859 418 927; x_wconf 76' lang='grc' dir='ltr'>τυγχάνει</span> <span class='ocrx_word' id='word_1_34' title='bbox 440 861 531 912; x_wconf 81' lang='grc' dir='ltr'>τοῦ</span> <span class='ocrx_word' id='word_1_35' title='bbox 555 861 859 928; x_wconf 88' lang='grc' dir='ltr'>γεωργικοῦ</span> <span class='ocrx_word' id='word_1_36' title='bbox 884 863 1098 932; x_wconf 79' lang='grc' dir='ltr'><strong>μέρους,</strong></span> <span class='ocrx_word' id='word_1_37' title='bbox 1135 863 1256 914; x_wconf 80' lang='grc' dir='ltr'>ὅσον</span> <span class='ocrx_word' id='word_1_38' title='bbox 1281 862 1367 915; x_wconf 84' lang='grc' dir='ltr'>διὰ</span> <span class='ocrx_word' id='word_1_39' title='bbox 1395 860 1485 912; x_wconf 86' lang='grc' dir='ltr'><strong>τόν</strong></span> <span class='ocrx_word' id='word_1_40' title='bbox 1512 859 1736 924; x_wconf 74' lang='grc' dir='ltr'>αὔξοντα</span> 
     </span>
    </p>
   </div>
   <div class='ocr_carea' id='block_1_7' title="bbox 137 951 1736 1022">
    <p class='ocr_par' dir='ltr' id='par_1_7' title="bbox 137 951 1736 1022">
     <span class='ocr_line' id='line_1_7' title="bbox 137 951 1736 1022; baseline 0.001 -19"><span class='ocrx_word' id='word_1_41' title='bbox 137 951 213 1003; x_wconf 65' lang='grc' dir='ltr'>τὰ</span> <span class='ocrx_word' id='word_1_42' title='bbox 265 953 666 1022; x_wconf 85' lang='grc' dir='ltr'>γεωργούμενα</span> <span class='ocrx_word' id='word_1_43' title='bbox 711 953 863 1006; x_wconf 85' lang='grc' dir='ltr'>Θεόν.</span> <span class='ocrx_word' id='word_1_44' title='bbox 905 953 1053 1006; x_wconf 79' lang='grc' dir='ltr'>Οὔτε</span> <span class='ocrx_word' id='word_1_45' title='bbox 1091 953 1252 1022; x_wconf 76' lang='grc' dir='ltr'><strong>γὰρό</strong></span> <span class='ocrx_word' id='word_1_46' title='bbox 1287 954 1559 1022; x_wconf 68' lang='grc' dir='ltr'>φυτεύων</span> <span class='ocrx_word' id='word_1_47' title='bbox 1605 953 1736 1004; x_wconf 82' lang='grc' dir='ltr'>ἐστι</span> 
     </span>
    </p>
   </div>
   <div class='ocr_carea' id='block_1_8' title="bbox 141 1045 1736 1112">
    <p class='ocr_par' dir='ltr' id='par_1_8' title="bbox 141 1045 1736 1112">
     <span class='ocr_line' id='line_1_8' title="bbox 141 1045 1736 1112; baseline 0.003 -18"><span class='ocrx_word' id='word_1_48' title='bbox 141 1061 219 1107; x_wconf 80' lang='grc' dir='ltr'><strong>τι,</strong></span> <span class='ocrx_word' id='word_1_49' title='bbox 260 1045 412 1096; x_wconf 83' lang='grc' dir='ltr'>οὔτε</span> <span class='ocrx_word' id='word_1_50' title='bbox 458 1048 490 1097; x_wconf 83' lang='grc' dir='ltr'><em>ὀ</em></span> <span class='ocrx_word' id='word_1_51' title='bbox 517 1046 781 1106; x_wconf 66' lang='grc' dir='ltr'>ποτίζων,</span> <span class='ocrx_word' id='word_1_52' title='bbox 808 1045 954 1098; x_wconf 70' lang='grc' dir='ltr'><strong>ἀλλ’</strong></span> <span class='ocrx_word' id='word_1_53' title='bbox 993 1049 1024 1098; x_wconf 85' lang='grc' dir='ltr'><em>ὀ</em></span> <span class='ocrx_word' id='word_1_54' title='bbox 1067 1046 1343 1109; x_wconf 79' lang='grc' dir='ltr'><strong>αὐξάνων</strong></span> <span class='ocrx_word' id='word_1_55' title='bbox 1383 1048 1544 1112; x_wconf 80' lang='grc' dir='ltr'>Θεός.</span> <span class='ocrx_word' id='word_1_56' title='bbox 1589 1047 1652 1098; x_wconf 76' lang='lat' dir='ltr'><strong>Et</strong></span> <span class='ocrx_word' id='word_1_57' title='bbox 1682 1047 1736 1099; x_wconf 80' lang='grc' dir='ltr'><strong>δὲ</strong></span> 
     </span>
    </p>
   </div>
   <div class='ocr_carea' id='block_1_9' title="bbox 141 1135 1738 1208">
    <p class='ocr_par' dir='ltr' id='par_1_9' title="bbox 141 1135 1738 1208">
     <span class='ocr_line' id='line_1_9' title="bbox 141 1135 1738 1208; baseline 0.003 -25"><span class='ocrx_word' id='word_1_58' title='bbox 141 1135 359 1202; x_wconf 77' lang='grc' dir='ltr'>καρδία</span> <span class='ocrx_word' id='word_1_59' title='bbox 398 1135 656 1204; x_wconf 79' lang='grc' dir='ltr'>βασιλέως</span> <span class='ocrx_word' id='word_1_60' title='bbox 689 1138 745 1187; x_wconf 81' lang='grc' dir='ltr'>ὲν</span> <span class='ocrx_word' id='word_1_61' title='bbox 775 1137 916 1204; x_wconf 82' lang='grc' dir='ltr'>χειρὶ</span> <span class='ocrx_word' id='word_1_62' title='bbox 940 1136 1103 1199; x_wconf 78' lang='grc' dir='ltr'>Θεοῦ,</span> <span class='ocrx_word' id='word_1_63' title='bbox 1153 1138 1213 1189; x_wconf 85' lang='grc' dir='ltr'><strong>οὑ</strong></span> <span class='ocrx_word' id='word_1_64' title='bbox 1267 1135 1494 1201; x_wconf 74' lang='grc' dir='ltr'>σώζεται</span> <span class='ocrx_word' id='word_1_65' title='bbox 1527 1137 1612 1190; x_wconf 81' lang='grc' dir='ltr'>διὰ</span> <span class='ocrx_word' id='word_1_66' title='bbox 1641 1137 1738 1208; x_wconf 80' lang='grc' dir='ltr'>τὴν</span> 
     </span>
    </p>
   </div>
   <div class='ocr_carea' id='block_1_10' title="bbox 140 1226 1734 1301">
    <p class='ocr_par' dir='ltr' id='par_1_10' title="bbox 140 1226 1734 1301">
     <span class='ocr_line' id='line_1_10' title="bbox 140 1226 1734 1301; baseline 0.003 -23"><span class='ocrx_word' id='word_1_67' title='bbox 140 1226 446 1297; x_wconf 74' lang='grc' dir='ltr'>ὁπλιτικὴν</span> <span class='ocrx_word' id='word_1_68' title='bbox 473 1229 718 1296; x_wconf 84' lang='grc' dir='ltr'>δύναμιν,</span> <span class='ocrx_word' id='word_1_69' title='bbox 747 1228 880 1281; x_wconf 82' lang='grc' dir='ltr'>ἀλλὰ</span> <span class='ocrx_word' id='word_1_70' title='bbox 906 1229 991 1282; x_wconf 79' lang='grc' dir='ltr'>διὰ</span> <span class='ocrx_word' id='word_1_71' title='bbox 1031 1231 1126 1301; x_wconf 79' lang='grc' dir='ltr'>τὴν</span> <span class='ocrx_word' id='word_1_72' title='bbox 1161 1229 1308 1282; x_wconf 84' lang='grc' dir='ltr'>θείαν</span> <span class='ocrx_word' id='word_1_73' title='bbox 1349 1231 1734 1300; x_wconf 85' lang='grc' dir='ltr'>χειραγωγίαν.</span> 
     </span>
    </p>
   </div>
   <div class='ocr_carea' id='block_1_11' title="bbox 157 1317 1738 1391">
    <p class='ocr_par' dir='ltr' id='par_1_11' title="bbox 157 1317 1738 1391">
     <span class='ocr_line' id='line_1_11' title="bbox 157 1317 1738 1391; baseline 0.002 -23"><span class='ocrx_word' id='word_1_74' title='bbox 157 1317 250 1368; x_wconf 83' lang='grc' dir='ltr'>Ἐν</span> <span class='ocrx_word' id='word_1_75' title='bbox 289 1320 439 1391; x_wconf 75' lang='grc' dir='ltr'>χειρὶ</span> <span class='ocrx_word' id='word_1_76' title='bbox 479 1320 533 1372; x_wconf 76' lang='grc' dir='ltr'>δὲ</span> <span class='ocrx_word' id='word_1_77' title='bbox 561 1319 693 1371; x_wconf 73' lang='grc' dir='ltr'>Θεοῦ</span> <span class='ocrx_word' id='word_1_78' title='bbox 728 1321 871 1372; x_wconf 72' lang='grc' dir='ltr'>ἐστιν</span> <span class='ocrx_word' id='word_1_79' title='bbox 914 1321 1011 1389; x_wconf 79' lang='grc' dir='ltr'><strong>οὐχ</strong></span> <span class='ocrx_word' id='word_1_80' title='bbox 1058 1324 1085 1373; x_wconf 87' lang='grc' dir='ltr'>ὁ</span> <span class='ocrx_word' id='word_1_81' title='bbox 1127 1319 1338 1389; x_wconf 82' lang='grc' dir='ltr'>τυχὼν,</span> <span class='ocrx_word' id='word_1_82' title='bbox 1378 1320 1488 1372; x_wconf 83' lang='grc' dir='ltr'>ἀλλ’</span> <span class='ocrx_word' id='word_1_83' title='bbox 1522 1323 1549 1373; x_wconf 81' lang='grc' dir='ltr'>ὁ</span> <span class='ocrx_word' id='word_1_84' title='bbox 1592 1319 1738 1384; x_wconf 82' lang='grc' dir='ltr'>ἄξιος</span> 
     </span>
    </p>
   </div>
   <div class='ocr_carea' id='block_1_12' title="bbox 146 1409 1739 1483">
    <p class='ocr_par' dir='ltr' id='par_1_12' title="bbox 146 1409 1739 1483">
     <span class='ocr_line' id='line_1_12' title="bbox 146 1409 1739 1483; baseline -0.001 -18"><span class='ocrx_word' id='word_1_85' title='bbox 146 1409 252 1477; x_wconf 74' lang='grc' dir='ltr'>τῆς</span> <span class='ocrx_word' id='word_1_86' title='bbox 285 1411 388 1463; x_wconf 73' lang='grc' dir='ltr'>τοῦ</span> <span class='ocrx_word' id='word_1_87' title='bbox 433 1411 692 1480; x_wconf 78' lang='grc' dir='ltr'>βασιλέως</span> <span class='ocrx_word' id='word_1_88' title='bbox 731 1413 1116 1483; x_wconf 77' lang='grc' dir='ltr'>προσηγορίας.</span> <span class='ocrx_word' id='word_1_89' title='bbox 1167 1413 1441 1483; x_wconf 85' lang='grc' dir='ltr'>Ὠρίσαντο</span> <span class='ocrx_word' id='word_1_90' title='bbox 1499 1414 1554 1465; x_wconf 89' lang='grc' dir='ltr'><strong>δέ</strong></span> <span class='ocrx_word' id='word_1_91' title='bbox 1599 1431 1739 1476; x_wconf 86' lang='grc' dir='ltr'>τινες</span> 
     </span>
    </p>
   </div>
   <div class='ocr_carea' id='block_1_13' title="bbox 153 1499 1738 1574">
    <p class='ocr_par' dir='ltr' id='par_1_13' title="bbox 153 1499 1738 1574">
     <span class='ocr_line' id='line_1_13' title="bbox 153 1499 1738 1574; baseline -0.001 -18"><span class='ocrx_word' id='word_1_92' title='bbox 153 1503 444 1571; x_wconf 83' lang='grc' dir='ltr'>βασιλείαν</span> <span class='ocrx_word' id='word_1_93' title='bbox 487 1499 621 1556; x_wconf 81' lang='grc' dir='ltr'>εἶναι</span> <span class='ocrx_word' id='word_1_94' title='bbox 661 1505 756 1574; x_wconf 84' lang='grc' dir='ltr'>τὴν</span> <span class='ocrx_word' id='word_1_95' title='bbox 789 1504 1008 1574; x_wconf 76' lang='grc' dir='ltr'>ἔννομον</span> <span class='ocrx_word' id='word_1_96' title='bbox 1057 1505 1406 1564; x_wconf 70' lang='grc' dir='ltr'>ἐπιστασίαν,</span> <span class='ocrx_word' id='word_1_97' title='bbox 1451 1504 1481 1573; x_wconf 80' lang='grc' dir='ltr'>ἢ</span> <span class='ocrx_word' id='word_1_98' title='bbox 1523 1504 1618 1573; x_wconf 78' lang='grc' dir='ltr'><strong>τὴν</strong></span> <span class='ocrx_word' id='word_1_99' title='bbox 1648 1504 1738 1555; x_wconf 76' lang='grc' dir='ltr'><strong>ἐπὶ</strong></span> 
     </span>
    </p>
   </div>
   <div class='ocr_carea' id='block_1_14' title="bbox 150 1599 1738 1671">
    <p class='ocr_par' dir='ltr' id='par_1_14' title="bbox 150 1599 1738 1671">
     <span class='ocr_line' id='line_1_14' title="bbox 150 1599 1738 1671; baseline 0 -19"><span class='ocrx_word' id='word_1_100' title='bbox 150 1604 326 1653; x_wconf 76' lang='grc' dir='ltr'>πᾶσιν</span> <span class='ocrx_word' id='word_1_101' title='bbox 378 1601 546 1671; x_wconf 79' lang='grc' dir='ltr'>ἀρχὴν</span> <span class='ocrx_word' id='word_1_102' title='bbox 582 1599 946 1652; x_wconf 73' lang='grc' dir='ltr'>ἀνυπεύθυνον</span> <span class='ocrx_word' id='word_1_103' title='bbox 992 1601 1253 1670; x_wconf 72' lang='grc' dir='ltr'>ἁμαρτία.</span> <span class='ocrx_word' id='word_1_104' title='bbox 1294 1601 1400 1652; x_wconf 80' lang='grc' dir='ltr'><strong>Καὶ</strong></span> <span class='ocrx_word' id='word_1_105' title='bbox 1455 1602 1620 1667; x_wconf 73' lang='grc' dir='ltr'>γίγας</span> <span class='ocrx_word' id='word_1_106' title='bbox 1668 1601 1738 1652; x_wconf 79' lang='grc' dir='ltr'>οὐ</span> 
     </span>
    </p>
   </div>
   <div class='ocr_carea' id='block_1_15' title="bbox 148 1690 1731 1760">
    <p class='ocr_par' dir='ltr' id='par_1_15' title="bbox 148 1690 1731 1760">
     <span class='ocr_line' id='line_1_15' title="bbox 148 1690 1731 1760; baseline -0.001 -15"><span class='ocrx_word' id='word_1_107' title='bbox 148 1693 502 1758; x_wconf 74' lang='grc' dir='ltr'>σωθήσεται</span> <span class='ocrx_word' id='word_1_108' title='bbox 534 1693 604 1744; x_wconf 80' lang='grc' dir='ltr'><strong>ἐν</strong></span> <span class='ocrx_word' id='word_1_109' title='bbox 639 1691 854 1757; x_wconf 74' lang='grc' dir='ltr'>πλήθει</span> <span class='ocrx_word' id='word_1_110' title='bbox 893 1694 1104 1760; x_wconf 73' lang='grc' dir='ltr'>ἰσχύος</span> <span class='ocrx_word' id='word_1_111' title='bbox 1143 1690 1344 1744; x_wconf 79' lang='grc' dir='ltr'>αὐτοῦ.</span> <span class='ocrx_word' id='word_1_112' title='bbox 1391 1691 1622 1757; x_wconf 73' lang='grc' dir='ltr'>Γίγαντα</span> <span class='ocrx_word' id='word_1_113' title='bbox 1651 1690 1731 1743; x_wconf 86' lang='grc' dir='ltr'>λέ-</span> 
     </span>
    </p>
   </div>
   <div class='ocr_carea' id='block_1_16' title="bbox 151 1782 1741 1854">
    <p class='ocr_par' dir='ltr' id='par_1_16' title="bbox 151 1782 1741 1854">
     <span class='ocr_line' id='line_1_16' title="bbox 151 1782 1741 1854; baseline 0 -20"><span class='ocrx_word' id='word_1_114' title='bbox 151 1801 240 1850; x_wconf 84' lang='grc' dir='ltr'><strong>γει</strong></span> <span class='ocrx_word' id='word_1_115' title='bbox 271 1784 370 1834; x_wconf 73' lang='grc' dir='ltr'><strong>τὸν</strong></span> <span class='ocrx_word' id='word_1_116' title='bbox 411 1786 607 1854; x_wconf 74' lang='grc' dir='ltr'>φυσικῇ</span> <span class='ocrx_word' id='word_1_117' title='bbox 647 1785 870 1854; x_wconf 74' lang='grc' dir='ltr'>δυνάμει</span> <span class='ocrx_word' id='word_1_118' title='bbox 915 1785 1007 1837; x_wconf 71' lang='grc' dir='ltr'><strong>καὶ</strong></span> <span class='ocrx_word' id='word_1_119' title='bbox 1046 1784 1181 1851; x_wconf 87' lang='grc' dir='ltr'>τόνῳ</span> <span class='ocrx_word' id='word_1_120' title='bbox 1214 1782 1508 1853; x_wconf 84' lang='grc' dir='ltr'>σωματικῷ</span> <span class='ocrx_word' id='word_1_121' title='bbox 1549 1801 1741 1854; x_wconf 80' lang='grc' dir='ltr'>κεχρη-</span> 
     </span>
    </p>
   </div>
   <div class='ocr_carea' id='block_1_17' title="bbox 158 1872 1742 1948">
    <p class='ocr_par' dir='ltr' id='par_1_17' title="bbox 158 1872 1742 1948">
     <span class='ocr_line' id='line_1_17' title="bbox 158 1872 1742 1948; baseline 0 -22"><span class='ocrx_word' id='word_1_122' title='bbox 158 1875 350 1943; x_wconf 86' lang='grc' dir='ltr'>μένον.</span> <span class='ocrx_word' id='word_1_123' title='bbox 377 1873 512 1928; x_wconf 75' lang='grc' dir='ltr'>Οὔτε</span> <span class='ocrx_word' id='word_1_124' title='bbox 541 1872 633 1928; x_wconf 77' lang='grc' dir='ltr'><strong>οὖν</strong></span> <span class='ocrx_word' id='word_1_125' title='bbox 668 1875 916 1944; x_wconf 77' lang='grc' dir='ltr'>βασιλεὺς</span> <span class='ocrx_word' id='word_1_126' title='bbox 948 1876 1043 1944; x_wconf 78' lang='grc' dir='ltr'>τὴν</span> <span class='ocrx_word' id='word_1_127' title='bbox 1091 1879 1154 1928; x_wconf 81' lang='grc' dir='ltr'><strong>ὲκ</strong></span> <span class='ocrx_word' id='word_1_128' title='bbox 1187 1874 1279 1926; x_wconf 83' lang='grc' dir='ltr'>τοῦ</span> <span class='ocrx_word' id='word_1_129' title='bbox 1309 1875 1582 1928; x_wconf 81' lang='grc' dir='ltr'>ὁπλιτικοῦ</span> <span class='ocrx_word' id='word_1_130' title='bbox 1617 1876 1742 1948; x_wconf 60' lang='grc' dir='ltr'><strong>βιή-</strong></span> 
     </span>
    </p>
   </div>
   <div class='ocr_carea' id='block_1_18' title="bbox 155 1965 1744 2038">
    <p class='ocr_par' dir='ltr' id='par_1_18' title="bbox 155 1965 1744 2038">
     <span class='ocr_line' id='line_1_18' title="bbox 155 1965 1744 2038; baseline 0.003 -22"><span class='ocrx_word' id='word_1_131' title='bbox 155 1965 312 2017; x_wconf 84' lang='grc' dir='ltr'>θειαν</span> <span class='ocrx_word' id='word_1_132' title='bbox 348 1967 622 2038; x_wconf 78' lang='grc' dir='ltr'>ἀρκοῦσαν</span> <span class='ocrx_word' id='word_1_133' title='bbox 657 1967 767 2037; x_wconf 80' lang='grc' dir='ltr'>ἔχει</span> <span class='ocrx_word' id='word_1_134' title='bbox 796 1967 929 2038; x_wconf 77' lang='grc' dir='ltr'>πρὸς</span> <span class='ocrx_word' id='word_1_135' title='bbox 953 1967 1244 2037; x_wconf 82' lang='grc' dir='ltr'>σωτηρίαν,</span> <span class='ocrx_word' id='word_1_136' title='bbox 1281 1966 1402 2020; x_wconf 75' lang='grc' dir='ltr'>οὕτε</span> <span class='ocrx_word' id='word_1_137' title='bbox 1448 1971 1474 2020; x_wconf 87' lang='grc' dir='ltr'><strong>ό</strong></span> <span class='ocrx_word' id='word_1_138' title='bbox 1508 1969 1744 2038; x_wconf 82' lang='grc' dir='ltr'>ἀνδρεῖος</span> 
     </span>
    </p>
   </div>
   <div class='ocr_carea' id='block_1_19' title="bbox 157 2058 1744 2130">
    <p class='ocr_par' dir='ltr' id='par_1_19' title="bbox 157 2058 1744 2130">
     <span class='ocr_line' id='line_1_19' title="bbox 157 2058 1744 2130; baseline 0.002 -20"><span class='ocrx_word' id='word_1_139' title='bbox 157 2058 349 2128; x_wconf 79' lang='grc' dir='ltr'>ἐαυτῷ</span> <span class='ocrx_word' id='word_1_140' title='bbox 375 2060 508 2130; x_wconf 84' lang='grc' dir='ltr'>πρὸς</span> <span class='ocrx_word' id='word_1_141' title='bbox 531 2061 706 2115; x_wconf 79' lang='grc' dir='ltr'>πάντα</span> <span class='ocrx_word' id='word_1_142' title='bbox 747 2062 1006 2129; x_wconf 80' lang='grc' dir='ltr'>ἐπαρκεῖν</span> <span class='ocrx_word' id='word_1_143' title='bbox 1036 2061 1182 2111; x_wconf 80' lang='grc' dir='ltr'>ἐστιν</span> <span class='ocrx_word' id='word_1_144' title='bbox 1228 2061 1426 2123; x_wconf 85' lang='grc' dir='ltr'>ἱκανός.</span> <span class='ocrx_word' id='word_1_145' title='bbox 1471 2062 1744 2113; x_wconf 77' lang='grc' dir='ltr'>Ἀσθένεια</span> 
     </span>
    </p>
   </div>
   <div class='ocr_carea' id='block_1_20' title="bbox 159 2151 1744 2224">
    <p class='ocr_par' dir='ltr' id='par_1_20' title="bbox 159 2151 1744 2224">
     <span class='ocr_line' id='line_1_20' title="bbox 159 2151 1744 2224; baseline 0 -19"><span class='ocrx_word' id='word_1_146' title='bbox 159 2153 273 2223; x_wconf 75' lang='grc' dir='ltr'>γάρ</span> <span class='ocrx_word' id='word_1_147' title='bbox 313 2155 432 2205; x_wconf 74' lang='grc' dir='ltr'>ἐστι</span> <span class='ocrx_word' id='word_1_148' title='bbox 476 2155 568 2205; x_wconf 76' lang='grc' dir='ltr'><strong>καὶ</strong></span> <span class='ocrx_word' id='word_1_149' title='bbox 612 2151 875 2222; x_wconf 78' lang='grc' dir='ltr'>ἀδυναμία</span> <span class='ocrx_word' id='word_1_150' title='bbox 925 2153 1100 2204; x_wconf 79' lang='grc' dir='ltr'>πάντα</span> <span class='ocrx_word' id='word_1_151' title='bbox 1142 2152 1274 2222; x_wconf 74' lang='grc' dir='ltr'>ὁμοῦ</span> <span class='ocrx_word' id='word_1_152' title='bbox 1322 2154 1388 2205; x_wconf 80' lang='grc' dir='ltr'>τὰ</span> <span class='ocrx_word' id='word_1_153' title='bbox 1435 2153 1744 2224; x_wconf 74' lang='grc' dir='ltr'>ἀνθρώπινα</span> 
     </span>
    </p>
   </div>
   <div class='ocr_carea' id='block_1_21' title="bbox 162 2243 1744 2316">
    <p class='ocr_par' dir='ltr' id='par_1_21' title="bbox 162 2243 1744 2316">
     <span class='ocr_line' id='line_1_21' title="bbox 162 2243 1744 2316; baseline -0.001 -18"><span class='ocrx_word' id='word_1_154' title='bbox 162 2247 305 2316; x_wconf 74' lang='grc' dir='ltr'>πρὸς</span> <span class='ocrx_word' id='word_1_155' title='bbox 360 2246 454 2316; x_wconf 79' lang='grc' dir='ltr'><strong>τὴν</strong></span> <span class='ocrx_word' id='word_1_156' title='bbox 517 2245 770 2315; x_wconf 76' lang='grc' dir='ltr'>ἀληθινὴν</span> <span class='ocrx_word' id='word_1_157' title='bbox 837 2243 1062 2313; x_wconf 87' lang='grc' dir='ltr'>δύναμιν</span> <span class='ocrx_word' id='word_1_158' title='bbox 1122 2244 1593 2314; x_wconf 82' lang='grc' dir='ltr'>παραϐαλλόμενα.</span> <span class='ocrx_word' id='word_1_159' title='bbox 1648 2244 1744 2297; x_wconf 76' lang='grc' dir='ltr'><strong>Διὰ</strong></span> 
     </span>
    </p>
   </div>
   <div class='ocr_carea' id='block_1_22' title="bbox 159 2335 1743 2405">
    <p class='ocr_par' dir='ltr' id='par_1_22' title="bbox 159 2335 1743 2405">
     <span class='ocr_line' id='line_1_22' title="bbox 159 2335 1743 2405; baseline 0.002 -17"><span class='ocrx_word' id='word_1_160' title='bbox 159 2337 326 2390; x_wconf 74' lang='grc' dir='ltr'>τοῦτο</span> <span class='ocrx_word' id='word_1_161' title='bbox 368 2337 442 2390; x_wconf 78' lang='grc' dir='ltr'><strong>Τὰ</strong></span> <span class='ocrx_word' id='word_1_162' title='bbox 465 2335 692 2403; x_wconf 76' lang='grc' dir='ltr'>ἀσθενῆ</span> <span class='ocrx_word' id='word_1_163' title='bbox 728 2335 832 2388; x_wconf 87' lang='grc' dir='ltr'>τοῦ</span> <span class='ocrx_word' id='word_1_164' title='bbox 873 2338 1105 2405; x_wconf 80' lang='grc' dir='ltr'>κόσμου</span> <span class='ocrx_word' id='word_1_165' title='bbox 1154 2336 1468 2400; x_wconf 79' lang='grc' dir='ltr'><strong>ἐξελέξατο</strong></span> <span class='ocrx_word' id='word_1_166' title='bbox 1504 2342 1535 2390; x_wconf 82' lang='grc' dir='ltr'><em>ὁ</em></span> <span class='ocrx_word' id='word_1_167' title='bbox 1580 2339 1743 2404; x_wconf 82' lang='grc' dir='ltr'>Θεὸς,</span> 
     </span>
    </p>
   </div>
   <div class='ocr_carea' id='block_1_23' title="bbox 161 2427 1745 2498">
    <p class='ocr_par' dir='ltr' id='par_1_23' title="bbox 161 2427 1745 2498">
     <span class='ocr_line' id='line_1_23' title="bbox 161 2427 1745 2498; baseline 0.003 -19"><span class='ocrx_word' id='word_1_168' title='bbox 161 2429 267 2480; x_wconf 80' lang='grc' dir='ltr'><strong>ἵνα</strong></span> <span class='ocrx_word' id='word_1_169' title='bbox 318 2430 689 2496; x_wconf 67' lang='grc' dir='ltr'><strong>καταισχύνῃ</strong></span> <span class='ocrx_word' id='word_1_170' title='bbox 764 2430 836 2481; x_wconf 82' lang='grc' dir='ltr'>τὰ</span> <span class='ocrx_word' id='word_1_171' title='bbox 899 2427 1146 2495; x_wconf 60' lang='grc' dir='ltr'><strong>Ισχιιρά·</strong></span> <span class='ocrx_word' id='word_1_172' title='bbox 1208 2430 1299 2481; x_wconf 77' lang='grc' dir='ltr'><strong>καὶ</strong></span> <span class='ocrx_word' id='word_1_173' title='bbox 1363 2433 1425 2482; x_wconf 82' lang='grc' dir='ltr'><strong>ἐκ</strong></span> <span class='ocrx_word' id='word_1_174' title='bbox 1484 2431 1745 2498; x_wconf 81' lang='grc' dir='ltr'>στόματος</span> 
     </span>
    </p>
   </div>
   <div class='ocr_carea' id='block_1_24' title="bbox 163 2519 1743 2593">
    <p class='ocr_par' dir='ltr' id='par_1_24' title="bbox 163 2519 1743 2593">
     <span class='ocr_line' id='line_1_24' title="bbox 163 2519 1743 2593; baseline 0.002 -23"><span class='ocrx_word' id='word_1_175' title='bbox 163 2520 382 2588; x_wconf 78' lang='grc' dir='ltr'>νηπίων</span> <span class='ocrx_word' id='word_1_176' title='bbox 450 2520 542 2571; x_wconf 75' lang='grc' dir='ltr'>καὶ</span> <span class='ocrx_word' id='word_1_177' title='bbox 596 2519 931 2589; x_wconf 81' lang='grc' dir='ltr'>θηλαζόντων</span> <span class='ocrx_word' id='word_1_178' title='bbox 993 2521 1356 2590; x_wconf 85' lang='grc' dir='ltr'>κατηρτίσατο</span> <span class='ocrx_word' id='word_1_179' title='bbox 1407 2521 1516 2593; x_wconf 81' lang='lat'><strong>(58)</strong></span> <span class='ocrx_word' id='word_1_180' title='bbox 1579 2522 1743 2584; x_wconf 83' lang='grc' dir='ltr'>αἶνον,</span> 
     </span>
    </p>
   </div>
   <div class='ocr_carea' id='block_1_25' title="bbox 164 2607 1745 2683">
    <p class='ocr_par' dir='ltr' id='par_1_25' title="bbox 164 2607 1745 2683">
     <span class='ocr_line' id='line_1_25' title="bbox 164 2607 1745 2683; baseline 0.003 -23"><span class='ocrx_word' id='word_1_181' title='bbox 164 2609 251 2660; x_wconf 83' lang='grc' dir='ltr'><strong>ἵνα</strong></span> <span class='ocrx_word' id='word_1_182' title='bbox 310 2609 586 2680; x_wconf 76' lang='grc' dir='ltr'>καταλύσῃ</span> <span class='ocrx_word' id='word_1_183' title='bbox 643 2609 733 2660; x_wconf 84' lang='grc' dir='ltr'><strong>τὸν</strong></span> <span class='ocrx_word' id='word_1_184' title='bbox 784 2607 974 2679; x_wconf 80' lang='grc' dir='ltr'>ἐχθρὸν</span> <span class='ocrx_word' id='word_1_185' title='bbox 1043 2611 1135 2662; x_wconf 76' lang='grc' dir='ltr'><strong>καὶ</strong></span> <span class='ocrx_word' id='word_1_186' title='bbox 1200 2612 1506 2683; x_wconf 70' lang='grc' dir='ltr'>ἐκδικητὴν.</span> <span class='ocrx_word' id='word_1_187' title='bbox 1570 2614 1745 2667; x_wconf 79' lang='grc' dir='ltr'>Μάλι-</span> 
     </span>
    </p>
   </div>
   <div class='ocr_carea' id='block_1_26' title="bbox 167 2700 1744 2775">
    <p class='ocr_par' dir='ltr' id='par_1_26' title="bbox 167 2700 1744 2775">
     <span class='ocr_line' id='line_1_26' title="bbox 167 2700 1744 2775; baseline 0.004 -23"><span class='ocrx_word' id='word_1_188' title='bbox 167 2718 270 2752; x_wconf 88' lang='grc' dir='ltr'><strong>στα</strong></span> <span class='ocrx_word' id='word_1_189' title='bbox 307 2703 416 2770; x_wconf 74' lang='grc' dir='ltr'><strong>γὰρ</strong></span> <span class='ocrx_word' id='word_1_190' title='bbox 448 2700 683 2770; x_wconf 69' lang='grc' dir='ltr'>ἔλαμψεν</span> <span class='ocrx_word' id='word_1_191' title='bbox 717 2703 749 2772; x_wconf 79' lang='grc' dir='ltr'>ἡ</span> <span class='ocrx_word' id='word_1_192' title='bbox 780 2701 898 2755; x_wconf 88' lang='grc' dir='ltr'>θεία</span> <span class='ocrx_word' id='word_1_193' title='bbox 940 2703 1097 2773; x_wconf 84' lang='grc' dir='ltr'>χάρις</span> <span class='ocrx_word' id='word_1_194' title='bbox 1147 2706 1205 2757; x_wconf 86' lang='grc' dir='ltr'>ὲν</span> <span class='ocrx_word' id='word_1_195' title='bbox 1246 2709 1356 2768; x_wconf 86' lang='grc' dir='ltr'>τοῖς</span> <span class='ocrx_word' id='word_1_196' title='bbox 1397 2706 1608 2775; x_wconf 81' lang='grc' dir='ltr'>νηπίοις</span> <span class='ocrx_word' id='word_1_197' title='bbox 1654 2706 1744 2758; x_wconf 81' lang='grc' dir='ltr'>καὶ</span> 
     </span>
    </p>
   </div>
   <div class='ocr_carea' id='block_1_27' title="bbox 167 2793 1746 2864">
    <p class='ocr_par' dir='ltr' id='par_1_27' title="bbox 167 2793 1746 2864">
     <span class='ocr_line' id='line_1_27' title="bbox 167 2793 1746 2864; baseline 0.004 -22"><span class='ocrx_word' id='word_1_198' title='bbox 167 2793 418 2861; x_wconf 78' lang='grc' dir='ltr'>ἀνοήτοις</span> <span class='ocrx_word' id='word_1_199' title='bbox 489 2793 871 2864; x_wconf 79' lang='grc' dir='ltr'>ἐνεργουμένη.</span> <span class='ocrx_word' id='word_1_200' title='bbox 939 2795 1175 2863; x_wconf 78' lang='grc' dir='ltr'>Ψευὸἡς</span> <span class='ocrx_word' id='word_1_201' title='bbox 1256 2797 1436 2860; x_wconf 86' lang='grc' dir='ltr'>ἵππος</span> <span class='ocrx_word' id='word_1_202' title='bbox 1487 2800 1572 2862; x_wconf 84' lang='grc' dir='ltr'>εἰς</span> <span class='ocrx_word' id='word_1_203' title='bbox 1635 2814 1746 2849; x_wconf 87' lang='grc' dir='ltr'>σω-</span> 
     </span>
    </p>
   </div>
   <div class='ocr_carea' id='block_1_28' title="bbox 167 2884 1745 2957">
    <p class='ocr_par' dir='ltr' id='par_1_28' title="bbox 167 2884 1745 2957">
     <span class='ocr_line' id='line_1_28' title="bbox 167 2884 1745 2957; baseline 0.006 -25"><span class='ocrx_word' id='word_1_204' title='bbox 167 2884 418 2948; x_wconf 69' lang='grc' dir='ltr'>τηρίαι-ο</span> <span class='ocrx_word' id='word_1_205' title='bbox 467 2885 536 2936; x_wconf 77' lang='grc' dir='ltr'><strong>ἐν</strong></span> <span class='ocrx_word' id='word_1_206' title='bbox 588 2885 654 2938; x_wconf 79' lang='grc' dir='ltr'>δὲ</span> <span class='ocrx_word' id='word_1_207' title='bbox 712 2886 924 2951; x_wconf 77' lang='grc' dir='ltr'>πλήθει</span> <span class='ocrx_word' id='word_1_208' title='bbox 950 2887 1254 2957; x_wconf 83' lang='grc' dir='ltr'>δυνάμεως</span> <span class='ocrx_word' id='word_1_209' title='bbox 1298 2887 1482 2942; x_wconf 79' lang='grc' dir='ltr'>αὐτοῦ</span> <span class='ocrx_word' id='word_1_210' title='bbox 1523 2891 1595 2941; x_wconf 84' lang='grc' dir='ltr'>οὺ</span> <span class='ocrx_word' id='word_1_211' title='bbox 1629 2905 1745 2942; x_wconf 87' lang='grc' dir='ltr'>σω-</span> 
     </span>
    </p>
   </div>
   <div class='ocr_carea' id='block_1_29' title="bbox 175 2974 1747 3050">
    <p class='ocr_par' dir='ltr' id='par_1_29' title="bbox 175 2974 1747 3050">
     <span class='ocr_line' id='line_1_29' title="bbox 175 2974 1747 3050; baseline 0.004 -23"><span class='ocrx_word' id='word_1_212' title='bbox 175 2974 448 3039; x_wconf 72' lang='grc' dir='ltr'>θήσεται.</span> <span class='ocrx_word' id='word_1_213' title='bbox 515 2977 866 3048; x_wconf 75' lang='grc' dir='ltr'>Ἐκϐέϐληται</span> <span class='ocrx_word' id='word_1_214' title='bbox 907 2981 1005 3049; x_wconf 78' lang='grc' dir='ltr'>τῆς</span> <span class='ocrx_word' id='word_1_215' title='bbox 1051 2981 1296 3050; x_wconf 78' lang='grc' dir='ltr'>χρήσεως</span> <span class='ocrx_word' id='word_1_216' title='bbox 1345 2981 1454 3033; x_wconf 83' lang='grc' dir='ltr'><strong>τῶν</strong></span> <span class='ocrx_word' id='word_1_217' title='bbox 1500 2982 1669 3050; x_wconf 84' lang='grc' dir='ltr'>ἁγίων</span> <span class='ocrx_word' id='word_1_218' title='bbox 1719 2984 1747 3033; x_wconf 90' lang='grc' dir='ltr'>ὁ</span> 
     </span>
    </p>
   </div>
   <div class='ocr_carea' id='block_1_30' title="bbox 177 3065 1746 3145">
    <p class='ocr_par' dir='ltr' id='par_1_30' title="bbox 177 3065 1746 3145">
     <span class='ocr_line' id='line_1_30' title="bbox 177 3065 1746 3145; baseline 0.008 -30"><span class='ocrx_word' id='word_1_219' title='bbox 177 3065 367 3131; x_wconf 81' lang='grc' dir='ltr'>ἵππος.</span> <span class='ocrx_word' id='word_1_220' title='bbox 411 3070 519 3120; x_wconf 76' lang='grc' dir='ltr'><strong>Καὶ</strong></span> <span class='ocrx_word' id='word_1_221' title='bbox 558 3069 680 3122; x_wconf 72' lang='grc' dir='ltr'>οὔτε</span> <span class='ocrx_word' id='word_1_222' title='bbox 721 3073 776 3122; x_wconf 84' lang='grc' dir='ltr'>ὲν</span> <span class='ocrx_word' id='word_1_223' title='bbox 825 3070 1078 3140; x_wconf 82' lang='grc' dir='ltr'>πολέμοις</span> <span class='ocrx_word' id='word_1_224' title='bbox 1123 3073 1405 3143; x_wconf 78' lang='grc' dir='ltr'>εὐημερῶν</span> <span class='ocrx_word' id='word_1_225' title='bbox 1456 3075 1483 3124; x_wconf 89' lang='grc' dir='ltr'>ὁ</span> <span class='ocrx_word' id='word_1_226' title='bbox 1532 3075 1746 3145; x_wconf 78' lang='grc' dir='ltr'>Ἰσραὴλ</span> 
     </span>
    </p>
   </div>
   <div class='ocr_carea' id='block_1_31' title="bbox 173 3158 1812 3251">
    <p class='ocr_par' dir='ltr' id='par_1_31' title="bbox 173 3158 1812 3251">
     <span class='ocr_line' id='line_1_31' title="bbox 173 3158 1812 3251; baseline 0.007 -44"><span class='ocrx_word' id='word_1_227' title='bbox 173 3158 370 3229; x_wconf 82' lang='grc' dir='ltr'>ἱππικῇ</span> <span class='ocrx_word' id='word_1_228' title='bbox 397 3159 620 3230; x_wconf 74' lang='grc' dir='ltr'>δυνάμει</span> <span class='ocrx_word' id='word_1_229' title='bbox 648 3162 776 3212; x_wconf 84' lang='grc' dir='ltr'>ποτὲ</span> <span class='ocrx_word' id='word_1_230' title='bbox 810 3163 1055 3231; x_wconf 80' lang='grc' dir='ltr'>φαίνεται</span> <span class='ocrx_word' id='word_1_231' title='bbox 1103 3166 1458 3234; x_wconf 78' lang='grc' dir='ltr'>κεχρημένος,</span> <span class='ocrx_word' id='word_1_232' title='bbox 1490 3165 1612 3218; x_wconf 76' lang='grc' dir='ltr'>οὗτε</span> <span class='ocrx_word' id='word_1_233' title='bbox 1641 3167 1743 3237; x_wconf 68' lang='grc' dir='ltr'>ἰδία</span> <span class='ocrx_word' id='word_1_234' title='bbox 1771 3197 1812 3251; x_wconf 75' lang='lat' dir='ltr'><strong><em>C</em></strong></span> 
     </span>
    </p>
   </div>
   <div class='ocr_carea' id='block_1_32' title="bbox 171 3252 1744 3330">
    <p class='ocr_par' dir='ltr' id='par_1_32' title="bbox 171 3252 1744 3330">
     <span class='ocr_line' id='line_1_32' title="bbox 171 3252 1744 3330; baseline 0.008 -30"><span class='ocrx_word' id='word_1_235' title='bbox 171 3266 255 3309; x_wconf 80' lang='grc' dir='ltr'><strong>τις</strong></span> <span class='ocrx_word' id='word_1_236' title='bbox 282 3252 390 3302; x_wconf 79' lang='grc' dir='ltr'>τῶν</span> <span class='ocrx_word' id='word_1_237' title='bbox 439 3253 604 3319; x_wconf 81' lang='grc' dir='ltr'>ἁγίων</span> <span class='ocrx_word' id='word_1_238' title='bbox 650 3253 746 3323; x_wconf 87' lang='grc' dir='ltr'>τὴν</span> <span class='ocrx_word' id='word_1_239' title='bbox 782 3255 974 3324; x_wconf 78' lang='grc' dir='ltr'>χρῆσιν</span> <span class='ocrx_word' id='word_1_240' title='bbox 1011 3255 1118 3307; x_wconf 80' lang='grc' dir='ltr'><strong>τῶν</strong></span> <span class='ocrx_word' id='word_1_241' title='bbox 1154 3258 1332 3309; x_wconf 80' lang='grc' dir='ltr'>ἵππων</span> <span class='ocrx_word' id='word_1_242' title='bbox 1366 3259 1440 3321; x_wconf 83' lang='grc' dir='ltr'>ὡς</span> <span class='ocrx_word' id='word_1_243' title='bbox 1474 3259 1744 3330; x_wconf 77' lang='grc' dir='ltr'>ἁρμόζου-</span> 
     </span>
    </p>
   </div>
   <div class='ocr_carea' id='block_1_33' title="bbox 175 3346 1748 3423">
    <p class='ocr_par' dir='ltr' id='par_1_33' title="bbox 175 3346 1748 3423">
     <span class='ocr_line' id='line_1_33' title="bbox 175 3346 1748 3423; baseline 0.007 -30"><span class='ocrx_word' id='word_1_244' title='bbox 175 3360 273 3394; x_wconf 89' lang='grc' dir='ltr'><strong>σαν</strong></span> <span class='ocrx_word' id='word_1_245' title='bbox 318 3346 665 3415; x_wconf 71' lang='grc' dir='ltr'>παρεδέξατο*</span> <span class='ocrx_word' id='word_1_246' title='bbox 715 3347 911 3417; x_wconf 83' lang='grc' dir='ltr'>Φαραὼ</span> <span class='ocrx_word' id='word_1_247' title='bbox 949 3348 1004 3400; x_wconf 81' lang='grc' dir='ltr'>δὲ</span> <span class='ocrx_word' id='word_1_248' title='bbox 1052 3349 1202 3420; x_wconf 82' lang='grc' dir='ltr'>ἵππῳ</span> <span class='ocrx_word' id='word_1_249' title='bbox 1234 3350 1343 3421; x_wconf 79' lang='grc'>(59)</span> <span class='ocrx_word' id='word_1_250' title='bbox 1394 3354 1613 3423; x_wconf 80' lang='grc' dir='ltr'>χρῆται,</span> <span class='ocrx_word' id='word_1_251' title='bbox 1657 3353 1748 3406; x_wconf 74' lang='grc' dir='ltr'>καὶ</span> 
     </span>
    </p>
   </div>
   <div class='ocr_carea' id='block_1_34' title="bbox 175 3433 1748 3513">
    <p class='ocr_par' dir='ltr' id='par_1_34' title="bbox 175 3433 1748 3513">
     <span class='ocr_line' id='line_1_34' title="bbox 175 3433 1748 3513; baseline 0.009 -28"><span class='ocrx_word' id='word_1_252' title='bbox 175 3433 515 3506; x_wconf 85' lang='grc' dir='ltr'>Σεναχηρε“ιμ</span> <span class='ocrx_word' id='word_1_253' title='bbox 549 3440 576 3490; x_wconf 89' lang='grc' dir='ltr'>ὁ</span> <span class='ocrx_word' id='word_1_254' title='bbox 611 3439 955 3510; x_wconf 76' lang='grc' dir='ltr'>ὑπερήφανος</span> <span class='ocrx_word' id='word_1_255' title='bbox 979 3443 1043 3512; x_wconf 83' lang='grc' dir='ltr'>τῇ</span> <span class='ocrx_word' id='word_1_256' title='bbox 1092 3445 1381 3513; x_wconf 75' lang='grc' dir='ltr'>περιουσία</span> <span class='ocrx_word' id='word_1_257' title='bbox 1428 3445 1535 3497; x_wconf 84' lang='grc' dir='ltr'><strong>τῶν</strong></span> <span class='ocrx_word' id='word_1_258' title='bbox 1570 3447 1748 3499; x_wconf 85' lang='grc' dir='ltr'>ἵππων</span> 
     </span>
    </p>
   </div>
   <div class='ocr_carea' id='block_1_35' title="bbox 181 3525 1751 3605">
    <p class='ocr_par' dir='ltr' id='par_1_35' title="bbox 181 3525 1751 3605">
     <span class='ocr_line' id='line_1_35' title="bbox 181 3525 1751 3605; baseline 0.01 -28"><span class='ocrx_word' id='word_1_259' title='bbox 181 3525 320 3594; x_wconf 86' lang='grc' dir='ltr'>μέγα</span> <span class='ocrx_word' id='word_1_260' title='bbox 351 3533 552 3597; x_wconf 77' lang='grc' dir='ltr'>φρονεῖ.</span> <span class='ocrx_word' id='word_1_261' title='bbox 588 3531 785 3602; x_wconf 87' lang='grc' dir='ltr'>Διόπερ</span> <span class='ocrx_word' id='word_1_262' title='bbox 819 3531 910 3583; x_wconf 76' lang='grc' dir='ltr'>τοῦ</span> <span class='ocrx_word' id='word_1_263' title='bbox 945 3533 1040 3602; x_wconf 79' lang='grc' dir='ltr'><strong>μὲν</strong></span> <span class='ocrx_word' id='word_1_264' title='bbox 1073 3533 1270 3605; x_wconf 85' lang='grc' dir='ltr'>Φαραὼ</span> <span class='ocrx_word' id='word_1_265' title='bbox 1303 3536 1467 3589; x_wconf 82' lang='grc' dir='ltr'>ἵππον</span> <span class='ocrx_word' id='word_1_266' title='bbox 1495 3540 1585 3591; x_wconf 69' lang='grc' dir='ltr'><strong>καὶ</strong></span> <span class='ocrx_word' id='word_1_267' title='bbox 1621 3542 1751 3593; x_wconf 83' lang='grc' dir='ltr'>ἀνα-</span> 
     </span>
    </p>
   </div>
   <div class='ocr_carea' id='block_1_36' title="bbox 175 3616 1749 3701">
    <p class='ocr_par' dir='ltr' id='par_1_36' title="bbox 175 3616 1749 3701">
     <span class='ocr_line' id='line_1_36' title="bbox 175 3616 1749 3701; baseline 0.01 -35"><span class='ocrx_word' id='word_1_268' title='bbox 175 3616 345 3687; x_wconf 73' lang='grc' dir='ltr'>δατην</span> <span class='ocrx_word' id='word_1_269' title='bbox 387 3618 605 3689; x_wconf 63' lang='grc' dir='ltr'>ἔρριψεν</span> <span class='ocrx_word' id='word_1_270' title='bbox 655 3626 734 3686; x_wconf 87' lang='grc' dir='ltr'>εἰς</span> <span class='ocrx_word' id='word_1_271' title='bbox 780 3623 1086 3676; x_wconf 84' lang='grc' dir='ltr'>θάλασσαν·</span> <span class='ocrx_word' id='word_1_272' title='bbox 1149 3625 1238 3678; x_wconf 79' lang='grc' dir='ltr'>τοῦ</span> <span class='ocrx_word' id='word_1_273' title='bbox 1305 3627 1360 3678; x_wconf 84' lang='grc' dir='ltr'>δὲ</span> <span class='ocrx_word' id='word_1_274' title='bbox 1411 3629 1749 3701; x_wconf 77' lang='grc' dir='ltr'>Σεναχηρεὶμ</span> 
     </span>
    </p>
   </div>
   <div class='ocr_carea' id='block_1_37' title="bbox 177 3706 1750 3784">
    <p class='ocr_par' dir='ltr' id='par_1_37' title="bbox 177 3706 1750 3784">
     <span class='ocr_line' id='line_1_37' title="bbox 177 3706 1750 3784; baseline 0.01 -28"><span class='ocrx_word' id='word_1_275' title='bbox 177 3706 471 3770; x_wconf 73' lang='grc' dir='ltr'>ἐνύσταξαν</span> <span class='ocrx_word' id='word_1_276' title='bbox 502 3711 699 3772; x_wconf 84' lang='grc' dir='ltr'>πάντες</span> <span class='ocrx_word' id='word_1_277' title='bbox 732 3714 780 3763; x_wconf 77' lang='grc' dir='ltr'>οἱ</span> <span class='ocrx_word' id='word_1_278' title='bbox 809 3712 1196 3784; x_wconf 74' lang='grc' dir='ltr'>ἐπιϐεϐηκότες</span> <span class='ocrx_word' id='word_1_279' title='bbox 1224 3717 1335 3777; x_wconf 88' lang='grc' dir='ltr'>τοῖς</span> <span class='ocrx_word' id='word_1_280' title='bbox 1376 3716 1560 3780; x_wconf 82' lang='grc' dir='ltr'>ἵπποις</span> <span class='ocrx_word' id='word_1_281' title='bbox 1581 3736 1594 3750; x_wconf 90' lang='grc'><strong>·</strong></span> <span class='ocrx_word' id='word_1_282' title='bbox 1631 3719 1750 3772; x_wconf 82' lang='grc' dir='ltr'>ὅθεν</span> 
     </span>
    </p>
   </div>
   <div class='ocr_carea' id='block_1_38' title="bbox 177 3798 1752 3882">
    <p class='ocr_par' dir='ltr' id='par_1_38' title="bbox 177 3798 1752 3882">
     <span class='ocr_line' id='line_1_38' title="bbox 177 3798 1752 3882; baseline 0.01 -33"><span class='ocrx_word' id='word_1_283' title='bbox 177 3798 271 3849; x_wconf 73' lang='grc' dir='ltr'>καὶ</span> <span class='ocrx_word' id='word_1_284' title='bbox 300 3800 328 3851; x_wconf 84' lang='grc' dir='ltr'>ὁ</span> <span class='ocrx_word' id='word_1_285' title='bbox 361 3799 451 3852; x_wconf 85' lang='grc' dir='ltr'>διὰ</span> <span class='ocrx_word' id='word_1_286' title='bbox 480 3801 756 3864; x_wconf 78' lang='grc' dir='ltr'>Μωῢσέως</span> <span class='ocrx_word' id='word_1_287' title='bbox 783 3805 944 3873; x_wconf 86' lang='grc' dir='ltr'>νόμος</span> <span class='ocrx_word' id='word_1_288' title='bbox 979 3805 1048 3858; x_wconf 84' lang='grc' dir='ltr'>τὰ</span> <span class='ocrx_word' id='word_1_289' title='bbox 1080 3806 1205 3875; x_wconf 67' lang='grc' dir='ltr'>περὶ</span> <span class='ocrx_word' id='word_1_290' title='bbox 1235 3806 1496 3876; x_wconf 79' lang='grc' dir='ltr'>βασιλέων</span> <span class='ocrx_word' id='word_1_291' title='bbox 1524 3810 1634 3882; x_wconf 71' lang='grc'>(40)</span> <span class='ocrx_word' id='word_1_292' title='bbox 1668 3829 1752 3864; x_wconf 90' lang='grc' dir='ltr'>νο-</span> 
     </span>
    </p>
   </div>
   <div class='ocr_carea' id='block_1_39' title="bbox 182 3891 1752 3968">
    <p class='ocr_par' dir='ltr' id='par_1_39' title="bbox 182 3891 1752 3968">
     <span class='ocr_line' id='line_1_39' title="bbox 182 3891 1752 3968; baseline 0.01 -27"><span class='ocrx_word' id='word_1_293' title='bbox 182 3891 439 3957; x_wconf 84' lang='grc' dir='ltr'>μοθετῶν,</span> <span class='ocrx_word' id='word_1_294' title='bbox 484 3896 564 3947; x_wconf 81' lang='grc' dir='ltr'><strong>Οὺ</strong></span> <span class='ocrx_word' id='word_1_295' title='bbox 611 3897 920 3960; x_wconf 72' lang='grc' dir='ltr'>πληθυνεῖ,</span> <span class='ocrx_word' id='word_1_296' title='bbox 959 3900 1141 3968; x_wconf 78' lang='grc' dir='ltr'>φησὶν,</span> <span class='ocrx_word' id='word_1_297' title='bbox 1187 3898 1376 3964; x_wconf 82' lang='grc' dir='ltr'>ἐαυτῷ</span> <span class='ocrx_word' id='word_1_298' title='bbox 1407 3902 1608 3955; x_wconf 79' lang='grc' dir='ltr'>ἵππον.</span> <span class='ocrx_word' id='word_1_299' title='bbox 1651 3905 1752 3957; x_wconf 80' lang='grc' dir='ltr'><em>Ἐν</em></span> 
     </span>
    </p>
   </div>
   <div class='ocr_carea' id='block_1_40' title="bbox 175 3977 1750 4053">
    <p class='ocr_par' dir='ltr' id='par_1_40' title="bbox 175 3977 1750 4053">
     <span class='ocr_line' id='line_1_40' title="bbox 175 3977 1750 4053; baseline 0.009 -24"><span class='ocrx_word' id='word_1_300' title='bbox 175 3977 243 4030; x_wconf 76' lang='grc' dir='ltr'>δὲ</span> <span class='ocrx_word' id='word_1_301' title='bbox 271 3983 483 4048; x_wconf 77' lang='grc' dir='ltr'>πλήθει</span> <span class='ocrx_word' id='word_1_302' title='bbox 513 3983 819 4053; x_wconf 78' lang='grc' dir='ltr'>δυνάμεως</span> <span class='ocrx_word' id='word_1_303' title='bbox 850 3985 1034 4036; x_wconf 80' lang='grc' dir='ltr'>αὑτοῦ</span> <span class='ocrx_word' id='word_1_304' title='bbox 1072 3989 1142 4039; x_wconf 76' lang='grc' dir='ltr'>οὐ</span> <span class='ocrx_word' id='word_1_305' title='bbox 1173 3987 1529 4051; x_wconf 78' lang='grc' dir='ltr'>σωθήσεται.</span> <span class='ocrx_word' id='word_1_306' title='bbox 1566 3991 1750 4042; x_wconf 79' lang='grc' dir='ltr'>’Ὅταν</span> 
     </span>
    </p>
   </div>
   <div class='ocr_carea' id='block_1_41' title="bbox 1258 350 2281 425">
    <p class='ocr_par' dir='ltr' id='par_1_41' title="bbox 1258 350 2281 425">
     <span class='ocr_line' id='line_1_41' title="bbox 1258 350 2281 425; baseline 0.001 -3"><span class='ocrx_word' id='word_1_307' title='bbox 1258 350 1540 424; x_wconf 72' lang='lat' dir='ltr'><strong>HoittLtA</strong></span> <span class='ocrx_word' id='word_1_308' title='bbox 1582 369 1645 422; x_wconf 82' lang='lat' dir='ltr'><strong>IN</strong></span> <span class='ocrx_word' id='word_1_309' title='bbox 1689 368 2020 423; x_wconf 72' lang='lat' dir='ltr'><strong>PSALMUM</strong></span> <span class='ocrx_word' id='word_1_310' title='bbox 2060 370 2281 425; x_wconf 83' lang='lat' dir='ltr'><strong>xxxn.</strong></span> 
     </span>
    </p>
   </div>
   <div class='ocr_carea' id='block_1_42' title="bbox 3303 381 3404 434">
    <p class='ocr_par' dir='ltr' id='par_1_42' title="bbox 3303 381 3404 434">
     <span class='ocr_line' id='line_1_42' title="bbox 3303 381 3404 434; baseline 0 0"><span class='ocrx_word' id='word_1_311' title='bbox 3303 381 3404 434; x_wconf 75' lang='grc'><strong>546</strong></span> 
     </span>
    </p>
   </div>
   <div class='ocr_carea' id='block_1_43' title="bbox 1841 490 3407 564">
    <p class='ocr_par' dir='ltr' id='par_1_43' title="bbox 1841 490 3407 564">
     <span class='ocr_line' id='line_1_43' title="bbox 1841 490 3407 564; baseline 0.004 -22"><span class='ocrx_word' id='word_1_312' title='bbox 1841 501 1926 542; x_wconf 91' lang='lat' dir='ltr'><strong>tur</strong></span> <span class='ocrx_word' id='word_1_313' title='bbox 1979 491 2138 561; x_wconf 81' lang='lat' dir='ltr'><strong>igitur</strong></span> <span class='ocrx_word' id='word_1_314' title='bbox 2168 507 2258 544; x_wconf 78' lang='lat' dir='ltr'><strong>rex</strong></span> <span class='ocrx_word' id='word_1_315' title='bbox 2298 506 2400 544; x_wconf 89' lang='lat' dir='ltr'><strong>non</strong></span> <span class='ocrx_word' id='word_1_316' title='bbox 2436 506 2530 558; x_wconf 88' lang='lat' dir='ltr'><strong>per</strong></span> <span class='ocrx_word' id='word_1_317' title='bbox 2575 490 2795 544; x_wconf 86' lang='lat' dir='ltr'><strong>multant</strong></span> <span class='ocrx_word' id='word_1_318' title='bbox 2849 495 3123 557; x_wconf 87' lang='lat' dir='ltr'><strong>virtutem,</strong></span> <span class='ocrx_word' id='word_1_319' title='bbox 3178 495 3270 549; x_wconf 88' lang='lat' dir='ltr'><strong>sed</strong></span> <span class='ocrx_word' id='word_1_320' title='bbox 3313 513 3407 564; x_wconf 87' lang='lat' dir='ltr'><strong>per</strong></span> 
     </span>
    </p>
   </div>
   <div class='ocr_carea' id='block_1_44' title="bbox 1837 582 3408 652">
    <p class='ocr_par' dir='ltr' id='par_1_44' title="bbox 1837 582 3408 652">
     <span class='ocr_line' id='line_1_44' title="bbox 1837 582 3408 652; baseline 0.004 -17"><span class='ocrx_word' id='word_1_321' title='bbox 1837 582 2072 636; x_wconf 84' lang='lat' dir='ltr'><strong>divinam</strong></span> <span class='ocrx_word' id='word_1_322' title='bbox 2106 584 2354 652; x_wconf 86' lang='lat' dir='ltr'><strong>gratiam.</strong></span> <span class='ocrx_word' id='word_1_323' title='bbox 2386 585 2562 647; x_wconf 76' lang='lat' dir='ltr'><strong>Quare</strong></span> <span class='ocrx_word' id='word_1_324' title='bbox 2583 593 2636 634; x_wconf 90' lang='lat' dir='ltr'><strong>et</strong></span> <span class='ocrx_word' id='word_1_325' title='bbox 2664 598 2790 652; x_wconf 87' lang='lat' dir='ltr'><strong>erga</strong></span> <span class='ocrx_word' id='word_1_326' title='bbox 2820 583 2914 637; x_wconf 55' lang='lat' dir='ltr'><strong>has</strong></span> <span class='ocrx_word' id='word_1_327' title='bbox 2944 599 3066 638; x_wconf 84' lang='lat' dir='ltr'><strong>vera</strong></span> <span class='ocrx_word' id='word_1_328' title='bbox 3097 595 3219 640; x_wconf 90' lang='lat' dir='ltr'><strong>sunt</strong></span> <span class='ocrx_word' id='word_1_329' title='bbox 3244 587 3408 641; x_wconf 84' lang='lat' dir='ltr'><strong>verba</strong></span> 
     </span>
    </p>
   </div>
   <div class='ocr_carea' id='block_1_45' title="bbox 1839 670 3405 743">
    <p class='ocr_par' dir='ltr' id='par_1_45' title="bbox 1839 670 3405 743">
     <span class='ocr_line' id='line_1_45' title="bbox 1839 670 3405 743; baseline 0.005 -21"><span class='ocrx_word' id='word_1_330' title='bbox 1839 671 1944 736; x_wconf 86' lang='lat' dir='ltr'><strong>illa,</strong></span> <span class='ocrx_word' id='word_1_331' title='bbox 1984 670 2167 725; x_wconf 77' lang='lat' dir='ltr'><strong>Gratia</strong></span> <span class='ocrx_word' id='word_1_332' title='bbox 2217 671 2406 726; x_wconf 75' lang='lat' dir='ltr'><strong>saluati</strong></span> <span class='ocrx_word' id='word_1_333' title='bbox 2438 672 2559 723; x_wconf 85' lang='lat' dir='ltr'><strong>estis</strong></span> <span class='ocrx_word' id='word_1_334' title='bbox 2583 670 2648 723; x_wconf 76' lang='lat'><strong>&quot;.</strong></span> <span class='ocrx_word' id='word_1_335' title='bbox 2693 670 2766 724; x_wconf 89' lang='lat' dir='ltr'><strong>Ita</strong></span> <span class='ocrx_word' id='word_1_336' title='bbox 2809 687 2874 725; x_wconf 92' lang='lat' dir='ltr'><strong>ne</strong></span> <span class='ocrx_word' id='word_1_337' title='bbox 2915 673 3145 743; x_wconf 77' lang='lat' dir='ltr'><strong>agricola</strong></span> <span class='ocrx_word' id='word_1_338' title='bbox 3188 675 3405 743; x_wconf 86' lang='lat' dir='ltr'><strong>quidem</strong></span> 
     </span>
    </p>
   </div>
   <div class='ocr_carea' id='block_1_46' title="bbox 1838 761 3405 831">
    <p class='ocr_par' dir='ltr' id='par_1_46' title="bbox 1838 761 3405 831">
     <span class='ocr_line' id='line_1_46' title="bbox 1838 761 3405 831; baseline 0.002 -14"><span class='ocrx_word' id='word_1_339' title='bbox 1838 778 1932 831; x_wconf 87' lang='lat' dir='ltr'><strong>per</strong></span> <span class='ocrx_word' id='word_1_340' title='bbox 1971 764 2373 830; x_wconf 70' lang='lat' dir='ltr'><strong>agricolationis</strong></span> <span class='ocrx_word' id='word_1_341' title='bbox 2418 761 2743 831; x_wconf 80' lang='lat' dir='ltr'><strong>diligentiam</strong></span> <span class='ocrx_word' id='word_1_342' title='bbox 2798 775 3003 818; x_wconf 90' lang='lat' dir='ltr'><strong>tantum</strong></span> <span class='ocrx_word' id='word_1_343' title='bbox 3049 764 3280 820; x_wconf 81' lang='lat' dir='ltr'><strong>fructum</strong></span> <span class='ocrx_word' id='word_1_344' title='bbox 3313 781 3405 821; x_wconf 89' lang='lat' dir='ltr'><strong>as-</strong></span> 
     </span>
    </p>
   </div>
   <div class='ocr_carea' id='block_1_47' title="bbox 1838 856 3378 928">
    <p class='ocr_par' dir='ltr' id='par_1_47' title="bbox 1838 856 3378 928">
     <span class='ocr_line' id='line_1_47' title="bbox 1838 856 3378 928; baseline 0.001 -18"><span class='ocrx_word' id='word_1_345' title='bbox 1838 857 2099 924; x_wconf 85' lang='lat' dir='ltr'><strong>sequitur,</strong></span> <span class='ocrx_word' id='word_1_346' title='bbox 2136 867 2391 924; x_wconf 83' lang='lat' dir='ltr'><strong>quantuut</strong></span> <span class='ocrx_word' id='word_1_347' title='bbox 2423 870 2516 922; x_wconf 89' lang='lat' dir='ltr'><strong>per</strong></span> <span class='ocrx_word' id='word_1_348' title='bbox 2543 856 2703 908; x_wconf 89' lang='lat' dir='ltr'><strong>Deum</strong></span> <span class='ocrx_word' id='word_1_349' title='bbox 2727 870 2937 924; x_wconf 79' lang='lat' dir='ltr'><strong>segetes</strong></span> <span class='ocrx_word' id='word_1_350' title='bbox 2967 871 3271 928; x_wconf 88' lang='lat' dir='ltr'><strong>augentem.</strong></span> <span class='ocrx_word' id='word_1_351' title='bbox 3293 858 3378 912; x_wconf 88' lang='lat' dir='ltr'><strong>Ne</strong></span> 
     </span>
    </p>
   </div>
   <div class='ocr_carea' id='block_1_48' title="bbox 1835 948 3406 1020">
    <p class='ocr_par' dir='ltr' id='par_1_48' title="bbox 1835 948 3406 1020">
     <span class='ocr_line' id='line_1_48' title="bbox 1835 948 3406 1020; baseline 0.004 -22"><span class='ocrx_word' id='word_1_352' title='bbox 1835 965 1932 1017; x_wconf 85' lang='lat' dir='ltr'><strong>que</strong></span> <span class='ocrx_word' id='word_1_353' title='bbox 1959 951 2096 1002; x_wconf 88' lang='lat' dir='ltr'><strong>enim</strong></span> <span class='ocrx_word' id='word_1_354' title='bbox 2139 949 2228 1016; x_wconf 87' lang='lat' dir='ltr'><strong>qui</strong></span> <span class='ocrx_word' id='word_1_355' title='bbox 2265 949 2491 1017; x_wconf 80' lang='lat' dir='ltr'><strong>plantat,</strong></span> <span class='ocrx_word' id='word_1_356' title='bbox 2528 957 2602 1000; x_wconf 85' lang='lat' dir='ltr'><strong>est</strong></span> <span class='ocrx_word' id='word_1_357' title='bbox 2655 948 2873 1017; x_wconf 88' lang='lat' dir='ltr'><strong>aliquid,</strong></span> <span class='ocrx_word' id='word_1_358' title='bbox 2904 967 3063 1020; x_wconf 86' lang='lat' dir='ltr'><strong>neque</strong></span> <span class='ocrx_word' id='word_1_359' title='bbox 3101 952 3190 1018; x_wconf 86' lang='lat' dir='ltr'><strong>qui</strong></span> <span class='ocrx_word' id='word_1_360' title='bbox 3232 952 3406 1020; x_wconf 78' lang='lat' dir='ltr'><strong>rigat;</strong></span> 
     </span>
    </p>
   </div>
   <div class='ocr_carea' id='block_1_49' title="bbox 1837 1039 3406 1114">
    <p class='ocr_par' dir='ltr' id='par_1_49' title="bbox 1837 1039 3406 1114">
     <span class='ocr_line' id='line_1_49' title="bbox 1837 1039 3406 1114; baseline 0.003 -20"><span class='ocrx_word' id='word_1_361' title='bbox 1837 1042 1924 1094; x_wconf 86' lang='lat' dir='ltr'><strong>sed</strong></span> <span class='ocrx_word' id='word_1_362' title='bbox 1946 1042 2033 1110; x_wconf 86' lang='lat' dir='ltr'><strong>qui</strong></span> <span class='ocrx_word' id='word_1_363' title='bbox 2068 1043 2437 1094; x_wconf 81' lang='lat' dir='ltr'><strong>incrementum</strong></span> <span class='ocrx_word' id='word_1_364' title='bbox 2460 1039 2548 1092; x_wconf 86' lang='lat' dir='ltr'><strong>dat</strong></span> <span class='ocrx_word' id='word_1_365' title='bbox 2586 1040 2721 1093; x_wconf 90' lang='lat' dir='ltr'><strong>Deus</strong></span> <span class='ocrx_word' id='word_1_366' title='bbox 2745 1042 2810 1095; x_wconf 79' lang='lat'><strong>&quot;.</strong></span> <span class='ocrx_word' id='word_1_367' title='bbox 2845 1040 2994 1106; x_wconf 86' lang='lat' dir='ltr'><strong>Quoi</strong></span> <span class='ocrx_word' id='word_1_368' title='bbox 3024 1043 3067 1096; x_wconf 96' lang='lat' dir='ltr'><strong>si</strong></span> <span class='ocrx_word' id='word_1_369' title='bbox 3117 1058 3211 1097; x_wconf 88' lang='lat' dir='ltr'><strong>cor</strong></span> <span class='ocrx_word' id='word_1_370' title='bbox 3265 1060 3356 1114; x_wconf 88' lang='lat' dir='ltr'><strong>reg</strong></span> <span class='ocrx_word' id='word_1_371' title='bbox 3380 1060 3406 1098; x_wconf 88' lang='lat' dir='ltr'><strong>s</strong></span> 
     </span>
    </p>
   </div>
   <div class='ocr_carea' id='block_1_50' title="bbox 1841 1131 3407 1203">
    <p class='ocr_par' dir='ltr' id='par_1_50' title="bbox 1841 1131 3407 1203">
     <span class='ocr_line' id='line_1_50' title="bbox 1841 1131 3407 1203; baseline 0.006 -21"><span class='ocrx_word' id='word_1_372' title='bbox 1841 1131 1891 1184; x_wconf 91' lang='lat' dir='ltr'><strong>in</strong></span> <span class='ocrx_word' id='word_1_373' title='bbox 1924 1147 2081 1185; x_wconf 85' lang='lat' dir='ltr'><strong>manu</strong></span> <span class='ocrx_word' id='word_1_374' title='bbox 2121 1131 2274 1185; x_wconf 76' lang='lat' dir='ltr'><strong>Dei”</strong></span> <span class='ocrx_word' id='word_1_375' title='bbox 2307 1147 2320 1184; x_wconf 91' lang='lat'><strong>:</strong></span> <span class='ocrx_word' id='word_1_376' title='bbox 2359 1147 2462 1184; x_wconf 91' lang='lat' dir='ltr'><strong>non</strong></span> <span class='ocrx_word' id='word_1_377' title='bbox 2503 1146 2599 1200; x_wconf 82' lang='lat' dir='ltr'><strong>per</strong></span> <span class='ocrx_word' id='word_1_378' title='bbox 2639 1147 2908 1185; x_wconf 88' lang='lat' dir='ltr'><strong>armorum</strong></span> <span class='ocrx_word' id='word_1_379' title='bbox 2950 1136 3263 1203; x_wconf 87' lang='lat' dir='ltr'><strong>potentiam,</strong></span> <span class='ocrx_word' id='word_1_380' title='bbox 3310 1136 3407 1191; x_wconf 89' lang='lat' dir='ltr'><strong>sed</strong></span> 
     </span>
    </p>
   </div>
   <div class='ocr_carea' id='block_1_51' title="bbox 1841 1224 3407 1293">
    <p class='ocr_par' dir='ltr' id='par_1_51' title="bbox 1841 1224 3407 1293">
     <span class='ocr_line' id='line_1_51' title="bbox 1841 1224 3407 1293; baseline 0.003 -15"><span class='ocrx_word' id='word_1_381' title='bbox 1841 1240 1934 1293; x_wconf 89' lang='lat' dir='ltr'><strong>per</strong></span> <span class='ocrx_word' id='word_1_382' title='bbox 1978 1224 2211 1277; x_wconf 87' lang='lat' dir='ltr'><strong>divinum</strong></span> <span class='ocrx_word' id='word_1_383' title='bbox 2274 1224 2580 1292; x_wconf 76' lang='lat' dir='ltr'><strong>praesidium</strong></span> <span class='ocrx_word' id='word_1_384' title='bbox 2638 1236 2903 1278; x_wconf 72' lang='lat' dir='ltr'><strong>Servatur.</strong></span> <span class='ocrx_word' id='word_1_385' title='bbox 2941 1225 2994 1279; x_wconf 92' lang='lat' dir='ltr'><strong>ln</strong></span> <span class='ocrx_word' id='word_1_386' title='bbox 3041 1243 3198 1280; x_wconf 89' lang='lat' dir='ltr'><strong>ntanu</strong></span> <span class='ocrx_word' id='word_1_387' title='bbox 3231 1237 3407 1283; x_wconf 83' lang='lat' dir='ltr'><strong>autent</strong></span> 
     </span>
    </p>
   </div>
   <div class='ocr_carea' id='block_1_52' title="bbox 1843 1315 3410 1389">
    <p class='ocr_par' dir='ltr' id='par_1_52' title="bbox 1843 1315 3410 1389">
     <span class='ocr_line' id='line_1_52' title="bbox 1843 1315 3410 1389; baseline 0.005 -22"><span class='ocrx_word' id='word_1_388' title='bbox 1843 1316 1929 1369; x_wconf 87' lang='lat' dir='ltr'><strong>Dei</strong></span> <span class='ocrx_word' id='word_1_389' title='bbox 1963 1332 2064 1369; x_wconf 92' lang='lat' dir='ltr'><strong>non</strong></span> <span class='ocrx_word' id='word_1_390' title='bbox 2099 1324 2180 1369; x_wconf 90' lang='lat' dir='ltr'><strong>est</strong></span> <span class='ocrx_word' id='word_1_391' title='bbox 2228 1315 2475 1382; x_wconf 88' lang='lat' dir='ltr'><strong>quilibet,</strong></span> <span class='ocrx_word' id='word_1_392' title='bbox 2514 1315 2604 1369; x_wconf 89' lang='lat' dir='ltr'><strong>sed</strong></span> <span class='ocrx_word' id='word_1_393' title='bbox 2655 1317 2744 1383; x_wconf 91' lang='lat' dir='ltr'><strong>qui</strong></span> <span class='ocrx_word' id='word_1_394' title='bbox 2778 1317 2973 1386; x_wconf 88' lang='lat' dir='ltr'><strong>dignus</strong></span> <span class='ocrx_word' id='word_1_395' title='bbox 3019 1319 3226 1372; x_wconf 80' lang='lat' dir='ltr'><strong>exsistit</strong></span> <span class='ocrx_word' id='word_1_396' title='bbox 3267 1325 3410 1389; x_wconf 82' lang='lat' dir='ltr'><strong>regis</strong></span> 
     </span>
    </p>
   </div>
   <div class='ocr_carea' id='block_1_53' title="bbox 1841 1407 3408 1480">
    <p class='ocr_par' dir='ltr' id='par_1_53' title="bbox 1841 1407 3408 1480">
     <span class='ocr_line' id='line_1_53' title="bbox 1841 1407 3408 1480; baseline 0.003 -18"><span class='ocrx_word' id='word_1_397' title='bbox 1841 1410 2210 1477; x_wconf 84' lang='lat' dir='ltr'><strong>appellatione.</strong></span> <span class='ocrx_word' id='word_1_398' title='bbox 2244 1407 2572 1463; x_wconf 87' lang='lat' dir='ltr'><strong>Detinieruut</strong></span> <span class='ocrx_word' id='word_1_399' title='bbox 2595 1417 2769 1462; x_wconf 87' lang='lat' dir='ltr'><strong>autem</strong></span> <span class='ocrx_word' id='word_1_400' title='bbox 2802 1412 3016 1479; x_wconf 86' lang='lat' dir='ltr'><strong>quidam</strong></span> <span class='ocrx_word' id='word_1_401' title='bbox 3048 1427 3263 1480; x_wconf 87' lang='lat' dir='ltr'><strong>regnum</strong></span> <span class='ocrx_word' id='word_1_402' title='bbox 3287 1426 3408 1466; x_wconf 84' lang='lat' dir='ltr'><strong>esse</strong></span> 
     </span>
    </p>
   </div>
   <div class='ocr_carea' id='block_1_54' title="bbox 1843 1500 3403 1570">
    <p class='ocr_par' dir='ltr' id='par_1_54' title="bbox 1843 1500 3403 1570">
     <span class='ocr_line' id='line_1_54' title="bbox 1843 1500 3403 1570; baseline 0.003 -19"><span class='ocrx_word' id='word_1_403' title='bbox 1843 1501 2138 1566; x_wconf 82' lang='lat' dir='ltr'><strong>legitimum</strong></span> <span class='ocrx_word' id='word_1_404' title='bbox 2186 1500 2537 1564; x_wconf 76' lang='lat' dir='ltr'><strong>deminutum,</strong></span> <span class='ocrx_word' id='word_1_405' title='bbox 2582 1514 2672 1554; x_wconf 90' lang='lat' dir='ltr'><strong>aut</strong></span> <span class='ocrx_word' id='word_1_406' title='bbox 2709 1501 3060 1570; x_wconf 87' lang='lat' dir='ltr'><strong>principatum</strong></span> <span class='ocrx_word' id='word_1_407' title='bbox 3097 1503 3148 1556; x_wconf 93' lang='lat' dir='ltr'><strong>in</strong></span> <span class='ocrx_word' id='word_1_408' title='bbox 3198 1517 3403 1567; x_wconf 88' lang='lat' dir='ltr'><strong>omnes,</strong></span> 
     </span>
    </p>
   </div>
   <div class='ocr_carea' id='block_1_55' title="bbox 1842 1590 3409 1661">
    <p class='ocr_par' dir='ltr' id='par_1_55' title="bbox 1842 1590 3409 1661">
     <span class='ocr_line' id='line_1_55' title="bbox 1842 1590 3409 1661; baseline 0.003 -18"><span class='ocrx_word' id='word_1_409' title='bbox 1842 1593 1917 1643; x_wconf 90' lang='lat' dir='ltr'><strong>sic</strong></span> <span class='ocrx_word' id='word_1_410' title='bbox 1946 1600 2000 1643; x_wconf 85' lang='grc' dir='ltr'><strong>ιιι</strong></span> <span class='ocrx_word' id='word_1_411' title='bbox 2045 1601 2262 1658; x_wconf 85' lang='lat' dir='ltr'><strong>peccato</strong></span> <span class='ocrx_word' id='word_1_412' title='bbox 2293 1592 2554 1644; x_wconf 83' lang='lat' dir='ltr'><strong>obnoxius</strong></span> <span class='ocrx_word' id='word_1_413' title='bbox 2596 1607 2700 1645; x_wconf 91' lang='lat' dir='ltr'><strong>non</strong></span> <span class='ocrx_word' id='word_1_414' title='bbox 2744 1595 2830 1646; x_wconf 89' lang='lat' dir='ltr'><strong>sit.</strong></span> <span class='ocrx_word' id='word_1_415' title='bbox 2874 1590 2939 1644; x_wconf 86' lang='lat' dir='ltr'><strong>Et</strong></span> <span class='ocrx_word' id='word_1_416' title='bbox 2979 1593 3121 1661; x_wconf 81' lang='lat' dir='ltr'><strong>gigas</strong></span> <span class='ocrx_word' id='word_1_417' title='bbox 3168 1611 3270 1647; x_wconf 89' lang='lat' dir='ltr'><strong>non</strong></span> <span class='ocrx_word' id='word_1_418' title='bbox 3299 1592 3409 1648; x_wconf 67' lang='lat' dir='ltr'><strong>sal-</strong></span> 
     </span>
    </p>
   </div>
   <div class='ocr_carea' id='block_1_56' title="bbox 1842 1682 3410 1754">
    <p class='ocr_par' dir='ltr' id='par_1_56' title="bbox 1842 1682 3410 1754">
     <span class='ocr_line' id='line_1_56' title="bbox 1842 1682 3410 1754; baseline 0.004 -20"><span class='ocrx_word' id='word_1_419' title='bbox 1842 1684 2046 1734; x_wconf 79' lang='lat' dir='ltr'><strong>cabitur</strong></span> <span class='ocrx_word' id='word_1_420' title='bbox 2085 1683 2138 1734; x_wconf 91' lang='lat' dir='ltr'><strong>in</strong></span> <span class='ocrx_word' id='word_1_421' title='bbox 2182 1682 2518 1735; x_wconf 82' lang='lat' dir='ltr'><strong>multitudine</strong></span> <span class='ocrx_word' id='word_1_422' title='bbox 2560 1684 2764 1735; x_wconf 80' lang='lat' dir='ltr'><strong>virtutis</strong></span> <span class='ocrx_word' id='word_1_423' title='bbox 2807 1701 2936 1738; x_wconf 74' lang='lat' dir='ltr'><strong>sure.</strong></span> <span class='ocrx_word' id='word_1_424' title='bbox 2963 1685 3240 1754; x_wconf 84' lang='lat' dir='ltr'><strong>Gigantem</strong></span> <span class='ocrx_word' id='word_1_425' title='bbox 3279 1687 3410 1741; x_wconf 82' lang='lat' dir='ltr'><strong>dicit</strong></span> 
     </span>
    </p>
   </div>
   <div class='ocr_carea' id='block_1_57' title="bbox 1843 1772 3410 1846">
    <p class='ocr_par' dir='ltr' id='par_1_57' title="bbox 1843 1772 3410 1846">
     <span class='ocr_line' id='line_1_57' title="bbox 1843 1772 3410 1846; baseline 0.004 -19"><span class='ocrx_word' id='word_1_426' title='bbox 1843 1773 2086 1843; x_wconf 86' lang='lat' dir='ltr'><strong>eum,qui</strong></span> <span class='ocrx_word' id='word_1_427' title='bbox 2109 1772 2332 1826; x_wconf 87' lang='lat' dir='ltr'><strong>naturali</strong></span> <span class='ocrx_word' id='word_1_428' title='bbox 2361 1774 2407 1825; x_wconf 90' lang='lat' dir='ltr'><strong>vi</strong></span> <span class='ocrx_word' id='word_1_429' title='bbox 2437 1784 2489 1827; x_wconf 92' lang='lat' dir='ltr'><strong>et</strong></span> <span class='ocrx_word' id='word_1_430' title='bbox 2512 1775 2773 1842; x_wconf 82' lang='lat' dir='ltr'><strong>corporali</strong></span> <span class='ocrx_word' id='word_1_431' title='bbox 2798 1776 2955 1842; x_wconf 86' lang='lat' dir='ltr'><strong>pollet</strong></span> <span class='ocrx_word' id='word_1_432' title='bbox 2983 1779 3185 1831; x_wconf 86' lang='lat' dir='ltr'><strong>robore.</strong></span> <span class='ocrx_word' id='word_1_433' title='bbox 3226 1775 3410 1846; x_wconf 83' lang='lat' dir='ltr'><strong>Neque</strong></span> 
     </span>
    </p>
   </div>
   <div class='ocr_carea' id='block_1_58' title="bbox 1847 1864 3407 1926">
    <p class='ocr_par' dir='ltr' id='par_1_58' title="bbox 1847 1864 3407 1926">
     <span class='ocr_line' id='line_1_58' title="bbox 1847 1864 3407 1926; baseline 0.003 -9"><span class='ocrx_word' id='word_1_434' title='bbox 1847 1865 2005 1926; x_wconf 70' lang='lat' dir='ltr'><strong>igitur</strong></span> <span class='ocrx_word' id='word_1_435' title='bbox 2044 1879 2136 1919; x_wconf 79' lang='lat' dir='ltr'><strong>rex</strong></span> <span class='ocrx_word' id='word_1_436' title='bbox 2179 1879 2241 1918; x_wconf 79' lang='lat' dir='ltr'><strong>ex</strong></span> <span class='ocrx_word' id='word_1_437' title='bbox 2289 1866 2454 1917; x_wconf 89' lang='lat' dir='ltr'><strong>armis</strong></span> <span class='ocrx_word' id='word_1_438' title='bbox 2501 1864 2764 1920; x_wconf 80' lang='lat' dir='ltr'><strong>suﬂiciens</strong></span> <span class='ocrx_word' id='word_1_439' title='bbox 2800 1867 2865 1918; x_wconf 87' lang='lat' dir='ltr'><strong>ad</strong></span> <span class='ocrx_word' id='word_1_440' title='bbox 2896 1867 3119 1920; x_wconf 87' lang='lat' dir='ltr'><strong>salutem</strong></span> <span class='ocrx_word' id='word_1_441' title='bbox 3152 1866 3407 1921; x_wconf 78' lang='lat' dir='ltr'><strong>auxilium</strong></span> 
     </span>
    </p>
   </div>
   <div class='ocr_carea' id='block_1_59' title="bbox 1846 1957 3406 2028">
    <p class='ocr_par' dir='ltr' id='par_1_59' title="bbox 1846 1957 3406 2028">
     <span class='ocr_line' id='line_1_59' title="bbox 1846 1957 3406 2028; baseline 0.003 -16"><span class='ocrx_word' id='word_1_442' title='bbox 1846 1959 2022 2026; x_wconf 65' lang='lat' dir='ltr'><strong>habet,</strong></span> <span class='ocrx_word' id='word_1_443' title='bbox 2045 1974 2219 2028; x_wconf 81' lang='lat' dir='ltr'><strong>neque</strong></span> <span class='ocrx_word' id='word_1_444' title='bbox 2248 1957 2400 2013; x_wconf 82' lang='lat' dir='ltr'><strong>fortis</strong></span> <span class='ocrx_word' id='word_1_445' title='bbox 2423 1959 2505 2012; x_wconf 87' lang='lat' dir='ltr'><strong>vir</strong></span> <span class='ocrx_word' id='word_1_446' title='bbox 2537 1959 2636 2012; x_wconf 87' lang='lat' dir='ltr'><strong>sibi</strong></span> <span class='ocrx_word' id='word_1_447' title='bbox 2659 1961 2723 2013; x_wconf 91' lang='lat' dir='ltr'><strong>ad</strong></span> <span class='ocrx_word' id='word_1_448' title='bbox 2743 1960 2918 2013; x_wconf 91' lang='lat' dir='ltr'><strong>omnia</strong></span> <span class='ocrx_word' id='word_1_449' title='bbox 2949 1957 3188 2015; x_wconf 67' lang='lat' dir='ltr'><strong>subicere</strong></span> <span class='ocrx_word' id='word_1_450' title='bbox 3211 1969 3406 2026; x_wconf 88' lang='lat' dir='ltr'><strong>potest.</strong></span> 
     </span>
    </p>
   </div>
   <div class='ocr_carea' id='block_1_60' title="bbox 1845 2052 3409 2109">
    <p class='ocr_par' dir='ltr' id='par_1_60' title="bbox 1845 2052 3409 2109">
     <span class='ocr_line' id='line_1_60' title="bbox 1845 2052 3409 2109; baseline 0.002 -4"><span class='ocrx_word' id='word_1_451' title='bbox 1845 2052 2184 2107; x_wconf 73' lang='lat' dir='ltr'><strong>Imbecillitas</strong></span> <span class='ocrx_word' id='word_1_452' title='bbox 2203 2053 2344 2106; x_wconf 85' lang='lat' dir='ltr'><strong>enim</strong></span> <span class='ocrx_word' id='word_1_453' title='bbox 2377 2059 2429 2106; x_wconf 92' lang='lat' dir='ltr'><strong>et</strong></span> <span class='ocrx_word' id='word_1_454' title='bbox 2459 2053 2743 2107; x_wconf 88' lang='lat' dir='ltr'><strong>inlirmitas</strong></span> <span class='ocrx_word' id='word_1_455' title='bbox 2767 2063 2893 2106; x_wconf 90' lang='lat' dir='ltr'><strong>sunt</strong></span> <span class='ocrx_word' id='word_1_456' title='bbox 2919 2053 3094 2109; x_wconf 84' lang='lat' dir='ltr'><strong>omnia</strong></span> <span class='ocrx_word' id='word_1_457' title='bbox 3127 2053 3289 2108; x_wconf 85' lang='lat' dir='ltr'><strong>simul</strong></span> <span class='ocrx_word' id='word_1_458' title='bbox 3310 2058 3409 2108; x_wconf 85' lang='lat' dir='ltr'><strong>ltu-</strong></span> 
     </span>
    </p>
   </div>
   <div class='ocr_carea' id='block_1_61' title="bbox 1844 2144 3405 2216">
    <p class='ocr_par' dir='ltr' id='par_1_61' title="bbox 1844 2144 3405 2216">
     <span class='ocr_line' id='line_1_61' title="bbox 1844 2144 3405 2216; baseline 0.003 -19"><span class='ocrx_word' id='word_1_459' title='bbox 1844 2159 2021 2208; x_wconf 84' lang='lat' dir='ltr'><strong>tnaua,</strong></span> <span class='ocrx_word' id='word_1_460' title='bbox 2049 2144 2090 2199; x_wconf 89' lang='lat' dir='ltr'><strong>si</strong></span> <span class='ocrx_word' id='word_1_461' title='bbox 2120 2159 2238 2198; x_wconf 90' lang='lat' dir='ltr'><strong>cum</strong></span> <span class='ocrx_word' id='word_1_462' title='bbox 2270 2160 2390 2198; x_wconf 86' lang='lat' dir='ltr'><strong>vera</strong></span> <span class='ocrx_word' id='word_1_463' title='bbox 2425 2147 2660 2214; x_wconf 89' lang='lat' dir='ltr'><strong>potentia</strong></span> <span class='ocrx_word' id='word_1_464' title='bbox 2690 2158 3088 2216; x_wconf 83' lang='lat' dir='ltr'><strong>comparentur.</strong></span> <span class='ocrx_word' id='word_1_465' title='bbox 3115 2144 3405 2216; x_wconf 84' lang='lat' dir='ltr'><strong>Propterea</strong></span> 
     </span>
    </p>
   </div>
   <div class='ocr_carea' id='block_1_62' title="bbox 1844 2233 3404 2305">
    <p class='ocr_par' dir='ltr' id='par_1_62' title="bbox 1844 2233 3404 2305">
     <span class='ocr_line' id='line_1_62' title="bbox 1844 2233 3404 2305; baseline 0.001 -18"><span class='ocrx_word' id='word_1_466' title='bbox 1844 2233 2066 2303; x_wconf 82' lang='lat' dir='ltr'><strong>Inﬁrma</strong></span> <span class='ocrx_word' id='word_1_467' title='bbox 2106 2233 2287 2287; x_wconf 87' lang='lat' dir='ltr'><strong>mundi</strong></span> <span class='ocrx_word' id='word_1_468' title='bbox 2337 2233 2487 2302; x_wconf 85' lang='lat' dir='ltr'><strong>elegit</strong></span> <span class='ocrx_word' id='word_1_469' title='bbox 2534 2233 2696 2299; x_wconf 88' lang='lat' dir='ltr'><strong>Deus,</strong></span> <span class='ocrx_word' id='word_1_470' title='bbox 2728 2244 2780 2287; x_wconf 88' lang='lat' dir='ltr'><strong>ut</strong></span> <span class='ocrx_word' id='word_1_471' title='bbox 2825 2236 3110 2303; x_wconf 78' lang='lat' dir='ltr'><strong>confnndat</strong></span> <span class='ocrx_word' id='word_1_472' title='bbox 3141 2235 3404 2305; x_wconf 77' lang='lat' dir='ltr'><strong>fortia”;</strong></span> 
     </span>
    </p>
   </div>
   <div class='ocr_carea' id='block_1_63' title="bbox 1845 2326 3410 2397">
    <p class='ocr_par' dir='ltr' id='par_1_63' title="bbox 1845 2326 3410 2397">
     <span class='ocr_line' id='line_1_63' title="bbox 1845 2326 3410 2397; baseline 0.003 -18"><span class='ocrx_word' id='word_1_473' title='bbox 1845 2339 1897 2380; x_wconf 88' lang='lat' dir='ltr'><strong>et</strong></span> <span class='ocrx_word' id='word_1_474' title='bbox 1920 2343 1981 2382; x_wconf 82' lang='lat' dir='ltr'><strong>ex</strong></span> <span class='ocrx_word' id='word_1_475' title='bbox 2003 2342 2094 2382; x_wconf 91' lang='lat' dir='ltr'><strong>ore</strong></span> <span class='ocrx_word' id='word_1_476' title='bbox 2125 2326 2404 2381; x_wconf 80' lang='lat' dir='ltr'><strong>infantium</strong></span> <span class='ocrx_word' id='word_1_477' title='bbox 2428 2337 2482 2382; x_wconf 87' lang='lat' dir='ltr'><strong>et</strong></span> <span class='ocrx_word' id='word_1_478' title='bbox 2513 2326 2821 2382; x_wconf 88' lang='lat' dir='ltr'><strong>lactentium</strong></span> <span class='ocrx_word' id='word_1_479' title='bbox 2854 2328 3074 2397; x_wconf 84' lang='lat' dir='ltr'><strong>perfecit</strong></span> <span class='ocrx_word' id='word_1_480' title='bbox 3094 2330 3327 2393; x_wconf 84' lang='lat' dir='ltr'><strong>laudent,</strong></span> <span class='ocrx_word' id='word_1_481' title='bbox 3352 2340 3410 2384; x_wconf 91' lang='lat' dir='ltr'><strong>ut</strong></span> 
     </span>
    </p>
   </div>
   <div class='ocr_carea' id='block_1_64' title="bbox 1846 2418 3408 2488">
    <p class='ocr_par' dir='ltr' id='par_1_64' title="bbox 1846 2418 3408 2488">
     <span class='ocr_line' id='line_1_64' title="bbox 1846 2418 3408 2488; baseline 0.001 -15"><span class='ocrx_word' id='word_1_482' title='bbox 1846 2422 2085 2473; x_wconf 90' lang='lat' dir='ltr'><strong>destruat</strong></span> <span class='ocrx_word' id='word_1_483' title='bbox 2125 2418 2398 2472; x_wconf 85' lang='lat' dir='ltr'><strong>inimicum</strong></span> <span class='ocrx_word' id='word_1_484' title='bbox 2429 2429 2482 2472; x_wconf 89' lang='lat' dir='ltr'><strong>et</strong></span> <span class='ocrx_word' id='word_1_485' title='bbox 2518 2419 2828 2472; x_wconf 82' lang='lat' dir='ltr'><strong>ultorem&quot;.</strong></span> <span class='ocrx_word' id='word_1_486' title='bbox 2860 2419 2988 2473; x_wconf 73' lang='lat' dir='ltr'><strong>Nam</strong></span> <span class='ocrx_word' id='word_1_487' title='bbox 3030 2419 3207 2472; x_wconf 83' lang='lat' dir='ltr'><strong>divina</strong></span> <span class='ocrx_word' id='word_1_488' title='bbox 3235 2419 3408 2488; x_wconf 83' lang='lat' dir='ltr'><strong>gratia</strong></span> 
     </span>
    </p>
   </div>
   <div class='ocr_carea' id='block_1_65' title="bbox 1851 2510 3411 2583">
    <p class='ocr_par' dir='ltr' id='par_1_65' title="bbox 1851 2510 3411 2583">
     <span class='ocr_line' id='line_1_65' title="bbox 1851 2510 3411 2583; baseline 0.003 -19"><span class='ocrx_word' id='word_1_489' title='bbox 1851 2512 2001 2583; x_wconf 68' lang='grc'><strong>14],</strong></span> <span class='ocrx_word' id='word_1_490' title='bbox 2047 2513 2098 2564; x_wconf 91' lang='lat' dir='ltr'><strong>in</strong></span> <span class='ocrx_word' id='word_1_491' title='bbox 2151 2511 2447 2565; x_wconf 73' lang='lat' dir='ltr'><strong>infantibus</strong></span> <span class='ocrx_word' id='word_1_492' title='bbox 2481 2526 2544 2564; x_wconf 88' lang='lat' dir='ltr'><strong>ac</strong></span> <span class='ocrx_word' id='word_1_493' title='bbox 2603 2510 2823 2566; x_wconf 86' lang='lat' dir='ltr'><strong>rudibus</strong></span> <span class='ocrx_word' id='word_1_494' title='bbox 2871 2528 3133 2582; x_wconf 78' lang='lat' dir='ltr'><strong>operans,</strong></span> <span class='ocrx_word' id='word_1_495' title='bbox 3175 2512 3411 2568; x_wconf 78' lang='lat' dir='ltr'><strong>maxime</strong></span> 
     </span>
    </p>
   </div>
   <div class='ocr_carea' id='block_1_66' title="bbox 1847 2601 3410 2674">
    <p class='ocr_par' dir='ltr' id='par_1_66' title="bbox 1847 2601 3410 2674">
     <span class='ocr_line' id='line_1_66' title="bbox 1847 2601 3410 2674; baseline 0.003 -18"><span class='ocrx_word' id='word_1_496' title='bbox 1847 2602 2196 2670; x_wconf 88' lang='lat' dir='ltr'><strong>resplenduit.</strong></span> <span class='ocrx_word' id='word_1_497' title='bbox 2229 2602 2395 2657; x_wconf 73' lang='lat' dir='ltr'><strong>Vens.</strong></span> <span class='ocrx_word' id='word_1_498' title='bbox 2441 2603 2526 2656; x_wconf 87' lang='grc'><strong>17.</strong></span> <span class='ocrx_word' id='word_1_499' title='bbox 2573 2601 2767 2656; x_wconf 78' lang='lat' dir='ltr'><strong>Fallax</strong></span> <span class='ocrx_word' id='word_1_500' title='bbox 2788 2620 2946 2674; x_wconf 87' lang='lat' dir='ltr'><strong>equus</strong></span> <span class='ocrx_word' id='word_1_501' title='bbox 2975 2606 3041 2657; x_wconf 91' lang='lat' dir='ltr'><strong>ad</strong></span> <span class='ocrx_word' id='word_1_502' title='bbox 3067 2604 3284 2658; x_wconf 78' lang='lat' dir='ltr'><strong>salutem</strong></span> <span class='ocrx_word' id='word_1_503' title='bbox 3310 2622 3328 2659; x_wconf 90' lang='lat'><strong><em>:</em></strong></span> <span class='ocrx_word' id='word_1_504' title='bbox 3356 2607 3410 2660; x_wconf 86' lang='lat' dir='ltr'><strong>in</strong></span> 
     </span>
    </p>
   </div>
   <div class='ocr_carea' id='block_1_67' title="bbox 1845 2694 3408 2755">
    <p class='ocr_par' dir='ltr' id='par_1_67' title="bbox 1845 2694 3408 2755">
     <span class='ocr_line' id='line_1_67' title="bbox 1845 2694 3408 2755; baseline 0.006 -9"><span class='ocrx_word' id='word_1_505' title='bbox 1845 2694 2184 2748; x_wconf 85' lang='lat' dir='ltr'><strong>multitudine</strong></span> <span class='ocrx_word' id='word_1_506' title='bbox 2224 2707 2395 2748; x_wconf 86' lang='lat' dir='ltr'><strong>autem</strong></span> <span class='ocrx_word' id='word_1_507' title='bbox 2443 2698 2647 2749; x_wconf 72' lang='lat' dir='ltr'><strong>uirtutis</strong></span> <span class='ocrx_word' id='word_1_508' title='bbox 2685 2714 2794 2751; x_wconf 70' lang='lat' dir='ltr'><strong>sua:</strong></span> <span class='ocrx_word' id='word_1_509' title='bbox 2829 2713 2930 2751; x_wconf 86' lang='lat' dir='ltr'><strong>non</strong></span> <span class='ocrx_word' id='word_1_510' title='bbox 2961 2700 3267 2755; x_wconf 82' lang='lat' dir='ltr'><strong>salvabitur.</strong></span> <span class='ocrx_word' id='word_1_511' title='bbox 3300 2702 3408 2755; x_wconf 81' lang='lat' dir='ltr'><strong>Ex-</strong></span> 
     </span>
    </p>
   </div>
   <div class='ocr_carea' id='block_1_68' title="bbox 1847 2787 3408 2862">
    <p class='ocr_par' dir='ltr' id='par_1_68' title="bbox 1847 2787 3408 2862">
     <span class='ocr_line' id='line_1_68' title="bbox 1847 2787 3408 2862; baseline 0.006 -21"><span class='ocrx_word' id='word_1_512' title='bbox 1847 2787 2029 2841; x_wconf 89' lang='lat' dir='ltr'><strong>clusus</strong></span> <span class='ocrx_word' id='word_1_513' title='bbox 2067 2797 2145 2840; x_wconf 85' lang='lat' dir='ltr'><strong>est</strong></span> <span class='ocrx_word' id='word_1_514' title='bbox 2172 2789 2239 2841; x_wconf 88' lang='lat' dir='ltr'><strong>ab</strong></span> <span class='ocrx_word' id='word_1_515' title='bbox 2271 2805 2365 2842; x_wconf 88' lang='lat' dir='ltr'><strong>usu</strong></span> <span class='ocrx_word' id='word_1_516' title='bbox 2407 2799 2716 2842; x_wconf 86' lang='lat' dir='ltr'><strong>sanctorum</strong></span> <span class='ocrx_word' id='word_1_517' title='bbox 2749 2805 2936 2858; x_wconf 89' lang='lat' dir='ltr'><strong>equus.</strong></span> <span class='ocrx_word' id='word_1_518' title='bbox 2983 2794 3086 2847; x_wconf 82' lang='lat' dir='ltr'><strong>Sed</strong></span> <span class='ocrx_word' id='word_1_519' title='bbox 3133 2811 3308 2862; x_wconf 89' lang='lat' dir='ltr'><strong>neque</strong></span> <span class='ocrx_word' id='word_1_520' title='bbox 3331 2801 3408 2851; x_wconf 91' lang='lat' dir='ltr'><strong>Is-</strong></span> 
     </span>
    </p>
   </div>
   <div class='ocr_carea' id='block_1_69' title="bbox 1847 2879 3410 2942">
    <p class='ocr_par' dir='ltr' id='par_1_69' title="bbox 1847 2879 3410 2942">
     <span class='ocr_line' id='line_1_69' title="bbox 1847 2879 3410 2942; baseline 0.006 -9"><span class='ocrx_word' id='word_1_521' title='bbox 1847 2879 1958 2933; x_wconf 85' lang='lat' dir='ltr'><strong>rael</strong></span> <span class='ocrx_word' id='word_1_522' title='bbox 1989 2881 2111 2932; x_wconf 90' lang='lat' dir='ltr'><strong>dum</strong></span> <span class='ocrx_word' id='word_1_523' title='bbox 2139 2879 2188 2932; x_wconf 91' lang='lat' dir='ltr'><strong>ei</strong></span> <span class='ocrx_word' id='word_1_524' title='bbox 2223 2895 2308 2933; x_wconf 88' lang='lat' dir='ltr'><strong>res</strong></span> <span class='ocrx_word' id='word_1_525' title='bbox 2347 2881 2398 2933; x_wconf 93' lang='lat' dir='ltr'><strong>in</strong></span> <span class='ocrx_word' id='word_1_526' title='bbox 2439 2881 2592 2935; x_wconf 91' lang='lat' dir='ltr'><strong>bellis</strong></span> <span class='ocrx_word' id='word_1_527' title='bbox 2614 2897 2676 2934; x_wconf 82' lang='lat' dir='ltr'><strong>ex</strong></span> <span class='ocrx_word' id='word_1_528' title='bbox 2722 2883 2884 2936; x_wconf 86' lang='lat' dir='ltr'><strong>animi</strong></span> <span class='ocrx_word' id='word_1_529' title='bbox 2921 2888 3183 2939; x_wconf 88' lang='lat' dir='ltr'><strong>sententia</strong></span> <span class='ocrx_word' id='word_1_530' title='bbox 3222 2901 3410 2942; x_wconf 83' lang='lat' dir='ltr'><strong>Succe-</strong></span> 
     </span>
    </p>
   </div>
   <div class='ocr_carea' id='block_1_70' title="bbox 1848 2975 3409 3043">
    <p class='ocr_par' dir='ltr' id='par_1_70' title="bbox 1848 2975 3409 3043">
     <span class='ocr_line' id='line_1_70' title="bbox 1848 2975 3409 3043; baseline 0.006 -17"><span class='ocrx_word' id='word_1_531' title='bbox 1848 2975 2058 3036; x_wconf 88' lang='lat' dir='ltr'><strong>derent,</strong></span> <span class='ocrx_word' id='word_1_532' title='bbox 2094 2987 2327 3041; x_wconf 88' lang='lat' dir='ltr'><strong>unquam</strong></span> <span class='ocrx_word' id='word_1_533' title='bbox 2369 2975 2604 3042; x_wconf 90' lang='lat' dir='ltr'><strong>equestri</strong></span> <span class='ocrx_word' id='word_1_534' title='bbox 2641 2977 2874 3043; x_wconf 86' lang='lat' dir='ltr'><strong>potentia</strong></span> <span class='ocrx_word' id='word_1_535' title='bbox 2908 2992 3038 3032; x_wconf 90' lang='lat' dir='ltr'><strong>usus</strong></span> <span class='ocrx_word' id='word_1_536' title='bbox 3071 2978 3236 3035; x_wconf 81' lang='lat' dir='ltr'><strong>fuisse</strong></span> <span class='ocrx_word' id='word_1_537' title='bbox 3259 2997 3409 3034; x_wconf 85' lang='lat' dir='ltr'><strong>cont-</strong></span> 
     </span>
    </p>
   </div>
   <div class='ocr_carea' id='block_1_71' title="bbox 1849 3069 3404 3141">
    <p class='ocr_par' dir='ltr' id='par_1_71' title="bbox 1849 3069 3404 3141">
     <span class='ocr_line' id='line_1_71' title="bbox 1849 3069 3404 3141; baseline 0.008 -24"><span class='ocrx_word' id='word_1_538' title='bbox 1849 3069 2073 3136; x_wconf 84' lang='lat' dir='ltr'><strong>peritur,</strong></span> <span class='ocrx_word' id='word_1_539' title='bbox 2114 3082 2287 3135; x_wconf 88' lang='lat' dir='ltr'><strong>neque</strong></span> <span class='ocrx_word' id='word_1_540' title='bbox 2319 3069 2604 3138; x_wconf 85' lang='lat' dir='ltr'><strong>quisquam</strong></span> <span class='ocrx_word' id='word_1_541' title='bbox 2641 3082 2947 3126; x_wconf 91' lang='lat' dir='ltr'><strong>sanctorum</strong></span> <span class='ocrx_word' id='word_1_542' title='bbox 2975 3074 3227 3141; x_wconf 88' lang='lat' dir='ltr'><strong>privatim</strong></span> <span class='ocrx_word' id='word_1_543' title='bbox 3252 3090 3404 3129; x_wconf 83' lang='lat' dir='ltr'><strong>llStttn</strong></span> 
     </span>
    </p>
   </div>
   <div class='ocr_carea' id='block_1_72' title="bbox 1848 3161 3408 3229">
    <p class='ocr_par' dir='ltr' id='par_1_72' title="bbox 1848 3161 3408 3229">
     <span class='ocr_line' id='line_1_72' title="bbox 1848 3161 3408 3229; baseline 0.004 -15"><span class='ocrx_word' id='word_1_544' title='bbox 1848 3176 2105 3229; x_wconf 89' lang='lat' dir='ltr'><strong>equorunt</strong></span> <span class='ocrx_word' id='word_1_545' title='bbox 2135 3161 2281 3216; x_wconf 90' lang='lat' dir='ltr'><strong>velut</strong></span> <span class='ocrx_word' id='word_1_546' title='bbox 2302 3164 2706 3217; x_wconf 87' lang='lat' dir='ltr'><strong>convenientem</strong></span> <span class='ocrx_word' id='word_1_547' title='bbox 2735 3163 2972 3218; x_wconf 84' lang='lat' dir='ltr'><strong>admisit.</strong></span> <span class='ocrx_word' id='word_1_548' title='bbox 3003 3165 3069 3219; x_wconf 84' lang='lat' dir='ltr'><strong>At</strong></span> <span class='ocrx_word' id='word_1_549' title='bbox 3096 3180 3224 3220; x_wconf 89' lang='lat' dir='ltr'><strong>vero</strong></span> <span class='ocrx_word' id='word_1_550' title='bbox 3266 3165 3408 3220; x_wconf 87' lang='lat' dir='ltr'><strong>Pita-</strong></span> 
     </span>
    </p>
   </div>
   <div class='ocr_carea' id='block_1_73' title="bbox 1847 3254 3408 3325">
    <p class='ocr_par' dir='ltr' id='par_1_73' title="bbox 1847 3254 3408 3325">
     <span class='ocr_line' id='line_1_73' title="bbox 1847 3254 3408 3325; baseline 0.004 -20"><span class='ocrx_word' id='word_1_551' title='bbox 1847 3269 1940 3306; x_wconf 86' lang='lat' dir='ltr'><strong>rao</strong></span> <span class='ocrx_word' id='word_1_552' title='bbox 1963 3254 2204 3320; x_wconf 86' lang='lat' dir='ltr'><strong>equitatu</strong></span> <span class='ocrx_word' id='word_1_553' title='bbox 2231 3256 2404 3308; x_wconf 88' lang='lat' dir='ltr'><strong>utitur</strong></span> <span class='ocrx_word' id='word_1_554' title='bbox 2434 3254 2501 3318; x_wconf 80' lang='lat'><strong>&quot;,</strong></span> <span class='ocrx_word' id='word_1_555' title='bbox 2534 3265 2586 3308; x_wconf 88' lang='lat' dir='ltr'><strong>et</strong></span> <span class='ocrx_word' id='word_1_556' title='bbox 2619 3258 2882 3325; x_wconf 88' lang='lat' dir='ltr'><strong>superbus</strong></span> <span class='ocrx_word' id='word_1_557' title='bbox 2920 3257 3007 3310; x_wconf 89' lang='lat' dir='ltr'><strong>ille</strong></span> <span class='ocrx_word' id='word_1_558' title='bbox 3039 3257 3408 3312; x_wconf 88' lang='lat' dir='ltr'><strong>Sennaclterib</strong></span> 
     </span>
    </p>
   </div>
   <div class='ocr_carea' id='block_1_74' title="bbox 1847 3345 3406 3416">
    <p class='ocr_par' dir='ltr' id='par_1_74' title="bbox 1847 3345 3406 3416">
     <span class='ocr_line' id='line_1_74' title="bbox 1847 3345 3406 3416; baseline 0.004 -20"><span class='ocrx_word' id='word_1_559' title='bbox 1847 3345 1912 3398; x_wconf 87' lang='lat' dir='ltr'><strong>de</strong></span> <span class='ocrx_word' id='word_1_560' title='bbox 1945 3359 2208 3414; x_wconf 88' lang='lat' dir='ltr'><strong>equorum</strong></span> <span class='ocrx_word' id='word_1_561' title='bbox 2263 3347 2602 3402; x_wconf 87' lang='lat' dir='ltr'><strong>multitudine</strong></span> <span class='ocrx_word' id='word_1_562' title='bbox 2639 3349 2898 3416; x_wconf 82' lang='lat' dir='ltr'><strong>gloriatur</strong></span> <span class='ocrx_word' id='word_1_563' title='bbox 2936 3349 3001 3402; x_wconf 82' lang='lat'><strong>&quot;.</strong></span> <span class='ocrx_word' id='word_1_564' title='bbox 3046 3349 3406 3416; x_wconf 84' lang='lat' dir='ltr'><strong>Quamobrem</strong></span> 
     </span>
    </p>
   </div>
   <div class='ocr_carea' id='block_1_75' title="bbox 1847 3435 3404 3508">
    <p class='ocr_par' dir='ltr' id='par_1_75' title="bbox 1847 3435 3404 3508">
     <span class='ocr_line' id='line_1_75' title="bbox 1847 3435 3404 3508; baseline 0.006 -19"><span class='ocrx_word' id='word_1_565' title='bbox 1847 3435 2143 3490; x_wconf 85' lang='lat' dir='ltr'><strong>Pharaonis</strong></span> <span class='ocrx_word' id='word_1_566' title='bbox 2171 3452 2364 3505; x_wconf 90' lang='lat' dir='ltr'><strong>equum</strong></span> <span class='ocrx_word' id='word_1_567' title='bbox 2388 3447 2438 3490; x_wconf 92' lang='lat' dir='ltr'><strong>et</strong></span> <span class='ocrx_word' id='word_1_568' title='bbox 2465 3453 2803 3492; x_wconf 85' lang='lat' dir='ltr'><strong>ascensorem</strong></span> <span class='ocrx_word' id='word_1_569' title='bbox 2830 3442 3050 3508; x_wconf 85' lang='lat' dir='ltr'><strong>projecit</strong></span> <span class='ocrx_word' id='word_1_570' title='bbox 3081 3444 3128 3494; x_wconf 90' lang='lat' dir='ltr'><strong>in</strong></span> <span class='ocrx_word' id='word_1_571' title='bbox 3162 3458 3310 3496; x_wconf 89' lang='lat' dir='ltr'><strong>mare</strong></span> <span class='ocrx_word' id='word_1_572' title='bbox 3325 3444 3404 3498; x_wconf 76' lang='lat' dir='ltr'><strong>&quot;z</strong></span> 
     </span>
    </p>
   </div>
   <div class='ocr_carea' id='block_1_76' title="bbox 1847 3529 3404 3602">
    <p class='ocr_par' dir='ltr' id='par_1_76' title="bbox 1847 3529 3404 3602">
     <span class='ocr_line' id='line_1_76' title="bbox 1847 3529 3404 3602; baseline 0.006 -20"><span class='ocrx_word' id='word_1_573' title='bbox 1847 3545 2035 3585; x_wconf 92' lang='lat' dir='ltr'><strong>omnes</strong></span> <span class='ocrx_word' id='word_1_574' title='bbox 2065 3545 2193 3584; x_wconf 78' lang='lat' dir='ltr'><strong>vero</strong></span> <span class='ocrx_word' id='word_1_575' title='bbox 2233 3529 2604 3585; x_wconf 89' lang='lat' dir='ltr'><strong>Sennacherib</strong></span> <span class='ocrx_word' id='word_1_576' title='bbox 2623 3533 2827 3602; x_wconf 86' lang='lat' dir='ltr'><strong>equites</strong></span> <span class='ocrx_word' id='word_1_577' title='bbox 2869 3533 3297 3589; x_wconf 82' lang='lat' dir='ltr'><strong>dortnitaverunt</strong></span> <span class='ocrx_word' id='word_1_578' title='bbox 3338 3537 3404 3591; x_wconf 71' lang='grc' dir='ltr'><strong>θ’.</strong></span> 
     </span>
    </p>
   </div>
   <div class='ocr_carea' id='block_1_77' title="bbox 1852 3619 3406 3696">
    <p class='ocr_par' dir='ltr' id='par_1_77' title="bbox 1852 3619 3406 3696">
     <span class='ocr_line' id='line_1_77' title="bbox 1852 3619 3406 3696; baseline 0.005 -23"><span class='ocrx_word' id='word_1_579' title='bbox 1852 3619 2002 3674; x_wconf 89' lang='lat' dir='ltr'><strong>Unde</strong></span> <span class='ocrx_word' id='word_1_580' title='bbox 2052 3623 2235 3675; x_wconf 87' lang='lat' dir='ltr'><strong>etiam-</strong></span> <span class='ocrx_word' id='word_1_581' title='bbox 2259 3622 2364 3675; x_wconf 79' lang='lat' dir='ltr'><strong>luta</strong></span> <span class='ocrx_word' id='word_1_582' title='bbox 2399 3639 2494 3690; x_wconf 89' lang='lat' dir='ltr'><strong>per</strong></span> <span class='ocrx_word' id='word_1_583' title='bbox 2527 3623 2741 3693; x_wconf 84' lang='lat' dir='ltr'><strong>Moysen</strong></span> <span class='ocrx_word' id='word_1_584' title='bbox 2787 3627 2851 3679; x_wconf 87' lang='lat' dir='ltr'><strong>de</strong></span> <span class='ocrx_word' id='word_1_585' title='bbox 2897 3641 3075 3696; x_wconf 89' lang='lat' dir='ltr'><strong>regum</strong></span> <span class='ocrx_word' id='word_1_586' title='bbox 3108 3626 3293 3681; x_wconf 86' lang='lat' dir='ltr'><strong>oiliciis</strong></span> <span class='ocrx_word' id='word_1_587' title='bbox 3325 3628 3406 3682; x_wconf 81' lang='lat' dir='ltr'><strong>lex</strong></span> 
     </span>
    </p>
   </div>
   <div class='ocr_carea' id='block_1_78' title="bbox 1849 3711 3409 3785">
    <p class='ocr_par' dir='ltr' id='par_1_78' title="bbox 1849 3711 3409 3785">
     <span class='ocr_line' id='line_1_78' title="bbox 1849 3711 3409 3785; baseline 0.004 -18"><span class='ocrx_word' id='word_1_588' title='bbox 1849 3716 1920 3768; x_wconf 89' lang='lat' dir='ltr'><strong>ita</strong></span> <span class='ocrx_word' id='word_1_589' title='bbox 1947 3717 2160 3767; x_wconf 87' lang='lat' dir='ltr'><strong>sancit:</strong></span> <span class='ocrx_word' id='word_1_590' title='bbox 2216 3711 2339 3766; x_wconf 88' lang='lat' dir='ltr'><strong>Non</strong></span> <span class='ocrx_word' id='word_1_591' title='bbox 2386 3713 2753 3780; x_wconf 85' lang='lat' dir='ltr'><strong>multiplicabit</strong></span> <span class='ocrx_word' id='word_1_592' title='bbox 2793 3716 2889 3768; x_wconf 84' lang='lat' dir='ltr'><strong>sibi</strong></span> <span class='ocrx_word' id='word_1_593' title='bbox 2933 3718 3217 3785; x_wconf 85' lang='lat' dir='ltr'><strong>equitatum</strong></span> <span class='ocrx_word' id='word_1_594' title='bbox 3254 3719 3290 3772; x_wconf 88' lang='grc'><strong>¹,</strong></span> <span class='ocrx_word' id='word_1_595' title='bbox 3344 3719 3409 3774; x_wconf 86' lang='grc' dir='ltr'><strong>1η</strong></span> 
     </span>
    </p>
   </div>
   <div class='ocr_carea' id='block_1_79' title="bbox 1846 3805 3406 3865">
    <p class='ocr_par' dir='ltr' id='par_1_79' title="bbox 1846 3805 3406 3865">
     <span class='ocr_line' id='line_1_79' title="bbox 1846 3805 3406 3865; baseline 0.004 -7"><span class='ocrx_word' id='word_1_596' title='bbox 1846 3805 2180 3858; x_wconf 84' lang='lat' dir='ltr'><strong>multitudine</strong></span> <span class='ocrx_word' id='word_1_597' title='bbox 2201 3815 2370 3856; x_wconf 90' lang='lat' dir='ltr'><strong>autem</strong></span> <span class='ocrx_word' id='word_1_598' title='bbox 2404 3805 2608 3857; x_wconf 85' lang='lat' dir='ltr'><strong>virtutis</strong></span> <span class='ocrx_word' id='word_1_599' title='bbox 2634 3823 2742 3859; x_wconf 72' lang='lat' dir='ltr'><strong>suae</strong></span> <span class='ocrx_word' id='word_1_600' title='bbox 2784 3824 2885 3860; x_wconf 88' lang='lat' dir='ltr'><strong>non</strong></span> <span class='ocrx_word' id='word_1_601' title='bbox 2921 3808 3226 3863; x_wconf 83' lang='lat' dir='ltr'><strong>salvabitnr.</strong></span> <span class='ocrx_word' id='word_1_602' title='bbox 3275 3810 3406 3865; x_wconf 80' lang='lat' dir='ltr'><strong>Cum</strong></span> 
     </span>
    </p>
   </div>
   <div class='ocr_carea' id='block_1_80' title="bbox 1847 3896 3406 3967">
    <p class='ocr_par' dir='ltr' id='par_1_80' title="bbox 1847 3896 3406 3967">
     <span class='ocr_line' id='line_1_80' title="bbox 1847 3896 3406 3967; baseline 0.004 -16"><span class='ocrx_word' id='word_1_603' title='bbox 1847 3899 2003 3962; x_wconf 84' lang='lat' dir='ltr'><strong>enim,</strong></span> <span class='ocrx_word' id='word_1_604' title='bbox 2038 3897 2229 3964; x_wconf 89' lang='lat' dir='ltr'><strong>ittqttit,</strong></span> <span class='ocrx_word' id='word_1_605' title='bbox 2258 3896 2516 3963; x_wconf 80' lang='lat' dir='ltr'><strong>inﬁrmor,</strong></span> <span class='ocrx_word' id='word_1_606' title='bbox 2555 3908 2675 3951; x_wconf 86' lang='lat' dir='ltr'><strong>tunc</strong></span> <span class='ocrx_word' id='word_1_607' title='bbox 2697 3909 2874 3967; x_wconf 86' lang='lat' dir='ltr'><strong>potens</strong></span> <span class='ocrx_word' id='word_1_608' title='bbox 2894 3916 3008 3952; x_wconf 84' lang='lat' dir='ltr'><strong>sunt</strong></span> <span class='ocrx_word' id='word_1_609' title='bbox 3035 3902 3077 3956; x_wconf 86' lang='grc'><strong>¹.</strong></span> <span class='ocrx_word' id='word_1_610' title='bbox 3114 3900 3247 3955; x_wconf 86' lang='lat' dir='ltr'><strong>Nam</strong></span> <span class='ocrx_word' id='word_1_611' title='bbox 3282 3920 3406 3960; x_wconf 89' lang='lat' dir='ltr'><strong>cor-</strong></span> 
     </span>
    </p>
   </div>
   <div class='ocr_carea' id='block_1_81' title="bbox 1849 3987 3404 4059">
    <p class='ocr_par' dir='ltr' id='par_1_81' title="bbox 1849 3987 3404 4059">
     <span class='ocr_line' id='line_1_81' title="bbox 1849 3987 3404 4059; baseline 0.005 -17"><span class='ocrx_word' id='word_1_612' title='bbox 1849 4003 2128 4059; x_wconf 89' lang='lat' dir='ltr'><strong>porearutn</strong></span> <span class='ocrx_word' id='word_1_613' title='bbox 2180 3987 2371 4040; x_wconf 90' lang='lat' dir='ltr'><strong>virium</strong></span> <span class='ocrx_word' id='word_1_614' title='bbox 2410 3989 2690 4044; x_wconf 90' lang='lat' dir='ltr'><strong>multitudo</strong></span> <span class='ocrx_word' id='word_1_615' title='bbox 2739 3990 2895 4043; x_wconf 81' lang='lat' dir='ltr'><strong>saluti</strong></span> <span class='ocrx_word' id='word_1_616' title='bbox 2935 3990 3154 4058; x_wconf 83' lang='lat' dir='ltr'><strong>spiritus</strong></span> <span class='ocrx_word' id='word_1_617' title='bbox 3207 3994 3404 4048; x_wconf 67' lang='lat' dir='ltr'><strong>obstat.</strong></span> 
     </span>
    </p>
   </div>
   <div class='ocr_carea' id='block_1_82' title="bbox 179 4072 3408 4154">
    <p class='ocr_par' dir='ltr' id='par_1_82' title="bbox 179 4072 3408 4154">
     <span class='ocr_line' id='line_1_82' title="bbox 179 4072 3408 4154; baseline 0.004 -30"><span class='ocrx_word' id='word_1_618' title='bbox 179 4072 284 4141; x_wconf 71' lang='grc' dir='ltr'>γὰρ</span> <span class='ocrx_word' id='word_1_619' title='bbox 313 4073 564 4136; x_wconf 78' lang='grc' dir='ltr'>ἀσθενῶ,</span> <span class='ocrx_word' id='word_1_620' title='bbox 594 4076 746 4144; x_wconf 75' lang='grc' dir='ltr'>φησὶ,</span> <span class='ocrx_word' id='word_1_621' title='bbox 782 4077 911 4128; x_wconf 87' lang='grc' dir='ltr'>τότε</span> <span class='ocrx_word' id='word_1_622' title='bbox 950 4077 1202 4142; x_wconf 73' lang='grc' dir='ltr'>δυνατός</span> <span class='ocrx_word' id='word_1_623' title='bbox 1234 4079 1366 4146; x_wconf 81' lang='grc' dir='ltr'>ειμι.</span> <span class='ocrx_word' id='word_1_624' title='bbox 1414 4078 1485 4130; x_wconf 84' lang='grc' dir='ltr'><strong>Τὸ</strong></span> <span class='ocrx_word' id='word_1_625' title='bbox 1515 4079 1570 4131; x_wconf 80' lang='grc' dir='ltr'>δὲ</span> <span class='ocrx_word' id='word_1_626' title='bbox 1603 4080 1800 4152; x_wconf 77' lang='grc' dir='ltr'>πλῆθος</span> <span class='ocrx_word' id='word_1_627' title='bbox 1827 4085 1922 4153; x_wconf 81' lang='grc' dir='ltr'>τῆς</span> <span class='ocrx_word' id='word_1_628' title='bbox 1957 4077 2272 4149; x_wconf 84' lang='grc' dir='ltr'>σωματικῆς</span> <span class='ocrx_word' id='word_1_629' title='bbox 2330 4078 2608 4150; x_wconf 86' lang='grc' dir='ltr'>δυνάμεως</span> <span class='ocrx_word' id='word_1_630' title='bbox 2639 4079 2889 4151; x_wconf 75' lang='grc' dir='ltr'>ἐμπόδιόν</span> <span class='ocrx_word' id='word_1_631' title='bbox 2946 4081 3061 4132; x_wconf 84' lang='grc' dir='ltr'>ἐστι</span> <span class='ocrx_word' id='word_1_632' title='bbox 3118 4081 3254 4152; x_wconf 83' lang='grc' dir='ltr'>πρὸς</span> <span class='ocrx_word' id='word_1_633' title='bbox 3311 4085 3408 4154; x_wconf 82' lang='grc' dir='ltr'><strong>τὴν</strong></span> 
     </span>
    </p>
   </div>
   <div class='ocr_carea' id='block_1_83' title="bbox 182 4154 935 4240">
    <p class='ocr_par' dir='ltr' id='par_1_83' title="bbox 182 4154 935 4240">
     <span class='ocr_line' id='line_1_83' title="bbox 182 4154 935 4240; baseline 0.009 -21"><span class='ocrx_word' id='word_1_634' title='bbox 182 4154 450 4240; x_wconf 75' lang='grc' dir='ltr'>σωτηρίαν</span> <span class='ocrx_word' id='word_1_635' title='bbox 483 4168 572 4221; x_wconf 76' lang='grc' dir='ltr'>τοῦ</span> <span class='ocrx_word' id='word_1_636' title='bbox 611 4171 740 4222; x_wconf 84' lang='grc' dir='ltr'>πνεύ</span> <span class='ocrx_word' id='word_1_637' title='bbox 752 4189 935 4238; x_wconf 87' lang='grc' dir='ltr'>ματος.</span> 
     </span>
    </p>
   </div>
   <div class='ocr_carea' id='block_1_84' title="bbox 249 4259 1747 4334">
    <p class='ocr_par' dir='ltr' id='par_1_84' title="bbox 249 4259 1747 4334">
     <span class='ocr_line' id='line_1_84' title="bbox 249 4259 1747 4334; baseline 0.007 -24"><span class='ocrx_word' id='word_1_638' title='bbox 249 4259 334 4314; x_wconf 73' lang='grc'>119.</span> <span class='ocrx_word' id='word_1_639' title='bbox 383 4260 537 4312; x_wconf 79' lang='grc' dir='ltr'>Ἰδοὺ</span> <span class='ocrx_word' id='word_1_640' title='bbox 565 4263 616 4314; x_wconf 82' lang='grc' dir='ltr'>οἱ</span> <span class='ocrx_word' id='word_1_641' title='bbox 654 4261 946 4329; x_wconf 61' lang='grc' dir='ltr'>ὀφθαλμοὶ</span> <span class='ocrx_word' id='word_1_642' title='bbox 979 4262 1195 4329; x_wconf 78' lang='grc' dir='ltr'>Κυρίου</span> <span class='ocrx_word' id='word_1_643' title='bbox 1225 4263 1319 4316; x_wconf 80' lang='grc' dir='ltr'><strong>ἐπὶ</strong></span> <span class='ocrx_word' id='word_1_644' title='bbox 1361 4265 1501 4330; x_wconf 80' lang='grc' dir='ltr'>τοὺς</span> <span class='ocrx_word' id='word_1_645' title='bbox 1532 4269 1747 4334; x_wconf 61' lang='grc' dir='ltr'>φοϐου-</span> 
     </span>
    </p>
   </div>
   <div class='ocr_carea' id='block_1_85' title="bbox 181 4350 1743 4427">
    <p class='ocr_par' dir='ltr' id='par_1_85' title="bbox 181 4350 1743 4427">
     <span class='ocr_line' id='line_1_85' title="bbox 181 4350 1743 4427; baseline 0.008 -27"><span class='ocrx_word' id='word_1_646' title='bbox 181 4350 396 4417; x_wconf 79' lang='grc' dir='ltr'>μένους</span> <span class='ocrx_word' id='word_1_647' title='bbox 432 4354 632 4405; x_wconf 78' lang='grc' dir='ltr'>αὑτόν.</span> <span class='ocrx_word' id='word_1_648' title='bbox 678 4352 934 4421; x_wconf 82' lang='grc' dir='ltr'>Ἀλλαχοῦ</span> <span class='ocrx_word' id='word_1_649' title='bbox 979 4355 1076 4421; x_wconf 80' lang='grc' dir='ltr'><strong>μὲν</strong></span> <span class='ocrx_word' id='word_1_650' title='bbox 1120 4354 1370 4427; x_wconf 76' lang='grc' dir='ltr'>εἴρηται·</span> <span class='ocrx_word' id='word_1_651' title='bbox 1427 4358 1743 4426; x_wconf 54' lang='grc' dir='ltr'>Ὀφθαλμοὶ</span> 
     </span>
    </p>
   </div>
   <div class='ocr_carea' id='block_1_86' title="bbox 185 4444 1712 4519">
    <p class='ocr_par' dir='ltr' id='par_1_86' title="bbox 185 4444 1712 4519">
     <span class='ocr_line' id='line_1_86' title="bbox 185 4444 1712 4519; baseline 0.006 -24"><span class='ocrx_word' id='word_1_652' title='bbox 185 4444 397 4511; x_wconf 81' lang='grc' dir='ltr'>Κυρίου</span> <span class='ocrx_word' id='word_1_653' title='bbox 419 4444 513 4498; x_wconf 79' lang='grc' dir='ltr'><strong>ἐπὶ</strong></span> <span class='ocrx_word' id='word_1_654' title='bbox 543 4444 826 4511; x_wconf 79' lang='grc' dir='ltr'>δικαίους·</span> <span class='ocrx_word' id='word_1_655' title='bbox 853 4445 1082 4498; x_wconf 77' lang='grc' dir='ltr'>ἐνταῦθα</span> <span class='ocrx_word' id='word_1_656' title='bbox 1104 4447 1180 4510; x_wconf 78' lang='grc' dir='ltr'><strong>δὲ,</strong></span> <span class='ocrx_word' id='word_1_657' title='bbox 1212 4449 1340 4501; x_wconf 81' lang='grc' dir='ltr'><strong>Ἐπὶ</strong></span> <span class='ocrx_word' id='word_1_658' title='bbox 1363 4449 1502 4515; x_wconf 85' lang='grc' dir='ltr'>τοὺς</span> <span class='ocrx_word' id='word_1_659' title='bbox 1525 4453 1712 4519; x_wconf 66' lang='grc' dir='ltr'>φοϐον</span> 
     </span>
    </p>
   </div>
   <div class='ocr_carea' id='block_1_87' title="bbox 244 4603 1261 4670">
    <p class='ocr_par' dir='ltr' id='par_1_87' title="bbox 244 4603 1261 4670">
     <span class='ocr_line' id='line_1_87' title="bbox 244 4603 1261 4670; baseline 0.005 -17"><span class='ocrx_word' id='word_1_660' title='bbox 244 4603 286 4634; x_wconf 75' lang='grc' dir='ltr'><strong>ἰ</strong></span> <span class='ocrx_word' id='word_1_661' title='bbox 325 4603 517 4670; x_wconf 81' lang='lat' dir='ltr'><strong>Ephes.</strong></span> <span class='ocrx_word' id='word_1_662' title='bbox 561 4621 617 4665; x_wconf 90' lang='lat' dir='ltr'><strong>tt,</strong></span> <span class='ocrx_word' id='word_1_663' title='bbox 674 4604 723 4657; x_wconf 84' lang='lat'><strong>5.</strong></span> <span class='ocrx_word' id='word_1_664' title='bbox 813 4607 856 4635; x_wconf 74' lang='grc' dir='ltr'>θ’</span> <span class='ocrx_word' id='word_1_665' title='bbox 888 4604 903 4655; x_wconf 96' lang='grc' dir='ltr'><strong>Ι</strong></span> <span class='ocrx_word' id='word_1_666' title='bbox 933 4604 1056 4658; x_wconf 86' lang='lat' dir='ltr'><strong>Cor.</strong></span> <span class='ocrx_word' id='word_1_667' title='bbox 1097 4620 1174 4665; x_wconf 80' lang='lat' dir='ltr'><strong>III,</strong></span> <span class='ocrx_word' id='word_1_668' title='bbox 1213 4606 1261 4658; x_wconf 90' lang='lat'><strong>7.</strong></span> 
     </span>
    </p>
   </div>
   <div class='ocr_carea' id='block_1_88' title="bbox 182 4670 1047 4742">
    <p class='ocr_par' dir='ltr' id='par_1_88' title="bbox 182 4670 1047 4742">
     <span class='ocr_line' id='line_1_88' title="bbox 182 4670 1047 4742; baseline 0.006 -17"><span class='ocrx_word' id='word_1_669' title='bbox 182 4670 234 4742; x_wconf 74' lang='grc' dir='ltr'><strong>θ,</strong></span> <span class='ocrx_word' id='word_1_670' title='bbox 279 4673 374 4726; x_wconf 71' lang='grc'><strong>25.</strong></span> <span class='ocrx_word' id='word_1_671' title='bbox 461 4674 502 4703; x_wconf 78' lang='grc'><strong>³⁷</strong></span> <span class='ocrx_word' id='word_1_672' title='bbox 532 4674 596 4727; x_wconf 84' lang='lat' dir='ltr'><strong>IV</strong></span> <span class='ocrx_word' id='word_1_673' title='bbox 634 4671 762 4742; x_wconf 73' lang='lat' dir='ltr'><strong>Reg.</strong></span> <span class='ocrx_word' id='word_1_674' title='bbox 804 4692 915 4741; x_wconf 79' lang='lat' dir='ltr'><strong>XIX,</strong></span> <span class='ocrx_word' id='word_1_675' title='bbox 958 4677 1047 4730; x_wconf 73' lang='grc'><strong>25.</strong></span> 
     </span>
    </p>
   </div>
   <div class='ocr_carea' id='block_1_89' title="bbox 183 4741 736 4806">
    <p class='ocr_par' dir='ltr' id='par_1_89' title="bbox 183 4741 736 4806">
     <span class='ocr_line' id='line_1_89' title="bbox 183 4741 736 4806; baseline 0 -9"><span class='ocrx_word' id='word_1_676' title='bbox 183 4741 202 4771; x_wconf 91' lang='grc'><strong><em>³</em></strong></span> <span class='ocrx_word' id='word_1_677' title='bbox 239 4744 381 4797; x_wconf 83' lang='lat' dir='ltr'><strong>Psal.</strong></span> <span class='ocrx_word' id='word_1_678' title='bbox 419 4759 611 4806; x_wconf 59' lang='grc' dir='ltr'>χχχιιι,</span> <span class='ocrx_word' id='word_1_679' title='bbox 650 4741 736 4799; x_wconf 54' lang='grc'><strong>164</strong></span> 
     </span>
    </p>
   </div>
   <div class='ocr_carea' id='block_1_90' title="bbox 252 4835 1805 4907">
    <p class='ocr_par' dir='ltr' id='par_1_90' title="bbox 252 4835 1805 4907">
     <span class='ocr_line' id='line_1_90' title="bbox 252 4835 1805 4907; baseline 0.003 -17"><span class='ocrx_word' id='word_1_680' title='bbox 252 4837 366 4906; x_wconf 76' lang='lat'><strong>(38)</strong></span> <span class='ocrx_word' id='word_1_681' title='bbox 412 4835 507 4890; x_wconf 88' lang='lat' dir='ltr'><strong>Ubi</strong></span> <span class='ocrx_word' id='word_1_682' title='bbox 555 4837 749 4907; x_wconf 77' lang='lat' dir='ltr'><strong>legitur</strong></span> <span class='ocrx_word' id='word_1_683' title='bbox 783 4839 832 4890; x_wconf 92' lang='lat' dir='ltr'><strong>in</strong></span> <span class='ocrx_word' id='word_1_684' title='bbox 878 4837 1111 4892; x_wconf 87' lang='lat' dir='ltr'><strong>editione</strong></span> <span class='ocrx_word' id='word_1_685' title='bbox 1140 4836 1309 4889; x_wconf 89' lang='lat' dir='ltr'><strong>Paris.</strong></span> <span class='ocrx_word' id='word_1_686' title='bbox 1356 4846 1408 4891; x_wconf 88' lang='lat' dir='ltr'><strong>et</strong></span> <span class='ocrx_word' id='word_1_687' title='bbox 1448 4836 1498 4890; x_wconf 91' lang='lat' dir='ltr'><strong>in</strong></span> <span class='ocrx_word' id='word_1_688' title='bbox 1553 4837 1731 4892; x_wconf 90' lang='lat' dir='ltr'><strong>multis</strong></span> <span class='ocrx_word' id='word_1_689' title='bbox 1763 4840 1805 4894; x_wconf 92' lang='lat' dir='ltr'><strong>D</strong></span> 
     </span>
    </p>
   </div>
   <div class='ocr_carea' id='block_1_91' title="bbox 184 4907 1730 4978">
    <p class='ocr_par' dir='ltr' id='par_1_91' title="bbox 184 4907 1730 4978">
     <span class='ocr_line' id='line_1_91' title="bbox 184 4907 1730 4978; baseline -0.001 -16"><span class='ocrx_word' id='word_1_690' title='bbox 184 4922 306 4978; x_wconf 69' lang='lat' dir='ltr'><strong>mss.</strong></span> <span class='ocrx_word' id='word_1_691' title='bbox 354 4909 682 4978; x_wconf 83' lang='grc' dir='ltr'>κατηρτίσω,</span> <span class='ocrx_word' id='word_1_692' title='bbox 716 4908 991 4974; x_wconf 78' lang='lat' dir='ltr'><strong>perfecisti,</strong></span> <span class='ocrx_word' id='word_1_693' title='bbox 1048 4909 1302 4973; x_wconf 88' lang='lat' dir='ltr'><strong>scriptum</strong></span> <span class='ocrx_word' id='word_1_694' title='bbox 1345 4907 1643 4978; x_wconf 82' lang='lat' dir='ltr'><strong>invenimus</strong></span> <span class='ocrx_word' id='word_1_695' title='bbox 1677 4908 1730 4961; x_wconf 92' lang='lat' dir='ltr'><strong>in</strong></span> 
     </span>
    </p>
   </div>
   <div class='ocr_carea' id='block_1_92' title="bbox 183 4976 1732 5048">
    <p class='ocr_par' dir='ltr' id='par_1_92' title="bbox 183 4976 1732 5048">
     <span class='ocr_line' id='line_1_92' title="bbox 183 4976 1732 5048; baseline 0.001 -20"><span class='ocrx_word' id='word_1_696' title='bbox 183 4976 310 5048; x_wconf 80' lang='lat' dir='ltr'><strong>Reg.</strong></span> <span class='ocrx_word' id='word_1_697' title='bbox 340 4976 528 5045; x_wconf 81' lang='lat' dir='ltr'><strong>quarto</strong></span> <span class='ocrx_word' id='word_1_698' title='bbox 561 4991 614 5030; x_wconf 89' lang='lat' dir='ltr'><strong>et</strong></span> <span class='ocrx_word' id='word_1_699' title='bbox 654 4981 703 5030; x_wconf 92' lang='lat' dir='ltr'><strong>itt</strong></span> <span class='ocrx_word' id='word_1_700' title='bbox 738 4979 887 5032; x_wconf 72' lang='lat' dir='ltr'><strong>Coll).</strong></span> <span class='ocrx_word' id='word_1_701' title='bbox 924 4980 1108 5047; x_wconf 86' lang='lat' dir='ltr'><strong>quinto</strong></span> <span class='ocrx_word' id='word_1_702' title='bbox 1146 4976 1524 5046; x_wconf 86' lang='grc' dir='ltr'>κατηρτίσατο,</span> <span class='ocrx_word' id='word_1_703' title='bbox 1566 4979 1732 5045; x_wconf 77' lang='lat' dir='ltr'><strong>perfe-</strong></span> 
     </span>
    </p>
   </div>
   <div class='ocr_carea' id='block_1_93' title="bbox 182 5048 1728 5115">
    <p class='ocr_par' dir='ltr' id='par_1_93' title="bbox 182 5048 1728 5115">
     <span class='ocr_line' id='line_1_93' title="bbox 182 5048 1728 5115; baseline 0 -17"><span class='ocrx_word' id='word_1_704' title='bbox 182 5049 267 5112; x_wconf 88' lang='lat' dir='ltr'><strong>cit,</strong></span> <span class='ocrx_word' id='word_1_705' title='bbox 302 5058 357 5101; x_wconf 88' lang='lat' dir='ltr'><strong>et</strong></span> <span class='ocrx_word' id='word_1_706' title='bbox 397 5051 464 5100; x_wconf 76' lang='lat' dir='ltr'><strong>ita</strong></span> <span class='ocrx_word' id='word_1_707' title='bbox 520 5048 796 5115; x_wconf 81' lang='lat' dir='ltr'><strong>legendum</strong></span> <span class='ocrx_word' id='word_1_708' title='bbox 829 5064 944 5102; x_wconf 89' lang='lat' dir='ltr'><strong>esse</strong></span> <span class='ocrx_word' id='word_1_709' title='bbox 1005 5049 1348 5101; x_wconf 81' lang='lat' dir='ltr'><strong>arbitramur.</strong></span> <span class='ocrx_word' id='word_1_710' title='bbox 1397 5049 1530 5100; x_wconf 84' lang='lat' dir='ltr'><strong>Cum</strong></span> <span class='ocrx_word' id='word_1_711' title='bbox 1585 5049 1728 5099; x_wconf 82' lang='lat' dir='ltr'><strong>enim</strong></span> 
     </span>
    </p>
   </div>
   <div class='ocr_carea' id='block_1_94' title="bbox 183 5116 1729 5188">
    <p class='ocr_par' dir='ltr' id='par_1_94' title="bbox 183 5116 1729 5188">
     <span class='ocr_line' id='line_1_94' title="bbox 183 5116 1729 5188; baseline 0.001 -20"><span class='ocrx_word' id='word_1_712' title='bbox 183 5131 300 5172; x_wconf 79' lang='lat' dir='ltr'><strong>ante</strong></span> <span class='ocrx_word' id='word_1_713' title='bbox 331 5119 580 5184; x_wconf 86' lang='lat' dir='ltr'><strong>scriptum</strong></span> <span class='ocrx_word' id='word_1_714' title='bbox 611 5119 696 5179; x_wconf 81' lang='lat' dir='ltr'><strong>sit,</strong></span> <span class='ocrx_word' id='word_1_715' title='bbox 731 5119 810 5170; x_wconf 77' lang='grc' dir='ltr'><strong>Τὰ</strong></span> <span class='ocrx_word' id='word_1_716' title='bbox 849 5118 1048 5187; x_wconf 87' lang='grc' dir='ltr'>ἀσθενῆ</span> <span class='ocrx_word' id='word_1_717' title='bbox 1093 5116 1197 5188; x_wconf 46' lang='lat' dir='ltr'><strong>to?</strong></span> <span class='ocrx_word' id='word_1_718' title='bbox 1217 5118 1421 5188; x_wconf 80' lang='grc' dir='ltr'>κόσμου</span> <span class='ocrx_word' id='word_1_719' title='bbox 1452 5117 1729 5180; x_wconf 80' lang='grc' dir='ltr'>ἐξελέξατο</span> 
     </span>
    </p>
   </div>
   <div class='ocr_carea' id='block_1_95' title="bbox 180 5186 1728 5259">
    <p class='ocr_par' dir='ltr' id='par_1_95' title="bbox 180 5186 1728 5259">
     <span class='ocr_line' id='line_1_95' title="bbox 180 5186 1728 5259; baseline 0.001 -22"><span class='ocrx_word' id='word_1_720' title='bbox 180 5189 222 5259; x_wconf 2' lang='grc' dir='ltr'>ὀρ</span> <span class='ocrx_word' id='word_1_721' title='bbox 250 5189 404 5250; x_wconf 74' lang='grc' dir='ltr'>Θεὸς,</span> <span class='ocrx_word' id='word_1_722' title='bbox 440 5189 524 5240; x_wconf 82' lang='grc' dir='ltr'>ἵνα</span> <span class='ocrx_word' id='word_1_723' title='bbox 557 5188 887 5259; x_wconf 79' lang='grc' dir='ltr'>καταισχύνῃ</span> <span class='ocrx_word' id='word_1_724' title='bbox 919 5189 985 5241; x_wconf 74' lang='grc' dir='ltr'><strong>τὰ</strong></span> <span class='ocrx_word' id='word_1_725' title='bbox 1015 5186 1226 5259; x_wconf 77' lang='grc' dir='ltr'>ἰσχυρά,</span> <span class='ocrx_word' id='word_1_726' title='bbox 1257 5186 1500 5259; x_wconf 77' lang='lat' dir='ltr'><strong>lit/irata</strong></span> <span class='ocrx_word' id='word_1_727' title='bbox 1540 5189 1728 5259; x_wconf 15' lang='lat' dir='ltr'><strong>rutundi</strong></span> 
     </span>
    </p>
   </div>
   <div class='ocr_carea' id='block_1_96' title="bbox 184 5257 1726 5327">
    <p class='ocr_par' dir='ltr' id='par_1_96' title="bbox 184 5257 1726 5327">
     <span class='ocr_line' id='line_1_96' title="bbox 184 5257 1726 5327; baseline 0.001 -20"><span class='ocrx_word' id='word_1_728' title='bbox 184 5258 326 5327; x_wconf 82' lang='lat' dir='ltr'><strong>elegit</strong></span> <span class='ocrx_word' id='word_1_729' title='bbox 357 5259 512 5320; x_wconf 86' lang='lat' dir='ltr'><strong>Deus,</strong></span> <span class='ocrx_word' id='word_1_730' title='bbox 545 5269 599 5310; x_wconf 87' lang='lat' dir='ltr'><strong>ut</strong></span> <span class='ocrx_word' id='word_1_731' title='bbox 628 5257 905 5325; x_wconf 74' lang='lat' dir='ltr'><strong>confundat</strong></span> <span class='ocrx_word' id='word_1_732' title='bbox 937 5257 1115 5324; x_wconf 79' lang='lat' dir='ltr'><strong>fortia,</strong></span> <span class='ocrx_word' id='word_1_733' title='bbox 1158 5258 1444 5312; x_wconf 89' lang='lat' dir='ltr'><strong>verisimile</strong></span> <span class='ocrx_word' id='word_1_734' title='bbox 1467 5258 1617 5311; x_wconf 90' lang='lat' dir='ltr'><strong>nobis</strong></span> <span class='ocrx_word' id='word_1_735' title='bbox 1651 5257 1726 5320; x_wconf 81' lang='lat' dir='ltr'><strong>lit,</strong></span> 
     </span>
    </p>
   </div>
   <div class='ocr_carea' id='block_1_97' title="bbox 184 5326 1725 5399">
    <p class='ocr_par' dir='ltr' id='par_1_97' title="bbox 184 5326 1725 5399">
     <span class='ocr_line' id='line_1_97' title="bbox 184 5326 1725 5399; baseline 0.001 -22"><span class='ocrx_word' id='word_1_736' title='bbox 184 5326 265 5381; x_wconf 19' lang='lat' dir='ltr'><strong>ltic’</strong></span> <span class='ocrx_word' id='word_1_737' title='bbox 295 5330 395 5394; x_wconf 74' lang='lat' dir='ltr'><strong>legi</strong></span> <span class='ocrx_word' id='word_1_738' title='bbox 435 5330 630 5382; x_wconf 81' lang='lat' dir='ltr'><strong>debere</strong></span> <span class='ocrx_word' id='word_1_739' title='bbox 661 5328 1041 5399; x_wconf 84' lang='grc' dir='ltr'>κατηρτίσατο,</span> <span class='ocrx_word' id='word_1_740' title='bbox 1067 5330 1153 5381; x_wconf 83' lang='grc' dir='ltr'>ἵνα</span> <span class='ocrx_word' id='word_1_741' title='bbox 1175 5327 1469 5398; x_wconf 81' lang='grc' dir='ltr'>καταλύσῃ,</span> <span class='ocrx_word' id='word_1_742' title='bbox 1491 5327 1725 5399; x_wconf 75' lang='lat' dir='ltr'><strong>perfecit,</strong></span> 
     </span>
    </p>
   </div>
   <div class='ocr_carea' id='block_1_98' title="bbox 184 5398 1729 5467">
    <p class='ocr_par' dir='ltr' id='par_1_98' title="bbox 184 5398 1729 5467">
     <span class='ocr_line' id='line_1_98' title="bbox 184 5398 1729 5467; baseline 0.004 -21"><span class='ocrx_word' id='word_1_743' title='bbox 184 5409 230 5448; x_wconf 90' lang='lat' dir='ltr'><strong>ut</strong></span> <span class='ocrx_word' id='word_1_744' title='bbox 257 5400 515 5460; x_wconf 80' lang='lat' dir='ltr'><strong>destruat,</strong></span> <span class='ocrx_word' id='word_1_745' title='bbox 573 5409 676 5451; x_wconf 90' lang='lat' dir='ltr'><strong>etc.</strong></span> <span class='ocrx_word' id='word_1_746' title='bbox 722 5398 850 5451; x_wconf 72' lang='lat' dir='ltr'><strong>Nam</strong></span> <span class='ocrx_word' id='word_1_747' title='bbox 889 5403 984 5452; x_wconf 88' lang='lat' dir='ltr'><strong>hoc</strong></span> <span class='ocrx_word' id='word_1_748' title='bbox 1021 5410 1174 5467; x_wconf 87' lang='lat' dir='ltr'><strong>pacto</strong></span> <span class='ocrx_word' id='word_1_749' title='bbox 1231 5399 1412 5450; x_wconf 87' lang='lat' dir='ltr'><strong>melius</strong></span> <span class='ocrx_word' id='word_1_750' title='bbox 1440 5398 1729 5452; x_wconf 62' lang='lat' dir='ltr'><strong>cohaerebit</strong></span> 
     </span>
    </p>
   </div>
   <div class='ocr_carea' id='block_1_99' title="bbox 183 5469 1722 5535">
    <p class='ocr_par' dir='ltr' id='par_1_99' title="bbox 183 5469 1722 5535">
     <span class='ocr_line' id='line_1_99' title="bbox 183 5469 1722 5535; baseline 0.002 -18"><span class='ocrx_word' id='word_1_751' title='bbox 183 5471 367 5520; x_wconf 85' lang='lat' dir='ltr'><strong>oratio.</strong></span> <span class='ocrx_word' id='word_1_752' title='bbox 404 5469 554 5533; x_wconf 82' lang='lat' dir='ltr'><strong>Quod</strong></span> <span class='ocrx_word' id='word_1_753' title='bbox 592 5469 635 5520; x_wconf 90' lang='lat' dir='ltr'><strong>si</strong></span> <span class='ocrx_word' id='word_1_754' title='bbox 692 5469 949 5535; x_wconf 89' lang='lat' dir='ltr'><strong>ejusmodi</strong></span> <span class='ocrx_word' id='word_1_755' title='bbox 995 5470 1131 5522; x_wconf 83' lang='lat' dir='ltr'><strong>ratio</strong></span> <span class='ocrx_word' id='word_1_756' title='bbox 1191 5470 1357 5522; x_wconf 90' lang='lat' dir='ltr'><strong>levior</strong></span> <span class='ocrx_word' id='word_1_757' title='bbox 1412 5469 1722 5521; x_wconf 87' lang='lat' dir='ltr'><strong>videbitur:</strong></span> 
     </span>
    </p>
   </div>
   <div class='ocr_carea' id='block_1_100' title="bbox 184 5537 1729 5606">
    <p class='ocr_par' dir='ltr' id='par_1_100' title="bbox 184 5537 1729 5606">
     <span class='ocr_line' id='line_1_100' title="bbox 184 5537 1729 5606; baseline 0.001 -18"><span class='ocrx_word' id='word_1_758' title='bbox 184 5537 303 5591; x_wconf 87' lang='lat' dir='ltr'><strong>illud</strong></span> <span class='ocrx_word' id='word_1_759' title='bbox 337 5541 571 5606; x_wconf 86' lang='lat' dir='ltr'><strong>gravius,</strong></span> <span class='ocrx_word' id='word_1_760' title='bbox 609 5542 748 5605; x_wconf 84' lang='lat' dir='ltr'><strong>quod</strong></span> <span class='ocrx_word' id='word_1_761' title='bbox 796 5541 957 5594; x_wconf 87' lang='lat' dir='ltr'><strong>editio</strong></span> <span class='ocrx_word' id='word_1_762' title='bbox 985 5549 1037 5594; x_wconf 89' lang='lat' dir='ltr'><strong>et</strong></span> <span class='ocrx_word' id='word_1_763' title='bbox 1085 5538 1250 5593; x_wconf 74' lang='lat' dir='ltr'><strong>Basil.</strong></span> <span class='ocrx_word' id='word_1_764' title='bbox 1287 5550 1341 5590; x_wconf 85' lang='lat' dir='ltr'><strong>et</strong></span> <span class='ocrx_word' id='word_1_765' title='bbox 1371 5551 1556 5590; x_wconf 89' lang='lat' dir='ltr'><strong>omnes</strong></span> <span class='ocrx_word' id='word_1_766' title='bbox 1603 5553 1729 5590; x_wconf 88' lang='lat' dir='ltr'><strong>mss.</strong></span> 
     </span>
    </p>
   </div>
   <div class='ocr_carea' id='block_1_101' title="bbox 185 5608 1730 5679">
    <p class='ocr_par' dir='ltr' id='par_1_101' title="bbox 185 5608 1730 5679">
     <span class='ocr_line' id='line_1_101' title="bbox 185 5608 1730 5679; baseline 0.001 -21"><span class='ocrx_word' id='word_1_767' title='bbox 185 5609 462 5671; x_wconf 62' lang='lat' dir='ltr'><strong>praeferant</strong></span> <span class='ocrx_word' id='word_1_768' title='bbox 500 5608 773 5679; x_wconf 81' lang='grc' dir='ltr'>καταλύσῃ</span> <span class='ocrx_word' id='word_1_769' title='bbox 797 5650 811 5671; x_wconf 95' lang='grc'><strong>,</strong></span> <span class='ocrx_word' id='word_1_770' title='bbox 847 5611 1098 5672; x_wconf 79' lang='lat' dir='ltr'><strong>destruat,</strong></span> <span class='ocrx_word' id='word_1_771' title='bbox 1127 5612 1199 5662; x_wconf 91' lang='lat' dir='ltr'><strong>uti</strong></span> <span class='ocrx_word' id='word_1_772' title='bbox 1229 5623 1504 5676; x_wconf 88' lang='lat' dir='ltr'><strong>perperam</strong></span> <span class='ocrx_word' id='word_1_773' title='bbox 1531 5608 1730 5679; x_wconf 79' lang='lat' dir='ltr'><strong>editum</strong></span> 
     </span>
    </p>
   </div>
   <div class='ocr_carea' id='block_1_102' title="bbox 191 5676 1728 5749">
    <p class='ocr_par' dir='ltr' id='par_1_102' title="bbox 191 5676 1728 5749">
     <span class='ocr_line' id='line_1_102' title="bbox 191 5676 1728 5749; baseline -0.001 -19"><span class='ocrx_word' id='word_1_774' title='bbox 191 5693 266 5749; x_wconf 79' lang='lat' dir='ltr'><strong>est</strong></span> <span class='ocrx_word' id='word_1_775' title='bbox 301 5682 350 5732; x_wconf 88' lang='lat' dir='ltr'><strong>iu</strong></span> <span class='ocrx_word' id='word_1_776' title='bbox 381 5679 616 5749; x_wconf 75' lang='lat' dir='ltr'><strong>editmne</strong></span> <span class='ocrx_word' id='word_1_777' title='bbox 644 5676 950 5732; x_wconf 68' lang='lat' dir='ltr'><strong>Parisiensi.</strong></span> <span class='ocrx_word' id='word_1_778' title='bbox 982 5681 1085 5734; x_wconf 81' lang='lat' dir='ltr'><strong>Sed</strong></span> <span class='ocrx_word' id='word_1_779' title='bbox 1125 5681 1169 5732; x_wconf 88' lang='lat' dir='ltr'><strong>si</strong></span> <span class='ocrx_word' id='word_1_780' title='bbox 1215 5681 1403 5749; x_wconf 78' lang='lat' dir='ltr'><strong>legeris</strong></span> <span class='ocrx_word' id='word_1_781' title='bbox 1428 5676 1728 5749; x_wconf 81' lang='grc' dir='ltr'>καταλύσῃ,</span> 
     </span>
    </p>
   </div>
   <div class='ocr_carea' id='block_1_103' title="bbox 194 5745 1731 5818">
    <p class='ocr_par' dir='ltr' id='par_1_103' title="bbox 194 5745 1731 5818">
     <span class='ocr_line' id='line_1_103' title="bbox 194 5745 1731 5818; baseline 0.005 -22"><span class='ocrx_word' id='word_1_782' title='bbox 194 5745 328 5818; x_wconf 77' lang='lat' dir='ltr'><strong>legas</strong></span> <span class='ocrx_word' id='word_1_783' title='bbox 367 5748 728 5816; x_wconf 83' lang='grc' dir='ltr'>κατηρτίσατο</span> <span class='ocrx_word' id='word_1_784' title='bbox 756 5751 908 5816; x_wconf 85' lang='lat' dir='ltr'><strong>plane</strong></span> <span class='ocrx_word' id='word_1_785' title='bbox 938 5766 1151 5803; x_wconf 86' lang='lat' dir='ltr'><strong>necesse</strong></span> <span class='ocrx_word' id='word_1_786' title='bbox 1180 5745 1285 5803; x_wconf 57' lang='lat' dir='ltr'><strong>est;</strong></span> <span class='ocrx_word' id='word_1_787' title='bbox 1313 5747 1424 5802; x_wconf 77' lang='lat' dir='ltr'><strong>Non</strong></span> <span class='ocrx_word' id='word_1_788' title='bbox 1462 5747 1601 5801; x_wconf 90' lang='lat' dir='ltr'><strong>enim</strong></span> <span class='ocrx_word' id='word_1_789' title='bbox 1639 5745 1731 5803; x_wconf 71' lang='lat' dir='ltr'><strong>co-</strong></span> 
     </span>
    </p>
   </div>
   <div class='ocr_carea' id='block_1_104' title="bbox 199 5819 1725 5890">
    <p class='ocr_par' dir='ltr' id='par_1_104' title="bbox 199 5819 1725 5890">
     <span class='ocr_line' id='line_1_104' title="bbox 199 5819 1725 5890; baseline 0.001 -19"><span class='ocrx_word' id='word_1_790' title='bbox 199 5819 626 5884; x_wconf 70' lang='lat' dir='ltr'><strong>ltaerebitoratio,</strong></span> <span class='ocrx_word' id='word_1_791' title='bbox 660 5822 702 5872; x_wconf 90' lang='lat' dir='ltr'><strong>si</strong></span> <span class='ocrx_word' id='word_1_792' title='bbox 733 5823 898 5887; x_wconf 81' lang='lat' dir='ltr'><strong>dicas,</strong></span> <span class='ocrx_word' id='word_1_793' title='bbox 935 5821 1291 5890; x_wconf 79' lang='lat' dir='ltr'><strong>perfecisti,ut</strong></span> <span class='ocrx_word' id='word_1_794' title='bbox 1325 5822 1553 5875; x_wconf 85' lang='lat' dir='ltr'><strong>destruat</strong></span> <span class='ocrx_word' id='word_1_795' title='bbox 1585 5831 1725 5888; x_wconf 88' lang='lat' dir='ltr'><strong>:op-</strong></span> 
     </span>
    </p>
   </div>
   <div class='ocr_carea' id='block_1_105' title="bbox 1335 4607 1805 4669">
    <p class='ocr_par' dir='ltr' id='par_1_105' title="bbox 1335 4607 1805 4669">
     <span class='ocr_line' id='line_1_105' title="bbox 1335 4607 1805 4669; baseline 0.004 -10"><span class='ocrx_word' id='word_1_796' title='bbox 1335 4607 1380 4638; x_wconf 73' lang='grc'><strong>³³</strong></span> <span class='ocrx_word' id='word_1_797' title='bbox 1405 4607 1558 4661; x_wconf 84' lang='lat' dir='ltr'><strong>Prov.</strong></span> <span class='ocrx_word' id='word_1_798' title='bbox 1602 4625 1711 4669; x_wconf 72' lang='lat' dir='ltr'><strong>XXI,</strong></span> <span class='ocrx_word' id='word_1_799' title='bbox 1760 4611 1805 4661; x_wconf 94' lang='grc'><strong>1.</strong></span> 
     </span>
    </p>
   </div>
   <div class='ocr_carea' id='block_1_106' title="bbox 1121 4676 1602 4742">
    <p class='ocr_par' dir='ltr' id='par_1_106' title="bbox 1121 4676 1602 4742">
     <span class='ocr_line' id='line_1_106' title="bbox 1121 4676 1602 4742; baseline 0.006 -14"><span class='ocrx_word' id='word_1_800' title='bbox 1121 4676 1167 4711; x_wconf 80' lang='grc'><strong>³⁸</strong></span> <span class='ocrx_word' id='word_1_801' title='bbox 1204 4677 1369 4731; x_wconf 80' lang='lat' dir='ltr'><strong>Exod.</strong></span> <span class='ocrx_word' id='word_1_802' title='bbox 1417 4695 1505 4742; x_wconf 80' lang='lat' dir='ltr'><strong>xv,</strong></span> <span class='ocrx_word' id='word_1_803' title='bbox 1553 4680 1602 4732; x_wconf 89' lang='grc'><strong>1.</strong></span> 
     </span>
    </p>
   </div>
   <div class='ocr_carea' id='block_1_107' title="bbox 1678 4678 2245 4748">
    <p class='ocr_par' dir='ltr' id='par_1_107' title="bbox 1678 4678 2245 4748">
     <span class='ocr_line' id='line_1_107' title="bbox 1678 4678 2245 4748; baseline -0.004 -16"><span class='ocrx_word' id='word_1_804' title='bbox 1678 4681 1720 4710; x_wconf 82' lang='grc'><strong>⁹⁹</strong></span> <span class='ocrx_word' id='word_1_805' title='bbox 1744 4680 1807 4732; x_wconf 71' lang='grc' dir='ltr'><strong>ιν</strong></span> <span class='ocrx_word' id='word_1_806' title='bbox 1831 4679 1956 4748; x_wconf 66' lang='grc' dir='ltr'>ιῖεε.</span> <span class='ocrx_word' id='word_1_807' title='bbox 1997 4695 2108 4741; x_wconf 71' lang='lat' dir='ltr'><strong>XIX,</strong></span> <span class='ocrx_word' id='word_1_808' title='bbox 2159 4678 2245 4732; x_wconf 83' lang='grc'><strong>55.</strong></span> 
     </span>
    </p>
   </div>
   <div class='ocr_carea' id='block_1_108' title="bbox 1915 4258 3406 4326">
    <p class='ocr_par' dir='ltr' id='par_1_108' title="bbox 1915 4258 3406 4326">
     <span class='ocr_line' id='line_1_108' title="bbox 1915 4258 3406 4326; baseline -0.003 -8"><span class='ocrx_word' id='word_1_809' title='bbox 1915 4265 1999 4318; x_wconf 89' lang='grc'>10.</span> <span class='ocrx_word' id='word_1_810' title='bbox 2036 4264 2195 4317; x_wconf 74' lang='lat' dir='ltr'><strong>Vens.</strong></span> <span class='ocrx_word' id='word_1_811' title='bbox 2229 4261 2313 4316; x_wconf 89' lang='grc'><strong>18.</strong></span> <span class='ocrx_word' id='word_1_812' title='bbox 2348 4259 2482 4316; x_wconf 84' lang='lat' dir='ltr'><strong>Ecce</strong></span> <span class='ocrx_word' id='word_1_813' title='bbox 2517 4261 2653 4314; x_wconf 83' lang='lat' dir='ltr'><strong>oculi</strong></span> <span class='ocrx_word' id='word_1_814' title='bbox 2703 4258 2914 4312; x_wconf 79' lang='lat' dir='ltr'><strong>Domini</strong></span> <span class='ocrx_word' id='word_1_815' title='bbox 2946 4277 3099 4326; x_wconf 82' lang='lat' dir='ltr'><strong>super</strong></span> <span class='ocrx_word' id='word_1_816' title='bbox 3129 4272 3406 4316; x_wconf 81' lang='lat' dir='ltr'><strong>metuentes</strong></span> 
     </span>
    </p>
   </div>
   <div class='ocr_carea' id='block_1_109' title="bbox 1842 4352 3406 4424">
    <p class='ocr_par' dir='ltr' id='par_1_109' title="bbox 1842 4352 3406 4424">
     <span class='ocr_line' id='line_1_109' title="bbox 1842 4352 3406 4424; baseline -0.003 -13"><span class='ocrx_word' id='word_1_817' title='bbox 1842 4374 1980 4411; x_wconf 88' lang='lat' dir='ltr'><strong>eum.</strong></span> <span class='ocrx_word' id='word_1_818' title='bbox 2052 4356 2190 4410; x_wconf 83' lang='lat' dir='ltr'><strong>Alibi</strong></span> <span class='ocrx_word' id='word_1_819' title='bbox 2235 4355 2451 4424; x_wconf 88' lang='lat' dir='ltr'><strong>quidem</strong></span> <span class='ocrx_word' id='word_1_820' title='bbox 2513 4353 2713 4406; x_wconf 90' lang='lat' dir='ltr'><strong>dictum</strong></span> <span class='ocrx_word' id='word_1_821' title='bbox 2768 4363 2852 4406; x_wconf 91' lang='lat' dir='ltr'><strong>est</strong></span> <span class='ocrx_word' id='word_1_822' title='bbox 2910 4369 2922 4405; x_wconf 93' lang='lat'>:</span> <span class='ocrx_word' id='word_1_823' title='bbox 2987 4352 3137 4405; x_wconf 87' lang='lat' dir='ltr'><strong>Oculi</strong></span> <span class='ocrx_word' id='word_1_824' title='bbox 3193 4353 3406 4408; x_wconf 84' lang='lat' dir='ltr'><strong>Domini</strong></span> 
     </span>
    </p>
   </div>
   <div class='ocr_carea' id='block_1_110' title="bbox 1842 4445 3404 4519">
    <p class='ocr_par' dir='ltr' id='par_1_110' title="bbox 1842 4445 3404 4519">
     <span class='ocr_line' id='line_1_110' title="bbox 1842 4445 3404 4519; baseline -0.003 -15"><span class='ocrx_word' id='word_1_825' title='bbox 1842 4466 1996 4519; x_wconf 84' lang='lat' dir='ltr'><strong>super</strong></span> <span class='ocrx_word' id='word_1_826' title='bbox 2019 4450 2197 4515; x_wconf 86' lang='lat' dir='ltr'><strong>justas</strong></span> <span class='ocrx_word' id='word_1_827' title='bbox 2230 4447 2282 4511; x_wconf 87' lang='grc'><strong>³;</strong></span> <span class='ocrx_word' id='word_1_828' title='bbox 2328 4447 2416 4500; x_wconf 83' lang='lat' dir='ltr'><strong>ltic</strong></span> <span class='ocrx_word' id='word_1_829' title='bbox 2457 4461 2604 4508; x_wconf 87' lang='lat' dir='ltr'><strong>vero,</strong></span> <span class='ocrx_word' id='word_1_830' title='bbox 2627 4460 2781 4513; x_wconf 83' lang='lat' dir='ltr'><strong>super</strong></span> <span class='ocrx_word' id='word_1_831' title='bbox 2814 4454 3092 4498; x_wconf 84' lang='lat' dir='ltr'><strong>metuentes</strong></span> <span class='ocrx_word' id='word_1_832' title='bbox 3127 4461 3264 4501; x_wconf 85' lang='lat' dir='ltr'><strong>eum.</strong></span> <span class='ocrx_word' id='word_1_833' title='bbox 3304 4445 3404 4501; x_wconf 83' lang='lat' dir='ltr'><strong>Uni</strong></span> 
     </span>
    </p>
   </div>
   <div class='ocr_carea' id='block_1_111' title="bbox 1884 4605 2384 4667">
    <p class='ocr_par' dir='ltr' id='par_1_111' title="bbox 1884 4605 2384 4667">
     <span class='ocr_line' id='line_1_111' title="bbox 1884 4605 2384 4667; baseline -0.004 -7"><span class='ocrx_word' id='word_1_834' title='bbox 1884 4610 1928 4640; x_wconf 72' lang='grc'><strong>⁸⁸</strong></span> <span class='ocrx_word' id='word_1_835' title='bbox 1969 4609 1983 4660; x_wconf 99' lang='grc' dir='ltr'><strong>Ι</strong></span> <span class='ocrx_word' id='word_1_836' title='bbox 2036 4607 2158 4660; x_wconf 90' lang='lat' dir='ltr'><strong>Cor.</strong></span> <span class='ocrx_word' id='word_1_837' title='bbox 2220 4621 2255 4667; x_wconf 87' lang='grc'>1,</span> <span class='ocrx_word' id='word_1_838' title='bbox 2297 4605 2384 4658; x_wconf 73' lang='grc'><strong>27.</strong></span> 
     </span>
    </p>
   </div>
   <div class='ocr_carea' id='block_1_112' title="bbox 2327 4674 2830 4737">
    <p class='ocr_par' dir='ltr' id='par_1_112' title="bbox 2327 4674 2830 4737">
     <span class='ocr_line' id='line_1_112' title="bbox 2327 4674 2830 4737; baseline -0.008 -7"><span class='ocrx_word' id='word_1_839' title='bbox 2327 4680 2340 4707; x_wconf 81' lang='grc'><strong><em>³</em></strong></span> <span class='ocrx_word' id='word_1_840' title='bbox 2373 4679 2526 4730; x_wconf 88' lang='lat' dir='ltr'><strong>Deut.</strong></span> <span class='ocrx_word' id='word_1_841' title='bbox 2568 4689 2697 4737; x_wconf 81' lang='lat' dir='ltr'><strong>xm,</strong></span> <span class='ocrx_word' id='word_1_842' title='bbox 2744 4674 2830 4726; x_wconf 85' lang='grc'><strong>16.</strong></span> 
     </span>
    </p>
   </div>
   <div class='ocr_carea' id='block_1_113' title="bbox 2462 4601 3401 4663">
    <p class='ocr_par' dir='ltr' id='par_1_113' title="bbox 2462 4601 3401 4663">
     <span class='ocr_line' id='line_1_113' title="bbox 2462 4601 3401 4663; baseline -0.004 -8"><span class='ocrx_word' id='word_1_843' title='bbox 2462 4605 2506 4636; x_wconf 77' lang='grc'><strong>⁸⁵</strong></span> <span class='ocrx_word' id='word_1_844' title='bbox 2533 4601 2673 4655; x_wconf 82' lang='lat' dir='ltr'><strong>Psal.</strong></span> <span class='ocrx_word' id='word_1_845' title='bbox 2711 4616 2828 4663; x_wconf 88' lang='lat' dir='ltr'><strong>vm,</strong></span> <span class='ocrx_word' id='word_1_846' title='bbox 2866 4601 2919 4657; x_wconf 85' lang='grc'><strong>’5.</strong></span> <span class='ocrx_word' id='word_1_847' title='bbox 2998 4602 3043 4633; x_wconf 76' lang='grc'><strong>⁸⁸</strong></span> <span class='ocrx_word' id='word_1_848' title='bbox 3073 4605 3243 4656; x_wconf 74' lang='lat' dir='ltr'><strong>Exod.</strong></span> <span class='ocrx_word' id='word_1_849' title='bbox 3292 4619 3401 4663; x_wconf 77' lang='lat' dir='ltr'><strong>xiv,</strong></span> 
     </span>
    </p>
   </div>
   <div class='ocr_carea' id='block_1_114' title="bbox 2901 4672 3401 4737">
    <p class='ocr_par' dir='ltr' id='par_1_114' title="bbox 2901 4672 3401 4737">
     <span class='ocr_line' id='line_1_114' title="bbox 2901 4672 3401 4737; baseline 0.006 -12"><span class='ocrx_word' id='word_1_850' title='bbox 2901 4675 2919 4703; x_wconf 84' lang='grc'>³</span> <span class='ocrx_word' id='word_1_851' title='bbox 2958 4673 3000 4726; x_wconf 93' lang='grc'><strong>11</strong></span> <span class='ocrx_word' id='word_1_852' title='bbox 3025 4673 3150 4727; x_wconf 79' lang='lat' dir='ltr'><strong>Cor.</strong></span> <span class='ocrx_word' id='word_1_853' title='bbox 3182 4688 3278 4737; x_wconf 79' lang='lat' dir='ltr'><strong>xu,</strong></span> <span class='ocrx_word' id='word_1_854' title='bbox 3316 4672 3401 4728; x_wconf 88' lang='grc'><strong>10.</strong></span> 
     </span>
    </p>
   </div>
   <div class='ocr_carea' id='block_1_115' title="bbox 1837 4834 3083 4904">
    <p class='ocr_par' dir='ltr' id='par_1_115' title="bbox 1837 4834 3083 4904">
     <span class='ocr_line' id='line_1_115' title="bbox 1837 4834 3083 4904; baseline -0.005 -13"><span class='ocrx_word' id='word_1_855' title='bbox 1837 4837 1964 4890; x_wconf 90' lang='lat' dir='ltr'><strong>time</strong></span> <span class='ocrx_word' id='word_1_856' title='bbox 1991 4849 2136 4894; x_wconf 84' lang='lat' dir='ltr'><strong>vero.</strong></span> <span class='ocrx_word' id='word_1_857' title='bbox 2164 4834 2208 4888; x_wconf 88' lang='lat' dir='ltr'><strong>si</strong></span> <span class='ocrx_word' id='word_1_858' title='bbox 2240 4835 2463 4898; x_wconf 90' lang='lat' dir='ltr'><strong>scribas,</strong></span> <span class='ocrx_word' id='word_1_859' title='bbox 2490 4836 2724 4904; x_wconf 80' lang='lat' dir='ltr'><strong>perfecit,</strong></span> <span class='ocrx_word' id='word_1_860' title='bbox 2749 4844 2805 4888; x_wconf 89' lang='lat' dir='ltr'><strong>ut</strong></span> <span class='ocrx_word' id='word_1_861' title='bbox 2835 4837 3083 4893; x_wconf 78' lang='lat' dir='ltr'><strong>destruat.</strong></span> 
     </span>
    </p>
   </div>
   <div class='ocr_carea' id='block_1_116' title="bbox 1909 4904 3398 4975">
    <p class='ocr_par' dir='ltr' id='par_1_116' title="bbox 1909 4904 3398 4975">
     <span class='ocr_line' id='line_1_116' title="bbox 1909 4904 3398 4975; baseline -0.001 -16"><span class='ocrx_word' id='word_1_862' title='bbox 1909 4907 2018 4975; x_wconf 80' lang='grc'>(59)</span> <span class='ocrx_word' id='word_1_863' title='bbox 2050 4905 2186 4958; x_wconf 76' lang='grc' dir='ltr'><strong>Ειιίιί</strong></span> <span class='ocrx_word' id='word_1_864' title='bbox 2248 4915 2301 4957; x_wconf 85' lang='lat' dir='ltr'><strong>et</strong></span> <span class='ocrx_word' id='word_1_865' title='bbox 2346 4904 2636 4958; x_wconf 75' lang='lat' dir='ltr'><strong>Colbel‘lilli</strong></span> <span class='ocrx_word' id='word_1_866' title='bbox 2693 4907 2971 4975; x_wconf 8' lang='lat' dir='ltr'><strong>tertittsget</strong></span> <span class='ocrx_word' id='word_1_867' title='bbox 3005 4913 3192 4959; x_wconf 73' lang='lat' dir='ltr'><strong>sextus</strong></span> <span class='ocrx_word' id='word_1_868' title='bbox 3229 4907 3398 4975; x_wconf 84' lang='grc' dir='ltr'>ἵππῳ.</span> 
     </span>
    </p>
   </div>
   <div class='ocr_carea' id='block_1_117' title="bbox 1836 4973 3406 5047">
    <p class='ocr_par' dir='ltr' id='par_1_117' title="bbox 1836 4973 3406 5047">
     <span class='ocr_line' id='line_1_117' title="bbox 1836 4973 3406 5047; baseline -0.001 -17"><span class='ocrx_word' id='word_1_869' title='bbox 1836 4978 1940 5030; x_wconf 83' lang='lat' dir='ltr'><strong>Alii</strong></span> <span class='ocrx_word' id='word_1_870' title='bbox 1963 4973 2198 5044; x_wconf 89' lang='lat' dir='ltr'><strong>quinque</strong></span> <span class='ocrx_word' id='word_1_871' title='bbox 2226 4989 2352 5047; x_wconf 80' lang='lat' dir='ltr'><strong>mss.</strong></span> <span class='ocrx_word' id='word_1_872' title='bbox 2371 4975 2608 5047; x_wconf 54' lang='lat' dir='ltr'><strong>innixi},</strong></span> <span class='ocrx_word' id='word_1_873' title='bbox 2641 4978 2726 5029; x_wconf 91' lang='lat' dir='ltr'><strong>ubi</strong></span> <span class='ocrx_word' id='word_1_874' title='bbox 2755 4973 2984 5047; x_wconf 84' lang='lat' dir='ltr'><strong>suppleri</strong></span> <span class='ocrx_word' id='word_1_875' title='bbox 3013 4986 3224 5045; x_wconf 89' lang='lat' dir='ltr'><strong>oportet</strong></span> <span class='ocrx_word' id='word_1_876' title='bbox 3251 4973 3406 5029; x_wconf 65' lang='grc' dir='ltr'>δυνά-</span> 
     </span>
    </p>
   </div>
   <div class='ocr_carea' id='block_1_118' title="bbox 1841 5045 3404 5117">
    <p class='ocr_par' dir='ltr' id='par_1_118' title="bbox 1841 5045 3404 5117">
     <span class='ocr_line' id='line_1_118' title="bbox 1841 5045 3404 5117; baseline 0.001 -19"><span class='ocrx_word' id='word_1_877' title='bbox 1841 5064 1948 5115; x_wconf 86' lang='grc' dir='ltr'>μει.</span> <span class='ocrx_word' id='word_1_878' title='bbox 1996 5048 2104 5099; x_wconf 86' lang='lat' dir='ltr'><strong>Hoc</strong></span> <span class='ocrx_word' id='word_1_879' title='bbox 2147 5050 2258 5112; x_wconf 85' lang='lat' dir='ltr'><strong>ipso</strong></span> <span class='ocrx_word' id='word_1_880' title='bbox 2291 5045 2484 5098; x_wconf 88' lang='lat' dir='ltr'><strong>inloco</strong></span> <span class='ocrx_word' id='word_1_881' title='bbox 2535 5045 2727 5117; x_wconf 80' lang='lat' dir='ltr'><strong>legitur</strong></span> <span class='ocrx_word' id='word_1_882' title='bbox 2755 5045 2803 5096; x_wconf 92' lang='lat' dir='ltr'><strong>in</strong></span> <span class='ocrx_word' id='word_1_883' title='bbox 2848 5046 3114 5117; x_wconf 81' lang='lat' dir='ltr'><strong>aliquibus</strong></span> <span class='ocrx_word' id='word_1_884' title='bbox 3144 5061 3268 5099; x_wconf 90' lang='lat' dir='ltr'><strong>mss.</strong></span> <span class='ocrx_word' id='word_1_885' title='bbox 3310 5048 3404 5100; x_wconf 84' lang='grc' dir='ltr'>κέ-</span> 
     </span>
    </p>
   </div>
   <div class='ocr_carea' id='block_1_119' title="bbox 1837 5115 3399 5187">
    <p class='ocr_par' dir='ltr' id='par_1_119' title="bbox 1837 5115 3399 5187">
     <span class='ocr_line' id='line_1_119' title="bbox 1837 5115 3399 5187; baseline 0.002 -20"><span class='ocrx_word' id='word_1_886' title='bbox 1837 5134 2050 5187; x_wconf 80' lang='grc' dir='ltr'>χρηται.</span> <span class='ocrx_word' id='word_1_887' title='bbox 2103 5117 2337 5187; x_wconf 68' lang='lat' dir='ltr'><strong>Subinde</strong></span> <span class='ocrx_word' id='word_1_888' title='bbox 2387 5115 2606 5185; x_wconf 50' lang='lat' dir='ltr'><strong>septem&#39;</strong></span> <span class='ocrx_word' id='word_1_889' title='bbox 2626 5130 2754 5168; x_wconf 89' lang='lat' dir='ltr'><strong>mss.</strong></span> <span class='ocrx_word' id='word_1_890' title='bbox 2795 5115 2938 5186; x_wconf 85' lang='grc' dir='ltr'>μέγα</span> <span class='ocrx_word' id='word_1_891' title='bbox 2977 5118 3180 5187; x_wconf 81' lang='grc' dir='ltr'>φρονεῖ.</span> <span class='ocrx_word' id='word_1_892' title='bbox 3227 5117 3399 5172; x_wconf 83' lang='lat' dir='ltr'><strong>Editiu</strong></span> 
     </span>
    </p>
   </div>
   <div class='ocr_carea' id='block_1_120' title="bbox 1835 5186 2449 5255">
    <p class='ocr_par' dir='ltr' id='par_1_120' title="bbox 1835 5186 2449 5255">
     <span class='ocr_line' id='line_1_120' title="bbox 1835 5186 2449 5255; baseline -0.007 -14"><span class='ocrx_word' id='word_1_893' title='bbox 1835 5186 2004 5241; x_wconf 78' lang='lat' dir='ltr'><strong>Paris.</strong></span> <span class='ocrx_word' id='word_1_894' title='bbox 2041 5186 2449 5255; x_wconf 81' lang='grc' dir='ltr'>μεγαλοφρονεῐ.</span> 
     </span>
    </p>
   </div>
   <div class='ocr_carea' id='block_1_121' title="bbox 1908 5253 3398 5326">
    <p class='ocr_par' dir='ltr' id='par_1_121' title="bbox 1908 5253 3398 5326">
     <span class='ocr_line' id='line_1_121' title="bbox 1908 5253 3398 5326; baseline 0.003 -18"><span class='ocrx_word' id='word_1_895' title='bbox 1908 5256 2018 5324; x_wconf 69' lang='grc'>(40)</span> <span class='ocrx_word' id='word_1_896' title='bbox 2045 5253 2224 5309; x_wconf 76' lang='grc' dir='ltr'>Ειιιιὶο</span> <span class='ocrx_word' id='word_1_897' title='bbox 2259 5253 2425 5326; x_wconf 75' lang='lat' dir='ltr'><strong>Paris.</strong></span> <span class='ocrx_word' id='word_1_898' title='bbox 2461 5253 2704 5326; x_wconf 75' lang='grc' dir='ltr'>περὶτῶν</span> <span class='ocrx_word' id='word_1_899' title='bbox 2737 5255 3021 5326; x_wconf 81' lang='grc' dir='ltr'>βασιλέων.</span> <span class='ocrx_word' id='word_1_900' title='bbox 3048 5257 3114 5310; x_wconf 82' lang='lat' dir='ltr'><strong>At</strong></span> <span class='ocrx_word' id='word_1_901' title='bbox 3145 5273 3271 5311; x_wconf 89' lang='lat' dir='ltr'><strong>mss.</strong></span> <span class='ocrx_word' id='word_1_902' title='bbox 3303 5271 3398 5312; x_wconf 81' lang='lat' dir='ltr'><strong>sex</strong></span> 
     </span>
    </p>
   </div>
   <div class='ocr_carea' id='block_1_122' title="bbox 1835 5325 3402 5397">
    <p class='ocr_par' dir='ltr' id='par_1_122' title="bbox 1835 5325 3402 5397">
     <span class='ocr_line' id='line_1_122' title="bbox 1835 5325 3402 5397; baseline 0.002 -18"><span class='ocrx_word' id='word_1_903' title='bbox 1835 5327 1959 5395; x_wconf 82' lang='grc' dir='ltr'><strong>περὶ</strong></span> <span class='ocrx_word' id='word_1_904' title='bbox 1995 5326 2278 5397; x_wconf 87' lang='grc' dir='ltr'>βασιλέων.</span> <span class='ocrx_word' id='word_1_905' title='bbox 2306 5325 2466 5393; x_wconf 65' lang='grc' dir='ltr'>ΑΞεΓε</span> <span class='ocrx_word' id='word_1_906' title='bbox 2496 5325 2574 5380; x_wconf 78' lang='lat' dir='ltr'><strong>est</strong></span> <span class='ocrx_word' id='word_1_907' title='bbox 2605 5325 2947 5389; x_wconf 73' lang='lat' dir='ltr'><strong>Combelisio,</strong></span> <span class='ocrx_word' id='word_1_908' title='bbox 2973 5329 3110 5397; x_wconf 88' lang='lat' dir='ltr'><strong>quod</strong></span> <span class='ocrx_word' id='word_1_909' title='bbox 3131 5328 3402 5397; x_wconf 78' lang='lat' dir='ltr'><strong>interpres</strong></span> 
     </span>
    </p>
   </div>
   <div class='ocr_carea' id='block_1_123' title="bbox 1834 5395 3402 5459">
    <p class='ocr_par' dir='ltr' id='par_1_123' title="bbox 1834 5395 3402 5459">
     <span class='ocr_line' id='line_1_123' title="bbox 1834 5395 3402 5459; baseline -0.001 -9"><span class='ocrx_word' id='word_1_910' title='bbox 1834 5398 1885 5450; x_wconf 92' lang='lat' dir='ltr'><strong>in</strong></span> <span class='ocrx_word' id='word_1_911' title='bbox 1918 5395 2152 5451; x_wconf 74' lang='lat' dir='ltr'><strong>editione</strong></span> <span class='ocrx_word' id='word_1_912' title='bbox 2183 5398 2419 5449; x_wconf 71' lang='lat' dir='ltr'><strong>ltomana</strong></span> <span class='ocrx_word' id='word_1_913' title='bbox 2451 5397 2635 5450; x_wconf 67' lang='lat' dir='ltr'><strong>Grazca</strong></span> <span class='ocrx_word' id='word_1_914' title='bbox 2663 5399 2741 5451; x_wconf 84' lang='lat' dir='ltr'><strong>sic</strong></span> <span class='ocrx_word' id='word_1_915' title='bbox 2775 5395 3083 5459; x_wconf 79' lang='lat' dir='ltr'><strong>reddiderit,</strong></span> <span class='ocrx_word' id='word_1_916' title='bbox 3119 5395 3241 5451; x_wconf 79' lang='lat' dir='ltr'><strong>Non</strong></span> <span class='ocrx_word' id='word_1_917' title='bbox 3263 5395 3402 5451; x_wconf 88' lang='lat' dir='ltr'><strong>mul-</strong></span> 
     </span>
    </p>
   </div>
   <div class='ocr_carea' id='block_1_124' title="bbox 1833 5465 3397 5537">
    <p class='ocr_par' dir='ltr' id='par_1_124' title="bbox 1833 5465 3397 5537">
     <span class='ocr_line' id='line_1_124' title="bbox 1833 5465 3397 5537; baseline 0.002 -19"><span class='ocrx_word' id='word_1_918' title='bbox 1833 5469 2081 5537; x_wconf 75' lang='lat' dir='ltr'><strong>tiplicabit</strong></span> <span class='ocrx_word' id='word_1_919' title='bbox 2131 5469 2227 5518; x_wconf 82' lang='lat' dir='ltr'><strong>sibi</strong></span> <span class='ocrx_word' id='word_1_920' title='bbox 2279 5482 2483 5537; x_wconf 85' lang='lat' dir='ltr'><strong>equum.</strong></span> <span class='ocrx_word' id='word_1_921' title='bbox 2532 5465 2822 5521; x_wconf 86' lang='lat' dir='ltr'><strong>Contendit</strong></span> <span class='ocrx_word' id='word_1_922' title='bbox 2883 5468 3019 5520; x_wconf 88' lang='lat' dir='ltr'><strong>verti</strong></span> <span class='ocrx_word' id='word_1_923' title='bbox 3072 5470 3397 5537; x_wconf 87' lang='lat' dir='ltr'><strong>oportuisse,</strong></span> 
     </span>
    </p>
   </div>
   <div class='ocr_carea' id='block_1_125' title="bbox 1840 5535 3400 5608">
    <p class='ocr_par' dir='ltr' id='par_1_125' title="bbox 1840 5535 3400 5608">
     <span class='ocr_line' id='line_1_125' title="bbox 1840 5535 3400 5608; baseline 0.003 -21"><span class='ocrx_word' id='word_1_924' title='bbox 1840 5535 1964 5589; x_wconf 87' lang='lat' dir='ltr'><strong>Non</strong></span> <span class='ocrx_word' id='word_1_925' title='bbox 1991 5537 2362 5604; x_wconf 82' lang='lat' dir='ltr'><strong>multiplicabit</strong></span> <span class='ocrx_word' id='word_1_926' title='bbox 2393 5536 2492 5608; x_wconf 79' lang='lat' dir='ltr'><strong>sibi</strong></span> <span class='ocrx_word' id='word_1_927' title='bbox 2528 5540 2742 5604; x_wconf 87' lang='lat' dir='ltr'><strong>equites,</strong></span> <span class='ocrx_word' id='word_1_928' title='bbox 2792 5552 2886 5591; x_wconf 90' lang='lat' dir='ltr'><strong>seu</strong></span> <span class='ocrx_word' id='word_1_929' title='bbox 2948 5535 3400 5608; x_wconf 83' lang='lat' dir='ltr'><strong>equitatum.__Sed</strong></span> 
     </span>
    </p>
   </div>
   <div class='ocr_carea' id='block_1_126' title="bbox 1837 5605 3398 5675">
    <p class='ocr_par' dir='ltr' id='par_1_126' title="bbox 1837 5605 3398 5675">
     <span class='ocr_line' id='line_1_126' title="bbox 1837 5605 3398 5675; baseline 0 -15"><span class='ocrx_word' id='word_1_930' title='bbox 1837 5609 2206 5675; x_wconf 89' lang='lat' dir='ltr'><strong>conqueritur,</strong></span> <span class='ocrx_word' id='word_1_931' title='bbox 2229 5616 2286 5658; x_wconf 90' lang='lat' dir='ltr'><strong>ut</strong></span> <span class='ocrx_word' id='word_1_932' title='bbox 2318 5607 2443 5658; x_wconf 90' lang='lat' dir='ltr'><strong>ntihi</strong></span> <span class='ocrx_word' id='word_1_933' title='bbox 2477 5610 2690 5674; x_wconf 91' lang='lat' dir='ltr'><strong>quidem</strong></span> <span class='ocrx_word' id='word_1_934' title='bbox 2726 5608 2954 5671; x_wconf 84' lang='lat' dir='ltr'><strong>videtur,</strong></span> <span class='ocrx_word' id='word_1_935' title='bbox 2984 5605 3086 5661; x_wconf 83' lang='lat' dir='ltr'><strong>non</strong></span> <span class='ocrx_word' id='word_1_936' title='bbox 3106 5608 3246 5675; x_wconf 92' lang='lat' dir='ltr'><strong>jure.</strong></span> <span class='ocrx_word' id='word_1_937' title='bbox 3265 5605 3398 5660; x_wconf 85' lang='lat' dir='ltr'><strong>Nam</strong></span> 
     </span>
    </p>
   </div>
   <div class='ocr_carea' id='block_1_127' title="bbox 1836 5677 3395 5747">
    <p class='ocr_par' dir='ltr' id='par_1_127' title="bbox 1836 5677 3395 5747">
     <span class='ocr_line' id='line_1_127' title="bbox 1836 5677 3395 5747; baseline 0.003 -18"><span class='ocrx_word' id='word_1_938' title='bbox 1836 5677 1937 5730; x_wconf 89' lang='lat' dir='ltr'><strong>hoc</strong></span> <span class='ocrx_word' id='word_1_939' title='bbox 1963 5681 2077 5732; x_wconf 91' lang='lat' dir='ltr'><strong>loco</strong></span> <span class='ocrx_word' id='word_1_940' title='bbox 2105 5692 2300 5744; x_wconf 88' lang='lat' dir='ltr'><strong>equum</strong></span> <span class='ocrx_word' id='word_1_941' title='bbox 2337 5690 2431 5743; x_wconf 89' lang='lat' dir='ltr'><strong>pro</strong></span> <span class='ocrx_word' id='word_1_942' title='bbox 2448 5678 2684 5744; x_wconf 82' lang='lat' dir='ltr'><strong>equitatu</strong></span> <span class='ocrx_word' id='word_1_943' title='bbox 2707 5677 2846 5747; x_wconf 84' lang='lat' dir='ltr'><strong>sumi</strong></span> <span class='ocrx_word' id='word_1_944' title='bbox 2877 5680 2958 5732; x_wconf 88' lang='lat' dir='ltr'><strong>vel</strong></span> <span class='ocrx_word' id='word_1_945' title='bbox 2985 5693 3125 5732; x_wconf 65' lang='lat' dir='ltr'><strong>caeco</strong></span> <span class='ocrx_word' id='word_1_946' title='bbox 3150 5685 3395 5747; x_wconf 83' lang='lat' dir='ltr'><strong>apparet.</strong></span> 
     </span>
    </p>
   </div>
   <div class='ocr_carea' id='block_1_128' title="bbox 1841 5745 3400 5820">
    <p class='ocr_par' dir='ltr' id='par_1_128' title="bbox 1841 5745 3400 5820">
     <span class='ocr_line' id='line_1_128' title="bbox 1841 5745 3400 5820; baseline 0.002 -20"><span class='ocrx_word' id='word_1_947' title='bbox 1841 5747 2035 5820; x_wconf 83' lang='lat' dir='ltr'><strong>Vellem</strong></span> <span class='ocrx_word' id='word_1_948' title='bbox 2058 5748 2221 5820; x_wconf 80' lang='lat' dir='ltr'><strong>prius</strong></span> <span class='ocrx_word' id='word_1_949' title='bbox 2271 5747 2486 5814; x_wconf 80' lang='lat' dir='ltr'><strong>legisset</strong></span> <span class='ocrx_word' id='word_1_950' title='bbox 2515 5757 2667 5804; x_wconf 90' lang='lat' dir='ltr'><strong>notas</strong></span> <span class='ocrx_word' id='word_1_951' title='bbox 2693 5745 2910 5815; x_wconf 84' lang='lat' dir='ltr'><strong>Nobilii,</strong></span> <span class='ocrx_word' id='word_1_952' title='bbox 2943 5765 3105 5820; x_wconf 88' lang='lat' dir='ltr'><strong>quam</strong></span> <span class='ocrx_word' id='word_1_953' title='bbox 3149 5745 3272 5803; x_wconf 85' lang='lat' dir='ltr'><strong>cuin</strong></span> <span class='ocrx_word' id='word_1_954' title='bbox 3310 5763 3400 5803; x_wconf 85' lang='lat' dir='ltr'><strong>re-</strong></span> 
     </span>
    </p>
   </div>
   <div class='ocr_carea' id='block_1_129' title="bbox 1834 5818 2227 5887">
    <p class='ocr_par' dir='ltr' id='par_1_129' title="bbox 1834 5818 2227 5887">
     <span class='ocr_line' id='line_1_129' title="bbox 1834 5818 2227 5887; baseline -0.01 -13"><span class='ocrx_word' id='word_1_955' title='bbox 1834 5818 2227 5887; x_wconf 88' lang='lat' dir='ltr'><strong>preltendisset.</strong></span> 
     </span>
    </p>
   </div>
  </div>
