4068 6318
674 355 778 412 547

1988 367 2043 421 8.
2087 362 2325 421 BASILII
2357 368 2571 427 MAGNI

3813 387 3917 439 548

673 488 773 527 nos
800 474 868 527 ad
921 473 1202 527 Dominum
1262 479 1692 544 respexerimus,
1737 480 2048 555 fuerintque
2090 487 2213 540 ocul

2331 494 2552 559 μένους
2572 493 2776 548 αὐτόν.
2827 494 2993 545 Ὅταν
3025 497 3178 565 ἡμεῖς
3204 496 3293 549 ἐπὶ
3324 498 3413 550 τὸν
3446 502 3645 573 Κύριον
3671 505 3917 558 ἀποειέε

672 564 842 617 nostri
880 562 931 614 in
966 564 1133 631 ipsum
1182 564 1396 629 intenti,
1422 569 1557 622 adeo
1598 580 1654 623 ut
1691 570 1872 624 dicere
1913 576 2180 643 possimus
2218 594 2233 629 :

673 649 807 704 Ecce
859 653 993 704 sicut
1046 654 1184 706 oculi
1225 673 1492 709 servorum
1543 661 1612 712 ad
1666 677 1850 713 manus
1907 667 2235 721 dominorum

669 759 906 806 suorum,
943 747 1016 797 ita
1065 746 1201 799 oculi
1245 751 1409 800 nostri
1468 753 1537 802 ad
1576 751 1856 804 Dominum
1922 756 2083 809 Deum
2138 772 2231 807 no—

668 835 923 888 strum‘:
959 846 1082 891 tunc
1122 839 1284 893 veluti
1338 840 1404 894 ad
1459 857 1557 896 nos
1607 844 1965 909 inspiciendos
2017 845 2231 900 oculum

671 909 881 978 Domini
943 929 1287 983 attrahimus.
1344 929 1623 999 Sperantes
1695 934 1747 985 in
1822 936 2232 990 misericordium

669 1020 852 1090 ipsius.
910 1019 1275 1074 Humilitatem
1320 1039 1507 1079 eorum
1555 1025 1645 1094 qui
1702 1026 1927 1083 Domino
1969 1030 2228 1094 serviunt,

666 1112 950 1165 ostendit:
986 1114 1256 1182 quomodo
1304 1116 1356 1170 in
1409 1116 1526 1185 ejus
1578 1119 1946 1175 misericordia
1995 1129 2227 1188 sperent.

666 1202 765 1269 Qui
794 1206 937 1257 enim
980 1208 1090 1259 suis
1115 1209 1373 1276 praeclare
1406 1212 1572 1279 gestis
1599 1228 1702 1265 non
1745 1214 1967 1267 confidit
1989 1256 2001 1277 ,
2036 1230 2133 1267 nec
2162 1230 2227 1268 ex

665 1294 913 1359 uperibus
948 1309 1005 1348 se
1034 1296 1386 1365 justilicatum
1427 1301 1489 1354 iri
1546 1314 1827 1371 exspectat
1857 1346 1870 1366 ,
1923 1308 1967 1358 is
2020 1306 2228 1359 unicam

664 1384 852 1439 salutis
876 1401 1024 1455 spem
1060 1389 1113 1442 in
1147 1391 1234 1443 Dei
1270 1392 1633 1447 misericordia
1662 1397 1892 1463 reponit.
1922 1400 2052 1449 Cum
2083 1399 2227 1450 enim

665 1477 976 1542 Cogitaverit
1008 1480 1130 1532 illud
1168 1497 1183 1535 :
1210 1481 1342 1535 Ecce
1367 1484 1617 1538 Dominus
1646 1496 1692 1537 et
1724 1502 1913 1539 merces
1957 1486 2068 1556 ejus
2094 1489 2136 1551 ⁵,
2170 1500 2227 1542 ut

667 1570 856 1624 reddat
900 1572 1184 1639 unicuique
1223 1574 1372 1644 juxta
1412 1592 1544 1644 opus
1603 1593 1778 1642 suum,
1825 1591 1879 1634 et
1918 1597 2081 1647 prava
2126 1597 2222 1638 sua

664 1676 829 1729 Opera
892 1678 1073 1717 secum
1136 1668 1503 1735 reputaverit,
1562 1669 1713 1724 timet
1772 1673 2120 1740 supplicium,
2173 1684 2226 1729 et

663 1757 838 1809 minas
905 1756 1179 1812 formidat.
1237 1758 1431 1813 Verqu
1471 1769 1528 1815 ut
1592 1779 1656 1816 ne
1716 1764 2067 1818 absorbeatur
2117 1783 2224 1834 prae

2338 597 2546 651 πωμεν,
2578 581 2671 633 καὶ
2700 576 2829 635 ὦσιν
2858 583 3014 654 ἡμῶν
3035 586 3084 635 oi
3109 586 3373 659 ὀφθαλμοὶ
3405 592 3535 659 πρὸς
3561 596 3753 658 αὑτὸν,
3782 594 3913 647 ὥστ’

2334 667 2399 722 ἂν
2428 674 2595 724 εἰπεῖν
2649 673 2829 741 ἡμᾶς’
2882 673 3032 728 Ἰδοὺ
3077 675 3156 739 ὠς
3203 680 3503 749 ὀφθαλμοὶ
3534 681 3784 739 δούλων
3826 688 3913 749 εὶς

2334 760 2533 829 χεῖρας
2568 762 2685 815 τῶν
2734 768 2953 832 κυρίων
3007 766 3222 831 αὐτῶν,
3265 773 3453 836 οὕτως
3500 777 3549 828 οἱ
3597 779 3908 849 ὀφθαλμοὶ

2333 852 2501 919 ἡμῶν
2536 854 2684 921 πρὸς
2728 858 2949 923 Κύριον
2992 858 3098 910 τὸν
3138 860 3285 914 Θεὸν
3326 866 3523 934 ἡμῶν-ο
3569 868 3687 921 τότε
3740 875 3911 926 οἱονεὶ

2332 942 2668 1014 ὲφελκόμεθα
2696 949 2827 1013 πρὸς
2860 950 2956 1020 τὴν
2988 952 3287 1022 ἐπισκοπὴν
3322 957 3475 1023 ἡμῶν
3503 964 3587 1013 τὸν
3621 960 3907 1030 ὀφθαλμὸν

2330 1034 2423 1086 τοῦ
2447 1037 2669 1107 Κυρίου.
2711 1038 2853 1102 Τοὺς
2871 1040 3219 1109 ἐλπίζοντας
3259 1044 3369 1113 (41)
3402 1049 3497 1102 ἐπὶ
3518 1053 3579 1105 τὸ
3597 1056 3779 1117 ἔλεος
3798 1057 3908 1108 αὐ-

2331 1123 2451 1177 τοῦ.
2489 1125 2560 1176 Τὸ
2586 1126 2836 1178 ταπεινὸν
2864 1129 2972 1183 τῶν
3003 1129 3356 1185 δουλευόντων
3384 1137 3461 1187 τῶ
3484 1142 3666 1213 Κυρίῳ
3689 1143 3905 1212 ἐμφαῖ-

2330 1232 2430 1283 νει,
2465 1216 2579 1278 πῶς
2624 1218 2713 1269 ἐπ).
2753 1218 2812 1271 τὸ
2839 1218 2982 1285 ἔλεος
3032 1222 3194 1275 αὐτοῦ
3230 1224 3549 1288 ἐλπίζουσιν.
3588 1235 3647 1285 'U
3676 1236 3794 1306 γὰρ
3829 1236 3905 1303 μὴ

2330 1306 2599 1370 πεποιθὼς
2651 1311 2741 1361 ἐπὶ
2800 1314 2911 1373 τοῖς
2970 1313 3159 1367 ἑαυτοῦ
3215 1316 3694 1389 ἀνδραγαθήμασι,
3761 1326 3905 1396 μηδὲ

2328 1401 2638 1491 προσδοκῷν
2668 1402 2725 1469 ἐξ
2757 1403 2932 1475 ἔργων
2962 1408 3434 1480 δικαιωθήσεσθαι,
3465 1414 3627 1484 μόνην
3654 1417 3773 1487 ἔχει
3801 1421 3903 1491 τὴν

2327 1489 2514 1542 ἐλπίδα
2546 1490 2645 1559 τῆς
2681 1496 2952 1565 σωτηρίας
2983 1499 3107 1561 τοὺς
3144 1501 3456 1572 οἰκτιρμοὺς
3477 1504 3581 1571 (42)
3604 1506 3698 1558 τοῦ

2330 1581 2491 1633 Ὅταν
2521 1582 2627 1651 γὰρ
2660 1584 2935 1659 ἐνθυμηθῇ
2966 1588 3046 1653 τὸ,
3082 1590 3231 1644 Ἰδοὺ
3260 1595 3471 1661 Κύριος
3498 1597 3591 1648 καὶ
3621 1600 3653 1650 ό
3674 1602 3906 1667 μισθὸς

2324 1672 2526 1734 αὑτοῦ,
2565 1675 2852 1730 ἀποδοῦναι
2906 1682 3117 1753 ἑκάστῳ
3156 1683 3229 1746 ὡς
3269 1686 3330 1737 τὸ
3370 1687 3527 1757 ἔργον
3564 1690 3754 1753 αὐτοῦ,
3807 1696 3906 1746 καὶ

2324 1764 2600 1834 λογίσηται
2631 1767 2818 1820 ἑαυτοῦ
2850 1770 2918 1821 τὰ
2951 1776 3163 1845 πονηρὰ
3190 1776 3344 1847 ἔργα,
3392 1781 3630 1846 φοϐεῖται
3665 1783 3767 1851 μὲν
3797 1787 3903 1855 τὴν

665 1850 904 1915 tristitia,
929 1852 1063 1905 bona
1095 1867 1187 1919 spe
1216 1856 1474 1920 praeditus
1515 1868 1626 1920 est,
1655 1858 1778 1911 dum
1818 1860 1882 1911 ad
1922 1861 2213 1916 miseratio-

2325 1856 2542 1911 κόλασιν
2593 1861 2686 1911 καὶ
2741 1861 3076 1933 ὑποπτήσσει
3122 1872 3232 1931 τοῖς
3269 1871 3708 1943 ἀπειλουμένοις·
3757 1878 3904 1946 πρὸς

664 1958 759 1997 nes
786 1952 840 1997 et
874 1944 1257 2012 benignitatem
1302 1946 1393 1999 Dei
1442 1949 1676 2015 respicit.
1708 1947 1873 2004 Vens.
1911 1952 1995 2006 l9.
2034 1950 2213 2021 Speral

2322 1949 2379 1999 δὲ
2409 1950 2468 2001 τὸ
2505 1952 2579 2022 μὴ
2614 1954 2985 2026 καταποθῆναι
3030 1960 3131 2011 ὑπὸ
3172 1961 3271 2031 τῆς
3301 1962 3492 2035 λύπης,
3520 1967 3736 2032 εῦελπίς
3780 1944 3902 2022 ἐστι

662 2035 805 2087 enim
837 2036 1069 2089 animam
1091 2052 1242 2090 suam
1269 2054 1297 2090 a
1329 2050 1500 2094 morte
1532 2040 1859 2095 liberandam
1894 2061 2031 2112 esse,
2068 2058 2213 2115 atque

2324 2043 2456 2112 πρὸς
2488 2047 2733 2117 τοὺς(45)
2758 2050 3072 2119 οἰκτιρμοὺς
3093 2055 3185 2105 τοῦ
3209 2055 3341 2108 Θεοῦ
3369 2060 3461 2111 κα).
3496 2062 3554 2113 τὸ
3580 2063 3902 2134 φιλάνθρω-

661 2120 729 2172 ab
759 2120 874 2189 ipso
904 2122 954 2174 in
986 2122 1125 2175 l'ame
1156 2127 1500 2190 pascendam.
1538 2123 1691 2179 Vens.
1722 2126 1810 2180 20.
1839 2129 2027 2182 Anima
2053 2144 2222 2184 autem

662 2225 844 2265 nostra
879 2216 1083 2282 patiens
1113 2216 1214 2267 erit
1249 2216 1490 2279 Domino,
1519 2218 1764 2285 quoniam
1793 2221 2005 2289 adjutor
2034 2232 2078 2273 et
2099 2238 2222 2288 pro-

662 2313 824 2354 tector
852 2312 1027 2356 noster
1053 2312 1148 2356 est.
1170 2304 1249 2357 Ad
1275 2306 1587 2373 patientiam
1621 2307 1864 2361 hortatur
1890 2310 1975 2361 hic
2005 2324 2217 2374 sermo;

662 2404 721 2446 ut
770 2394 815 2446 si
862 2395 1076 2463 quando
1120 2396 1186 2449 ab
1231 2410 1335 2450 uno
1381 2396 1558 2464 aliquo
1590 2396 1950 2452 divexantium
1986 2416 2083 2455 nos
2130 2416 2222 2470 op-

661 2485 977 2554 primamur,
1003 2496 1179 2539 tamen
1215 2502 1243 2539 a
1266 2488 1488 2541 caritate
1516 2489 1629 2554 Dei,
1651 2504 1771 2559 quae
1819 2493 1971 2546 estin
2008 2494 2221 2547 Christo

658 2573 845 2643 Iesu“,
880 2593 1214 2646 nequaquam
1250 2579 1585 2645 secedamus,
1626 2583 1718 2635 sed
1751 2584 2006 2637 auxilium
2050 2601 2077 2636 a
2111 2583 2219 2638 Deo

659 2679 1058 2739 exspectantes,
1092 2672 1270 2725 anima
1300 2681 1409 2726 tota
1437 2690 1523 2728 res
1566 2677 1819 2728 adversas
1866 2678 2215 2743 perferamus.

663 2762 827 2818 Vens.
862 2763 953 2817 21.
993 2763 1260 2829 Quoniam
1304 2767 1358 2817 in
1397 2768 1507 2835 ipso
1539 2766 1803 2820 (relabitur
1829 2783 1919 2818 cor
1964 2778 2215 2830 nostrum,

659 2866 709 2909 et
738 2858 792 2908 in
814 2857 1021 2909 nomine
1060 2870 1237 2909 sancto
1271 2858 1383 2923 eius
1416 2860 1749 2921 speravimus.
1784 2857 1891 2911 Hoc
1923 2872 2216 2912 consonum

660 2955 887 2999 esteum
929 2948 1009 2999 his
1038 2961 1157 3014 quae
1202 2947 1254 2999 in
1304 2948 1566 3015 principio
1610 2948 1802 3015 psalmi
1854 2950 1992 3003 dicta
2042 2961 2214 3004 sunt;

662 3036 961 3100 Exsultate,
991 3035 1158 3103 justi,
1187 3037 1240 3089 in
1279 3036 1515 3089 Domino.
1550 3037 1651 3101 Et,
1692 3037 1757 3092 In
1800 3041 1907 3106 ipso
1956 3040 2218 3095 laetabitur

661 3144 753 3183 cor
783 3140 1041 3185 nostrum.
1078 3130 1141 3182 Et
1169 3129 1296 3183 mihi
1330 3130 1544 3183 videtur
1573 3132 1858 3201 Apostolus
1892 3136 2217 3189 convenien—

664 3233 745 3274 ter
796 3223 879 3275 bis
924 3223 1123 3275 dixisse
1159 3221 1329 3275 illud:
1380 3222 1445 3276 In
1493 3224 1573 3277 his
1623 3224 1859 3279 omnibus
1913 3243 2216 3290 superamus

660 3320 868 3376 propter
900 3327 1015 3362 eum
1056 3314 1145 3380 qui
1196 3313 1379 3365 dilexit
1409 3330 1499 3366 nos
1527 3315 1581 3379 ⁷;
1624 3314 1778 3385 142
1809 3326 1859 3369 et
1888 3317 2016 3368 illud
2055 3338 2065 3369 :
2096 3317 2218 3370 Non

660 3405 828 3457 solum
863 3414 1072 3469 autent,
1106 3406 1195 3457 sed
1224 3414 1273 3458 et
1319 3406 1598 3473 gloriantes
1635 3410 1688 3460 in
1726 3409 2145 3461 tribulationibus
2174 3408 2214 3462 ⁸.

662 3495 796 3548 Nam
833 3511 950 3549 cum
981 3494 1260 3550 Psalmista
1294 3498 1518 3551 dixisset
1550 3515 1563 3551 :
1602 3499 1787 3550 Anima
1824 3510 1999 3552 nostra
2021 3501 2218 3569 patiens

657 3599 734 3641 est
765 3588 1004 3650 Domino,
1039 3598 1096 3640 ut
1125 3590 1452 3642 demonstret
1482 3591 1622 3657 quod
1652 3606 1755 3643 non
1782 3600 2023 3654 coactus,
2051 3606 2220 3662 ueqoe

659 3683 726 3735 ab
753 3682 1014 3751 angustiis
1064 3690 1277 3749 pressus
1313 3685 1625 3751 patientiam
1662 3695 1918 3749 ostentet,
1975 3687 2067 3740 sed
2098 3702 2218 3740 cum

658 3775 803 3831 omni
830 3774 1021 3842 gaudio
1048 3788 1143 3842 pro
1172 3777 1385 3829 nomine
1408 3776 1617 3829 Domini
1643 3778 1903 3845 suscipiat
1926 3792 2215 3843 aerumnas,

659 3866 775 3921 Non
810 3865 978 3921 solum
999 3906 1015 3931 ,
1052 3865 1259 3933 inquit,
1287 3866 1549 3934 patientes
1598 3881 1815 3931 sumus,
1845 3869 1936 3921 sed
1963 3868 2122 3920 etiam
2150 3867 2214 3920 In

657 3960 773 4029 ipso
801 3957 1064 4011 laetabitur
1092 3973 1180 4009 cor
1214 3969 1447 4010 nostrum
1473 3997 1487 4023 ,
1515 3970 1559 4011 et
1585 3960 1638 4012 in
1665 3960 1868 4012 nomine
1894 3969 2073 4013 sancto
2100 3960 2213 4030 ejus

654 4049 994 4117 speravimus.
1023 4046 1167 4101 Satis
1198 4037 1348 4103 nobis
1368 4059 1450 4103 est
1473 4051 1539 4103 ad
1562 4065 1749 4105 omnes
1776 4053 2207 4106 adversariorum

654 4140 932 4193 evitandos
977 4141 1224 4201 iusultus,
1258 4140 1301 4192 si
1344 4141 1685 4195 nominemur
1726 4141 2037 4196 Christiani.
2072 4141 2209 4196 Satt-

656 4241 803 4284 etum
846 4240 1024 4283 autem
1061 4244 1178 4284 esse
1218 4231 1309 4285 Dei
1332 4248 1520 4286 nomen
1554 4235 1770 4299 dicitur,
1802 4250 1905 4288 non
1932 4236 2114 4304 utique
2146 4252 2211 4289 ex

654 4340 721 4380 eo
765 4323 907 4393 quod
947 4323 999 4376 in
1045 4323 1262 4392 syllabis
1314 4324 1474 4377 ullam
1531 4328 1831 4379 sanctitatis
1874 4328 2211 4382 conferendae

656 4418 761 4472 vim
812 4416 1025 4480 habeat,
1057 4414 1151 4469 sed
1192 4416 1334 4485 quod
1359 4416 1533 4470 omnis
1557 4416 1648 4471 Dei
1683 4420 2002 4487 proprietas,
2044 4429 2097 4474 et
2130 4421 2211 4473 in-

2324 2152 2422 2188 πον
2452 2137 2789 2192 ἀποϐλέπων.
2838 2141 3071 2209 Ἐλπίζει
3103 2146 3178 2210 δὲ,
3206 2147 3284 2199 ὃτί
3312 2150 3639 2221 ρυσθήσεται
3669 2157 3700 2224 ἡ
3742 2156 3902 2224 ψυχὴ

2321 2226 2484 2279 αὑτοῦ
2520 2230 2582 2281 ὲκ
2616 2230 2865 2297 θανάτου,
2902 2238 2996 2288 κα).
3026 2236 3451 2309 διατραφήσεται
3498 2244 3587 2295 ὑπ’
3618 2244 3791 2296 αὐτοῦ
3840 2249 3900 2296 ὲν

2320 2318 2480 2389 λιμῷ.
2533 2322 2598 2375 Ἡ
2628 2322 2693 2375 δὲ
2721 2326 2889 2395 ψυχὴ
2920 2328 3088 2395 ἡμῶν
3125 2331 3406 2398 ὑπομενεῖ
3422 2333 3530 2403 (44)
3559 2334 3636 2398 τῷ
3669 2338 3895 2402 Κυρίῳ,

2320 2411 2407 2464 ὅτι
2435 2414 2661 2483 βοηθὸς
2698 2419 2796 2471 καὶ
2825 2422 3280 2487 ὑπερασπιστὴς
3321 2426 3487 2491 ἡμῶν
3515 2428 3666 2479 ἐστι.
3698 2428 3898 2498 Παρά-

2320 2504 2507 2575 κλησιν
2544 2506 2653 2577 ἔχει
2702 2512 2832 2577 πρὸς
2877 2512 3149 2581 ὑπομονὴν
3174 2514 3200 2564 ὁ
3227 2511 3413 2579 λόγος’
3451 2516 3588 2568 ὥστε
3619 2518 3722 2569 κᾶν
3754 2537 3896 2574 ποτε

2319 2599 2750 2669 καταληφθῶμεν
2779 2601 2882 2653 ὑπὸ
2915 2619 3057 2664 τινος
3085 2603 3189 2655 τῶν
3224 2604 3579 2659 ἐκθλιόόντων
3606 2611 3781 2678 ἡμᾶς,
3817 2616 3893 2683 μὴ

2319 2692 2645 2760 χωρισθῆναι
2677 2694 2785 2745 ἀπὸ
2810 2694 2907 2763 τῆς
2934 2695 3149 2764 ἀγάπης
3180 2697 3272 2748 τοῦ
3302 2697 3434 2749 Θεοῦ
3456 2700 3553 2769 τῆς
3584 2703 3640 2753 ἐν
3664 2704 3897 2775 Χριστῷ

2331 2782 2523 2850 Ἰησοῦ,
2560 2782 2671 2835 ἀλλ’
2708 2783 2800 2854 ὅλῃ
2850 2785 2992 2856 ψυχῇ
3047 2787 3334 2854 ὑπομένειν
3374 2788 3443 2841 τὰ
3493 2791 3741 2854 ἐπίπονα,
3790 2796 3893 2865 τὴν

2317 2875 2465 2945 παρά
2519 2875 2651 2932 Θεοῦ
2702 2877 2949 2949 βοήθειαν
2999 2881 3382 2950 ἀναμένοντας.
3436 2885 3562 2938 Ὅτι
3604 2888 3676 2939 ἐν
3723 2887 3893 2952 αὐτῲ

2315 2967 2788 3034 εὐφρανθήσεται
2818 2972 2853 3037 ὴ
2875 2971 3082 3039 καρδία
3112 2974 3297 3040 ἡμῶν,
3322 2976 3417 3028 καὶ
3446 2978 3512 3028 ἐν
3534 2976 3611 3039 τῷ
3640 2980 3891 3045 ὀνόματι

2315 3056 2393 3122 τῷ
2426 3060 2568 3129 ἁγίῳ
2608 3063 2793 3115 αὐτοῦ
2828 3063 3189 3132 ἠλπίσαμεν.
3229 3066 3397 3118 Τοῦτο
3426 3068 3637 3135 συνᾴδει
3669 3073 3779 3132 τοῖς
3830 3073 3890 3122 ὲν

2317 3154 2381 3221 τῇ
2428 3154 2565 3222 ἀρχῇ
2613 3153 2707 3205 τοῦ
2762 3154 3003 3223 ψαλμοῖν
3077 3155 3485 3223 Ἀγαὶλιᾶσθε,
3521 3158 3755 3222 δίκαιοι,
3816 3162 3889 3213 ἐν

2322 3243 2534 3307 Κυρίῳ·
2567 3246 2680 3306 καὶ,
2735 3244 2835 3296 Ἐν
2877 3245 3035 3309 αὐτῷ
3078 3247 3547 3313 εὐφρανθήσεται
3583 3252 3617 3317 ἡ
3663 3252 3887 3318 καρόιά

2314 3333 2498 3403 ἡμῶν.
2532 3337 2639 3389 Καί
2678 3355 2767 3407 μοι
2796 3338 2942 3390 δοκεῖ
2967 3339 3107 3392 κατά
3142 3341 3312 3393 ταῦτα
3338 3343 3614 3413 εἰρηκέναι
3641 3347 3669 3397 ὁ
3718 3346 3879 3398 Ἀπό-

2316 3430 2496 3492 στολος
2534 3430 2593 3482 τὸ
2630 3430 2761 3501 (45),
2805 3432 2904 3485 Ἐν
2953 3434 3185 3500 τούτοις
3228 3434 3415 3488 πᾶσιν
3470 3435 3884 3505 ὑπερνικῶμεν

2314 3518 2409 3573 διὰ
2428 3520 2532 3573 τοῦ
2561 3521 2985 3590 ἀγαπήσαντος
3010 3522 3164 3593 ἡμᾶς
3182 3541 3194 3553 ·
3228 3528 3322 3578 καὶ
3351 3527 3430 3588 τὸ,
3464 3528 3543 3577 Οὐ
3571 3528 3760 3593 μόνον
3789 3529 3877 3592 δὲ,

2314 3611 2471 3665 ἀλλὰ
2514 3614 2609 3664 καὶ
2649 3614 3013 3683 καυχώμενοι
3054 3617 3123 3667 ἐν
3169 3616 3296 3681 ταῖς
3340 3618 3643 3683 θλίψεσιν.
3695 3620 3882 3671 Εἰπὼν

2314 3701 2420 3771 γὰρ
2446 3704 2473 3753 ὁ
2497 3703 2816 3774 Ψαλμῳδδς,
2854 3708 2932 3758 ὅτι
2974 3706 3034 3760 Ἡ
3064 3705 3230 3774 ψυχὴ
3267 3705 3434 3775 ἡμῶν
3478 3710 3766 3777 ὑπομενεῖ
3797 3710 3881 3776 τῷ

2310 3792 2524 3869 Κυρίῳ,
2555 3793 2637 3843 ἵνα
2665 3794 2831 3862 δείξῃ,
2858 3795 2936 3846 ὅτι
2965 3796 3084 3864 οὐχὶ
3110 3794 3298 3863 βιαίως
3324 3797 3440 3848 οὐδὲ
3474 3800 3878 3869 καταπιεζόμε-

2309 3896 2394 3943 νος
2425 3882 2526 3933 ὑπὸ
2548 3882 2655 3934 τῶν
2684 3884 2909 3952 θλίψεων
2937 3886 3035 3956 τὴν
3068 3887 3339 3956 ὑπομονὴν
3361 3888 3875 3957 ὲπιδείκνυταιβϐ),

2308 3972 2441 4024 ἀλλά
2494 3974 2629 4043 μετά
2661 3976 2838 4046 πάσης
2883 3979 3058 4047 χαρᾶς
3111 3979 3423 4049 ὑποδέχεται
3460 3981 3554 4043 τὰς
3608 3984 3745 4055 ὑπὲρ
3776 3984 3876 4037 τοῦ

2304 4064 2559 4135 ὀνόματος
2602 4067 2694 4119 τοῦ
2749 4069 2951 4140 Κυρίου
3002 4069 3290 4133 κακώσεις,
3337 4072 3410 4123 Οὐ
3448 4071 3627 4139 μόνον,
3677 4074 3865 4142 φησιν,

2307 4155 2665 4226 ὑπομένομεν,
2694 4158 2825 4210 ἀλλά
2861 4160 2953 4211 καὶ
2994 4159 3095 4212 Ἐν
3120 4157 3278 4223 αὐτῷ
3320 4158 3789 4227 εὐφρανθήσεται
3832 4160 3874 4226 ἠ

2306 4247 2517 4314 καρδία
2552 4248 2737 4318 ἡμῶν,
2768 4251 2863 4303 καὶ
2899 4251 2969 4303 ἐν
3000 4248 3077 4314 τῷ
3108 4251 3347 4319 ὀνόματι
3390 4249 3468 4314 τῷ
3505 4252 3651 4317 ἁγίῳ
3686 4251 3871 4305 αὐτοῦ

2305 4338 2667 4407 ἠλπίσαμεν.
2715 4342 2895 4410 Ἀρκεῖ
2929 4344 3057 4410 ἡμῖν
3100 4341 3161 4393 τὸ
3212 4341 3568 4411 ὀνομάζεσθαι
3611 4342 3871 4412 Χριστια-

2306 4426 2428 4487 νοὺς
2462 4426 2595 4494 πρὸς
2635 4428 2694 4479 τὸ
2728 4430 2906 4481 πᾶσαν
2941 4431 3195 4498 ἐκφυγεῖν
3224 4430 3321 4500 τὴν
3347 4432 3453 4483 ἀπὸ
3479 4432 3587 4484 τῶν
3615 4432 3869 4484 ἐναντίων

724 4585 747 4616 ⁸
788 4585 926 4640 Psal.
957 4601 1139 4651 cun,
1180 4586 1235 4640 Ξ.
1310 4585 1330 4615 ⁸
1370 4584 1469 4638 lsa.
1506 4600 1593 4648 ιι,
1635 4584 1717 4638 10.
1795 4585 1815 4615 ⁸
1849 4585 2004 4638 Rom.
2037 4588 2213 4649 vnn:

2364 4589 2383 4617 ⁷
2427 4588 2554 4642 ibid.
2590 4588 2677 4641 57.
2754 4590 2775 4622 ⁸
2806 4587 2963 4641 Rom.
2998 4603 3049 4652 ν,
3078 4587 3132 4642 5.

725 4752 832 4824 (41)
869 4753 1013 4818 Τοὺς
1040 4751 1401 4817 ἐλπίζοντας,
1437 4760 1731 4824 sperantes._
1755 4751 1999 4819 Vulgata,
2047 4752 2111 4805 Et
2148 4756 2199 4807 in

2316 4772 2419 4807 mm
2438 4770 2519 4808 eo.
2542 4752 2694 4809 Unde
2713 4753 2843 4807 satis
2864 4752 3017 4807 nobis
3046 4752 3320 4821 probabile
3337 4752 3545 4824 videtur
3585 4750 3715 4805 illud
3747 4750 3863 4822 μετ’

651 4822 841 4891 σειραὶ
871 4834 1072 4889 sperant
1103 4839 1255 4884 super
1279 4823 1637 4891 misericordia
1683 4822 1819 4891 ejus,
1873 4824 2025 4891 quasi
2060 4827 2199 4887 lege-

656 4898 726 4948 rit
770 4890 1040 4960 interpres
1102 4894 1193 4944 καὶ
1242 4892 1365 4953 τοὺς
1412 4890 1740 4955 ἐλπίζοντας.
1800 4890 1901 4945 Sed
1958 4895 2197 4947 voculam

655 4965 747 5017 καί
788 4979 887 5015 non
924 4961 1225 5033 praeierunt
1247 4977 1415 5029 neque
1448 4963 1595 5025 editi,
1618 4977 1803 5033 neque
1836 4978 1987 5024 mss.,
2022 4980 2198 5033 neque

653 5032 812 5095 LXX,
843 5046 1011 5101 neque
1028 5032 1230 5099 antiqui
1262 5033 1578 5097 interpretes
1600 5031 1793 5085 Graeci.

724 5104 834 5171 (42)
878 5103 1047 5156 Editio
1077 5102 1246 5155 Paris.
1284 5112 1335 5155 et
1360 5101 1509 5154 Colb.
1550 5101 1808 5167 septimus
1837 5101 1927 5153 ἐπὶ
1964 5102 2089 5165 τοὺς
2118 5106 2199 5156 oi-

650 5173 931 5243 κτιρμούς.
959 5174 1058 5225 Alii
1091 5174 1193 5225 duo
1221 5187 1347 5243 mss.
1368 5173 1445 5233 εἰς
1462 5171 1585 5233 τοὺς
1601 5172 1930 5243 οἰκτιρμούς.
1956 5174 2055 5225 Sed
2085 5185 2194 5227 tum

652 5240 790 5308 hinc,
825 5254 931 5294 tum
987 5244 1072 5295 illa
1122 5240 1417 5309 propositio
1481 5244 1628 5295 deest
1685 5240 1751 5293 in
1782 5240 1963 5307 Regiis
2014 5248 2194 5309 tertio,

649 5324 839 5378 quarto
865 5322 917 5365 et
941 5312 1149 5381 quinto,
1176 5322 1228 5363 et
1258 5312 1309 5363 in
1351 5310 1513 5381 Coisl.
1549 5320 1603 5365 et
1644 5311 1694 5362 in
1738 5314 1971 5365 editione
2027 5312 2190 5365 Basil.

649 5382 847 5436 Neutra
867 5380 1025 5435 etiam
1060 5382 1322 5447 reperitur
1357 5382 1407 5432 in
1438 5380 1568 5450 Reg.
1606 5391 1758 5433 sexto
1789 5382 1958 5446 prima
2002 5398 2189 5448 titanu;

648 5468 952 5520 quanquam
991 5451 1239 5520 secundis
1262 5451 1402 5502 curis
1438 5450 1619 5502 vocula
1652 5451 1729 5512 εἰς
1754 5452 1929 5503 addita
1956 5464 2056 5505 est.
2091 5453 2190 5506 Po-

645 5519 752 5576 test
778 5523 987 5590 quidem
1020 5523 1117 5573 hoc
1145 5519 1260 5573 loco
1288 5520 1405 5573 addi
1438 5522 1740 5588 praepositio
1772 5535 1784 5570 :
1813 5524 1904 5574 sed
1934 5524 2058 5587 quin
2085 5538 2194 5575 me-

647 5591 750 5644 lius
808 5594 968 5651 absit.
1010 5590 1160 5660 mihi,
1189 5591 1404 5643 dubium
1442 5606 1547 5641 non
1580 5599 1684 5646 est.
1737 5591 2023 5657 Aliquanto
2075 5603 2193 5660 post

647 5663 808 5715 editio
843 5660 1012 5715 Paris.
1048 5659 1232 5730 μισθὸς
1262 5662 1376 5729 μετ’
1396 5660 1577 5712 αὐτοῦ.
1610 5662 1677 5711 At
1698 5660 1878 5730 decem
1915 5678 2041 5715 mss.
2073 5659 2191 5715 eum

650 5732 878 5801 editione
917 5728 1073 5801 Basil.
1112 5728 1298 5801 μισθδς
1318 5729 1501 5784 αὑτοῦ.
1537 5730 1708 5801 Editio
1734 5728 1972 5783 Romana
2003 5731 2191 5801 μισθὸς

648 5800 809 5853 αὑτοῦ
841 5800 955 5870 μετ’
973 5800 1134 5853 αὑτοῦ
1159 5818 1171 5830 ⁸
1194 5803 1278 5857 cui
1298 5801 1560 5857 consentit
1587 5799 1830 5869 Vulgata,
1865 5799 2061 5856 Merc'es
2079 5802 2191 5872 ejus

2303 4825 2488 4885 αὑτοῦ,
2516 4842 2541 4875 a
2586 4826 2815 4877 librariis
2841 4826 3255 4890 praetermissum
3292 4824 3380 4875 hic
3408 4823 3595 4875 fuisse.

2369 4894 2651 4961 (45)(3011).
2683 4904 2902 4960 quartus
2928 4895 3007 4956 εἰς
3037 4893 3184 4955 τούς.

2371 4966 2483 5032 (44)
2511 4965 2646 5017 Editi
2671 4976 2723 5017 et
2754 4965 2987 5031 quinque
3023 4980 3147 5015 mss.
3182 4963 3464 5032 ὑπομενεῖ,
3496 4962 3699 5027 patiens
3743 4964 3860 5016 erit.

2297 5035 2405 5089 Nec
2437 5036 2591 5087 aliter
2626 5033 2751 5098 legit
2782 5034 3129 5102 Augustinus.
3172 5032 3325 5086 Colb.
3367 5042 3586 5102 quartus
3616 5042 3669 5085 et
3699 5033 3861 5086 €(iill0

2298 5105 2535 5159 Romana
2568 5104 2849 5173 ὑπομένει,
2873 5106 3071 5167 patiens
3097 5104 3425 5172 est.\lulgata
3451 5117 3681 5173 quoque,
3703 5104 3861 5153 susti-

2297 5185 2400 5228 net.
2437 5172 2834 5236 Aunotaudum,
2880 5175 2963 5226 ltic
3009 5174 3106 5241 legi
3143 5176 3355 5241 quidem
3384 5174 3437 5225 in
3494 5172 3625 5239 Ileg.
3666 5185 3860 5239 quarto

2296 5246 2479 5298 codice
2502 5244 2780 5313 ὑπομένει,
2814 5245 3018 5309 patiens
3050 5255 3154 5295 est:
3182 5246 3273 5296 sed
3313 5242 3471 5320 infra,
3503 5242 3587 5293 ubi
3617 5246 3716 5320 laoc
3744 5256 3859 5320 rer-

2297 5315 2418 5367 bum
2459 5318 2733 5380 repetitur,
2790 5319 3049 5380 scriptum
3080 5316 3383 5367 invenimus
3434 5315 3484 5366 iu
3525 5313 3715 5364 eodem
3771 5313 3855 5362 illo

2289 5400 2389 5436 ms.
2415 5383 2688 5452 ὑπομενεῖ,
2715 5385 2916 5450 patiens
2938 5384 3054 5435 erit.

2360 5452 2468 5522 (45)
2516 5449 2688 5507 Editio
2729 5454 2889 5506 Basil.
2925 5462 2977 5505 et
3013 5453 3249 5521 quinque
3284 5467 3415 5507 mss.
3466 5454 3556 5506 τὸν
3599 5449 3851 5522 Ἀποστο-

2288 5520 2397 5575 λον.
2466 5524 2637 5577 Editio
2690 5524 2857 5576 Paris.
2918 5534 2971 5576 et
3032 5520 3274 5577 nonnulli
3342 5540 3471 5577 mss.
3530 5526 3556 5576 ὁ
3598 5520 3851 5575 Ἀπόστο-

2288 5592 2396 5655 λος.
2424 5593 2530 5647 Nec
2564 5595 2636 5662 ita
2672 5595 2839 5647 multo
2866 5604 2984 5662 post
3002 5594 3153 5649 Colb.
3184 5599 3399 5662 quintus
3422 5610 3571 5662 teque
3590 5602 3850 5649 ac-testus

2289 5679 2443 5733 sacer
2468 5661 2816 5733 καυχώμεθα.

2365 5732 2474 5804 (46)
2498 5732 2935 5804 Βαζίίδερυιιαηε
2969 5734 3320 5788 ἐνδείκνυται.
3352 5734 3542 5786 Statim
3578 5749 3670 5788 sex
3721 5745 3847 5787 ωειι

2290 5805 2549 5876 ὀνόματος
2569 5803 2661 5857 τοῦ
2693 5803 2919 5876 Κυρίου.
2948 5807 3085 5861 Editi
3115 5808 3371 5874 ὀνόματος
3397 5803 3581 5858 αὐτοῦ.
