4098 6324
215 331 257 379 5
264 331 331 382 £9

1314 335 1591 388 HOMILIA
1632 335 1697 387 IN
1735 336 2060 389 PSALIIUM
2097 338 2335 391 XXXIII.

3353 347 3456 398 550

220 446 518 514 ἐπήρειαν.
553 449 740 518 Ἀγιον
793 447 850 502 δὲ
909 450 970 504 τὸ
1029 450 1198 519 ὄνομα
1257 444 1396 500 εἶναι
1427 450 1643 515 λέγεται
1706 452 1777 503 τοὶ

1908 452 2199 520 telligentia
2227 465 2410 502 eorum
2444 466 2561 519 quae
2589 452 2865 519 Epraecipue
2888 456 2939 507 in
2975 456 3090 522 ipso
3132 461 3465 520 contempla-

215 531 385 598 Θεοῦ,
447 538 506 590 οὐ
540 540 755 601 πάντως
803 537 891 593 διὰ
949 539 1009 592 τὸ
1047 539 1104 590 ὲν
1148 535 1436 599 συλλαδαϊς
1484 535 1626 606 ἔχειν
1684 556 1777 592 τινι

1903 533 2044 605 mur,
2079 549 2263 594 sancta
2298 548 2384 594 est
2414 552 2469 592 et
2511 556 2664 608 pura.
2697 539 2857 594 Vens.
2889 544 2980 596 2‘2.
3023 541 3172 606 Fiat,
3205 543 3425 597 Domine
3448 583 3466 610 ,

214 620 454 694 δύναμιν
499 626 841 700 ἁγιαστικὴν,
878 629 996 685 ἀλλ’
1051 631 1132 682 ὅτι
1181 629 1327 682 πᾶσα
1373 632 1406 697 ὴ
1467 628 1661 701 ἰδιότης
1712 648 1777 682 το·

1902 631 2266 686 misericordia
2303 639 2394 682 tua
2428 645 2581 699 super
2610 647 2701 684 nos
2722 670 2737 694 ,
2771 634 3205 698 quemadmodum
3237 634 3472 698 speravi-

215 713 385 779 Θεοῦ,
413 718 503 771 κα)¹
525 720 556 787 ἡ
582 716 758 772 ἔννοια
780 721 886 774 τῶν
913 719 1204 790 ἐξαιρέτως
1229 721 1356 791 περὶ
1382 716 1544 772 αὐτὸν
1569 717 1804 788 θεωρου-

1901 739 2014 777 mus
2037 726 2090 778 in
2121 736 2187 778 te.
2228 723 2388 778 Vides
2426 725 2696 792 quomodo
2736 725 2873 778 scite
2905 737 2969 777 ac
3013 727 3308 791 prudenter
3338 738 3468 777 ora-

223 803 406 873 μένων
438 805 565 871 ἁγία
596 808 711 860 ἐστὶ
741 811 835 865 καὶ
862 810 1019 879 ἁγνή.
1039 808 1302 874 Γένοιτο,
1324 811 1522 877 Κύριε,
1541 807 1607 861 τὸ
1633 809 1777 861 ἕλεά

1899 813 2074 867 verit?
2103 814 2382 883 Proprium
2411 811 2685 877 affectum,
2719 828 3028 868 mensuram
3070 814 3196 869 fecit
3227 814 3468 895 largitio-

219 909 347 947 σου
371 895 460 962 ἐφ’
486 895 659 964 ἡμᾶς,
692 901 952 967 καθάπερ
973 900 1317 970 ἠλπίσαμεν
1341 899 1440 954 ἐπὶ
1475 900 1595 953 σοί.
1636 899 1798 969 Ὁρᾷς

219 986 348 1048 ’πῶς
395 987 767 1062 ἐπιστημόνως
811 989 1188 1061 προσηύξατο;
1226 995 1337 1064 Τὴν
1379 991 1514 1046 ἰδίαν
1557 991 1795 1046 διάθεσιν

221 1078 425 1150 μέτρον
453 1082 672 1153 ἐποίησε
709 1083 807 1153 τῆς
843 1085 1198 1156 ἐπιχορηγίας
1225 1085 1333 1136 τῶν
1361 1084 1658 1155 οἰκτιρμῶν
1696 1082 1790 1136 τοῦ

217 1167 382 1225 Θεοῦ.
415 1172 696 1236 Τοσοῦτος,
729 1174 880 1243 φησί,
914 1175 1120 1244 γένοιτο
1146 1180 1173 1229 ὁ
1197 1175 1342 1237 ἔλεός
1373 1191 1467 1228 σου
1498 1178 1582 1246 ἐφ’
1625 1178 1792 1247 ἡμᾶς,

213 1263 356 1332 ὅσην
388 1264 688 1331 φθάσαντες
725 1269 880 1337 ἡμεῖς
909 1271 1000 1321 ἐπὶ
1029 1269 1111 1321 σοὶ
1146 1265 1244 1338 τὴν
1272 1267 1462 1322 ἐλπίδα
1494 1266 1790 1322 κατεὸαλό-

221 1357 388 1424 μεθα.
419 1358 570 1411 Πᾶσα
597 1358 652 1411 δὲ
685 1358 838 1430 ἡμῶν
865 1362 895 1430 ἡ
929 1360 1083 1421 ἐλπὶς
1116 1359 1438 1430 ἐπιπρέψαι
1458 1361 1568 1432 (47)
1595 1361 1676 1423 εἰς
1698 1358 1796 1430 τὴν

1901 904 1986 957 nis
2025 905 2428 959 miserationum
2477 904 2590 957 Dei.
2627 902 2796 958 Tanta
2823 944 2837 968 ,
2876 903 3093 973 inquit,
3124 903 3213 956 fiat
3250 905 3463 959 miseri-

1898 993 2078 1048 cordia
2114 1002 2202 1046 tua
2241 1007 2402 1062 super
2446 1007 2566 1058 nos,
2606 1001 2857 1058 quantam
2887 993 2938 1046 in
2971 1002 3024 1045 te
3064 1005 3214 1058 spem
3254 993 3464 1058 priores

1893 1085 2244 1154 conjecimus.
2280 1084 2492 1139 Reverti
2523 1093 2700 1138 autem
2739 1085 2790 1135 in
2841 1085 3106 1152 requiem,
3143 1090 3252 1140 tota
3278 1093 3457 1135 nostra

1893 1189 2015 1244 Spes
2034 1184 2135 1240 est,
2153 1184 2208 1229 ut
2235 1190 2464 1245 corpore
2480 1175 2802 1230 humilitatis
2828 1186 3024 1230 nostrae
3049 1174 3459 1240 transformata,

1894 1269 1997 1324 hoc
2046 1269 2187 1323 idem
2237 1283 2591 1338 agnoscamus
2626 1269 2836 1339 corpori
2876 1269 3056 1338 gloriae
3092 1269 3293 1323 Christi
3327 1283 3458 1323 con-

1894 1361 2064 1414 forme
2098 1358 2370 1416 elTectum.

215 1451 551 1516 ἀνάπαυσιν,
602 1455 708 1519 ἵνα,
766 1455 1363 1524 μετασχηματισθὲντος
1406 1455 1497 1509 τοῦ
1547 1456 1796 1527 σώματος
1831 1456 1930 1527 τῆς
1959 1454 2336 1521 ταπεινώσεως
2402 1454 2577 1527 ημῶν,
2617 1456 2895 1526 νοήσωμεν
2931 1455 3061 1509 αὐτὸ
3101 1456 3257 1509 τοῦτο
3305 1455 3464 1522 γενό-

218 1561 387 1614 μενον
422 1545 738 1617 σύμμορφον
765 1545 842 1616 τῷ
877 1544 1084 1617 σώματι
1110 1547 1208 1617 τῆς
1235 1547 1391 1618 δόξης
1417 1547 1549 1620 (48).

319 1775 455 1828 Tor
496 1777 724 1829 ΑΥΤΟΥ
759 1778 867 1830 ΕιΣ
914 1778 1050 1832 TON
1097 1781 1197 1832 AI"
1234 1779 1536 1834 ΨΑΛΜΟΝ
1562 1778 1698 1850 (49).

221 1865 315 1939 Τῷ
341 1867 532 1939 Δαϐὶδ,
578 1868 1095 1939 ἀπότεγὴλλοίωσε
1140 1872 1203 1939 τὸ
1246 1872 1565 1939 πρόσωπον
1601 1870 1787 1924 αὐτοῦ

287 1936 564 2059 ἕνα]ἶὲον
604 1938 919 2007 Ἀϐιμέλεχ,
959 1941 1056 1992 καὶ
1091 1936 1400 1994 ἀπέλυσεν
1440 1942 1646 2006 αὑτὸν,
1687 1942 1785 1996 καὶ

334 2022 415 2072 πη
496 2023 582 2062 εν.

293 2095 347 2149 Ι.
397 2096 515 2149 Ἐπὶ
546 2097 638 2150 δύο
671 2098 954 2160 ὑποθέσεις
981 2098 1128 2152 ἕλκει
1163 2101 1194 2170 ή
1226 2099 1403 2153 ἔννοια
1428 2099 1522 2153 τοῦ
1549 2099 1782 2170 ψαλμοῦ.

211 2187 302 2239 Τά
347 2203 404 2238 τε
451 2189 506 2239 ὲν
545 2189 608 2257 τῇ
644 2188 836 2259 Νομὸᾷ
866 2192 931 2260 τῇ
966 2190 1115 2242 πόλει
1147 2189 1255 2242 τῶν
1300 2191 1487 2262 ίερέων
1519 2190 1785 2260 γενόμενα

212 2277 372 2347 παρὰ
392 2276 484 2330 τοῦ
515 2278 677 2331 Δαὸὶδ
703 2278 847 2331 δοκεῖ
872 2281 1084 2344 οἰκείως
1113 2281 1255 2351 ἔχειν
1286 2285 1348 2354 τῇ
1387 2284 1687 2353 ἐπιγραφῇ,
1717 2281 1786 2335 τά

208 2385 273 2420 τε
309 2372 366 2423 ἐν
398 2375 460 2441 τῇ
492 2372 589 2424 Γὲθ
620 2372 768 2442 παρὰ
791 2371 868 2442 τῷ
896 2373 1126 2442 ῙΑγχοὺς
1152 2373 1228 2444 τῷ
1258 2374 1466 2445 βασιλεί
1496 2377 1604 2428 τῶν
1631 2375 1785 2428 ἁλλο-

209 2459 418 2526 φύλων.
461 2463 744 2516 Ἠλλοίωσε
791 2465 887 2532 μὲν
917 2465 1024 2534 γὰρ
1054 2465 1217 2518 αὑτοῦ
1252 2466 1310 2518 τὸ
1358 2465 1648 2535 πρόσωπον
1691 2465 1785 2516 καὶ

208 2550 305 2601 ὅτε
335 2548 410 2618 τῷ
461 2551 743 2622 Ἀὄιμέλεχ
785 2553 1050 2622 διελέγετο
1085 2554 1160 2624 τῷ
1212 2556 1364 2625 ἱερεῖ,
1399 2552 1652 2623 κρύπτων
1685 2552 1782 2622 μὲν

209 2639 315 2709 τὴν
372 2641 578 2711 φυγὴν,
639 2642 953 2706 σπουδάζειν
1001 2643 1111 2712 (50)
1166 2644 1222 2696 δὲ
1281 2645 1344 2715 δὴ
1404 2644 1782 2713 προστάγματι

211 2731 506 2802 ὑπουργεῖν
551 2732 813 2804 βασιλικῴ
861 2735 1338 2806 προσποιούμενος,
1374 2731 1469 2788 ’ὅτε
1514 2737 1608 2789 καὶ
1656 2738 1782 2799 τοὺς

209 2825 412 2896 ἄρτους
440 2828 535 2896 τῆς
578 2827 883 2898 προθέσεως
916 2828 1094 2893 ἔλαϐε,
1133 2831 1224 2883 καὶ
1252 2831 1350 2900 τὴν
1380 2830 1652 2901 ῥομφαίαν
1687 2829 1779 2882 τοῦ

210 2915 253 2966 Γ
254 2915 428 2969 ολιάο.
471 2917 753 2971 Ἠλλοίωσε
785 2920 840 2972 δὲ
867 2919 1030 2972 αὑτοῦ
1064 2920 1124 2974 τὸ
1155 2920 1443 2992 πρόσωπον
1483 2921 1575 2973 καὶ
1600 2921 1689 2973 ὅτε
1722 2923 1781 2972 ὲν

214 3007 402 3075 μέσοις
445 3011 555 3072 τοῖς
598 3009 876 3080 πολεμίοις
927 3009 1296 3078 ἀποληφθεὶς,
1347 3009 1530 3081 ἐπειδὴ
1585 3009 1779 3080 ᾔσθετο

209 3097 392 3150 αὐτῶν
407 3099 795 3170 διαλεγομένων
813 3102 946 3172 πρὸς
961 3101 1238 3172 ἀλλήλους,
1258 3103 1350 3155 καὶ
1368 3100 1776 3174 παρασκευαζο-
1803 3127 1847 3188 C

211 3188 396 3259 μένων
413 3191 492 3252 είς
509 3191 718 3260 ἄμυναν
738 3192 868 3261 (51).
909 3189 1098 3246 Εἶπον
1124 3193 1252 3262 γὰρ,
1278 3194 1462 3264 φησιν,
1496 3196 1549 3246 οί
1571 3192 1776 3256 παῖδες

223 3282 464 3351 Ἀγχοὺς
493 3282 639 3349 πρὸς
665 3284 942 3348 ἑαυτούς·
976 3289 1096 3354 Οὐχ
1130 3283 1306 3350 οὗτος
1339 3285 1513 3338 Δαϐὶδ
1539 3289 1570 3339 ὀ
1593 3286 1775 3350 ,Βασι-

205 3374 357 3438 λεὺς
396 3373 504 3441 τῇς
541 3372 649 3444 τῆς
667 3392 685 3439 ;
717 3375 863 3445 Οὐχὶ
894 3378 1082 3443 τούτῳ
1106 3376 1367 3445 ἐξῆρχον
1402 3377 1471 3429 ἐν
1499 3376 1654 3445 χορῷ
1675 3376 1776 3430 λέ-

205 3480 424 3533 τουσαι
444 3464 554 3536 (52)
575 3505 589 3528 ,
633 3465 921 3531 Ἐπάταξε
960 3465 1133 3519 Δαϐἰδ
1163 3466 1231 3518 ἐν
1255 3465 1545 3533 μυριάσιν
1568 3466 1773 3531 αὐτοῦ,

207 3557 310 3610 καί
335 3559 531 3611 Σαοὺλ
559 3560 626 3611 ἐν
651 3559 915 3628 χιλιάσιν
942 3559 1126 3613 αὑτοῦ
1142 3575 1160 3622 ;
1186 3559 1293 3611 Καὶ
1316 3558 1600 3626 ἐφοϐήθη,
1623 3558 1773 3628 φησι,

205 3649 387 3703 Δαϐἳδ
415 3650 531 3704 ἀπὸ
566 3651 886 3718 προσώπου
930 3651 1188 3720 Ἀγχοὺς,
1222 3650 1319 3704 καί
1368 3650 1667 3718 ἠλλοίωσε
1710 3651 1774 3702 τὸ

206 3741 532 3808 πρόσωπον
558 3743 741 3796 αὑτοῦ
768 3743 894 3796 κατ’
923 3742 1263 3812 ὀφθαλμοὺς
1293 3740 1506 3796 αὐτῶν.
1536 3741 1660 3804 Πῶς
1683 3735 1776 3794 οὖν

203 3835 236 3902 ἡ
293 3832 393 3902 μὲν
438 3833 713 3904 ἐπιγραφὴ
769 3833 1052 3905 Ἀὀιμέλεχ
1090 3831 1362 3904 ὀνομάζει,
1411 3835 1442 3904 ἡ
1483 3833 1527 3885 δ’
1570 3832 1775 3904 ίστορία

216 3924 448 3994 Ἀγχοῦς
497 3925 827 3995 παραδίδωσι
881 3926 971 3979 τὸν
1029 3925 1251 3997 βασιλέα
1297 3925 1566 3978 Γετθαίων
1618 3924 1769 3993 (55);

202 4016 457 4068 Τοιοῦτον
506 4017 660 4085 λόγον
707 4017 827 4070 τινὰ
874 4017 1153 4086 φθάσαντα
1197 4019 1259 4069 ὲκ
1310 4017 1655 4087 παραδόσεως
1694 4017 1774 4078 εἰς

201 4108 355 4177 ἡμᾶς
384 4107 594 4177 ἔχομεν,
631 4111 714 4161 ὅτι
750 4111 798 4160 οἰ
845 4099 1082 4177 βασιλεῖς
1115 4108 1222 4161 τῶν
1253 4108 1561 4176 ἀλλοφύλων
1592 4108 1771 4159 κοινὸν

209 4201 311 4255 μὲν
358 4196 497 4270 εἶχον
540 4201 706 4271 ὄνομα
749 4200 810 4253 τὸ
864 4199 1167 4268 Ἀϐιμέλεχ,
1218 4199 1344 4252 ἴδιον
1384 4199 1440 4251 δὲ
1485 4198 1713 4260 ἕκαστος
1745 4198 1771 4249 ὃ

201 4293 636 4363 προσηγορεύετο
663 4291 792 4362 (54).
831 4292 917 4354 Ὠς
942 4292 1034 4344 καὶ
1060 4292 1148 4342 ἐπὶ
1183 4291 1277 4360 τῆς
1312 4290 1624 4360 Ῥωμαῖκῆς
1655 4288 1771 4341 ἔστι

202 4383 477 4454 βασιλείας
503 4384 647 4448 ἰδεῖν,
679 4383 958 4454 Καίσαρας
982 4382 1301 4452 λεγομένους
1328 4381 1520 4442 κοινῶς
1549 4381 1640 4432 καὶ
1663 4380 1770 4432 Αὑ-

1820 1769 1862 1823 Β
2327 1778 2390 1830 ΙΝ
2432 1777 2758 1834 PSALMUM
2801 1775 3036 1831 XXXIII.

1889 1868 2002 1939 Ipsi
2044 1869 2244 1934 David,
2288 1871 2495 1938 quando
2540 1870 2833 1922 immutavit
2868 1869 3058 1938 faciem
3095 1885 3244 1922 suam
3279 1885 3454 1922 coram

2122 1940 2442 2006 Abimelech,
2468 1949 2515 1992 et
2549 1941 2744 1991 dimisit
2780 1942 2972 2007 ipsum.
3002 1950 3048 1993 et
3077 1940 3227 1992 abiit.

1959 2097 2007 2151 I.
2048 2097 2247 2152 Psalmi
2302 2095 2463 2164 hujus
2522 2095 2869 2166 intelligentia
2900 2112 2996 2151 nos
3043 2098 3106 2151 ad
3138 2100 3241 2152 duo
3287 2113 3452 2166 argu-

1887 2201 2063 2244 menta
2115 2193 2302 2248 trahit.
2355 2192 2483 2258 Quae
2538 2193 2678 2246 enim
2729 2201 2838 2244 tum
2895 2191 2945 2244 in
2981 2189 3185 2244 Nomba
3232 2192 3452 2247 civitate

1886 2283 2253 2345 sacerdotum,
2286 2290 2394 2335 tum
2430 2281 2480 2334 in
2515 2280 2649 2336 Getlt
2690 2283 2828 2351 apud
2864 2283 3080 2337 Auchus
3127 2283 3454 2352 alienigena-

1885 2389 2002 2428 rum
2046 2386 2222 2442 regem
2268 2389 2297 2427 a
2353 2373 2552 2428 Davide
2596 2385 2746 2444 gesta
2801 2385 2956 2437 sunt,
3006 2391 3066 2428 ea
3110 2376 3448 2443 inscriptimri

1883 2463 2134 2516 videntur
2171 2464 2481 2517 convenire.
2527 2461 2659 2514 Nam
2703 2462 3004 2515 itnmutavit
3043 2463 3231 2516 faciem
3261 2479 3445 2527 suam,

1882 2567 2006 2609 cum
2070 2553 2383 2607 Abimelech
2431 2555 2762 2608 sacerdotem
2804 2553 3190 2624 alloqueretur,
3251 2557 3328 2611 sic
3391 2571 3451 2611 ut

1884 2642 2150 2698 occultata
2187 2643 2331 2713 fuga,
2372 2645 2436 2697 ad
2469 2645 2671 2714 regium
2709 2648 3014 2698 mandatum
3047 2649 3444 2717 exsequendum

1884 2735 2139 2789 festinare
2175 2751 2233 2790 se
2270 2736 2640 2798 simulaverit,
2676 2738 2889 2805 quando
2913 2747 2963 2790 et
2996 2753 3161 2805 panes
3207 2742 3451 2808 proposi-

1883 2827 2042 2880 tionis
2070 2829 2300 2896 accepit,
2333 2836 2387 2880 et
2423 2827 2654 2892 gladium
2682 2827 2914 2882 Goliath.
2939 2828 3144 2884 Rursus
3165 2846 3317 2884 suam
3354 2832 3451 2885 im-

1881 2918 2108 2972 mutavit
2136 2917 2347 2984 faciem,
2384 2934 2505 2972 cutn
2539 2920 2590 2971 in
2628 2919 2802 2973 ntcdio
2838 2920 3069 2974 hostium
3095 2930 3282 2990 captus
3307 2961 3321 2986 ,
3355 2937 3449 2977 eos

1881 3009 2024 3065 inter
2054 3024 2115 3064 se
2144 3010 2457 3079 loquentes,
2490 3019 2544 3062 et
2566 3024 2623 3062 se
2655 3010 2720 3062 ad
2763 3011 3047 3064 vindictam
3084 3025 3446 3082 prmparantes

1880 3104 2102 3155 audivit.
2136 3101 2399 3157 Dixerunt
2430 3104 2564 3156 enim
2589 3141 2604 3164 ,
2630 3101 2836 3170 inquit,
2882 3105 3028 3170 pueri
3063 3103 3275 3160 Ancltus
3309 3108 3446 3160 inter

1875 3207 1970 3247 se:
2021 3192 2210 3247 Nonne
2261 3196 2343 3247 hic
2385 3204 2459 3246 est
2507 3194 2675 3247 David
2712 3211 2802 3247 rex
2845 3197 3040 3249 (errw?
3087 3196 3275 3250 Nonne
3324 3199 3446 3251 huic

1876 3288 2159 3338 cantabant
2204 3288 2259 3340 in
2299 3286 2492 3353 choro,
2531 3289 2757 3341 dicentes
2797 3304 2816 3340 :
2862 3286 3125 3341 Percussit
3173 3291 3340 3343 David
3391 3292 3447 3344 in

1879 3378 2052 3428 decem
2087 3377 2315 3430 millibus
2346 3378 2472 3439 suis,
2502 3388 2550 3432 et
2581 3378 2715 3433 Saul
2755 3381 2808 3432 in
2837 3380 3066 3432 millibus
3100 3381 3255 3435 suis?
3285 3381 3348 3434 Et
3377 3384 3447 3435 ti-

1875 3468 2026 3531 muit,
2063 3467 2257 3536 inquit,
2293 3468 2460 3521 David
2491 3487 2520 3522 a
2550 3472 2684 3537 facie
2715 3472 2927 3524 Anc/ms
2947 3510 2962 3532 ,
2990 3488 3050 3524 ac
3075 3489 3222 3525 suam
3252 3472 3440 3540 faciem

1875 3569 1995 3612 ante
2043 3560 2252 3614 illarum
2300 3560 2475 3614 oculos
2515 3562 2804 3615 immutanit
2856 3561 2896 3616 ’.
2940 3561 3220 3630 Quomodo
3276 3565 3440 3631 igitur

1877 3650 2151 3719 inscriptio
2177 3653 2416 3706 nominat
2443 3652 2784 3711 Abimelech.
2832 3654 3052 3707 hismria
3098 3667 3274 3708 autem
3316 3657 3431 3709 An-

1874 3742 2008 3798 chus
2039 3743 2380 3799 Getliazorum
2406 3760 2582 3814 regem
2612 3746 2911 3799 memorat?
2943 3744 3122 3799 Talem
3148 3749 3434 3817 quamdam

1874 3836 2132 3889 rationem
2158 3850 2221 3889 ex
2257 3837 2543 3890 traditione
2590 3836 2655 3888 ad
2704 3852 2802 3890 nos
2836 3853 3004 3905 usque
3057 3839 3430 3895 transmissam

1875 3935 2138 3991 tenemus,
2167 3928 2306 3992 quod
2342 3927 2761 3994 alienigenarum
2805 3944 2955 3999 reges
2991 3945 3276 3984 commune
3323 3934 3440 3999 qni-

1873 4016 1991 4069 dem
2044 4031 2237 4068 nmnen
2278 4016 2590 4071 Abimeleclt
2647 4019 2971 4083 habuerunt,
3005 4018 3158 4090 143
3210 4020 3435 4087 quilibet

1871 4119 2000 4159 vero
2028 4107 2332 4174 proprium,
2363 4121 2469 4176 quo
2513 4109 2904 4177 appellabatur.
2935 4110 3085 4164 llnnc
3116 4112 3178 4164 ad
3213 4112 3428 4167 modum

1871 4206 1924 4251 et
1969 4197 2020 4250 in
2047 4197 2286 4252 Romano
2316 4199 2540 4266 imperio
2567 4202 2748 4254 videre
2785 4212 2905 4268 est,
2949 4203 3187 4259 Caesares
3228 4214 3277 4259 et
3321 4205 3433 4258 Au-

1871 4298 2056 4357 gustos
2103 4291 2154 4343 in
2203 4295 2472 4346 communi
2511 4293 2803 4362 appellari,
2841 4295 2934 4348 sed
2969 4305 3143 4349 tamen
3184 4311 3278 4350 eos
3328 4297 3434 4351 alia

1871 4381 2088 4434 nomina
2141 4382 2359 4452 propria
2405 4383 2624 4438 habere.
2679 4383 2883 4439 Nomen
2934 4385 3143 4440 Pharao
3177 4399 3259 4441 eSt
3294 4386 3433 4455 ejus-

199 4473 484 4542 γούστους,
532 4475 664 4528 ἄλλα
696 4474 752 4526 δὲ
801 4474 870 4527 τὰ
921 4471 1083 4544 κύρια
1135 4470 1340 4524 ἑαυτῶν
1395 4470 1762 4540 κεκτημένους

1875 4471 2009 4524 modi
2057 4474 2217 4528 etiam
2269 4476 2407 4544 apud
2458 4475 2760 4546 Egyptios.
2812 4477 2946 4528 Nam
3002 4486 3056 4530 et
3098 4477 3430 4533 Pharaonem

197 4566 461 4635 ὀνόματα.
497 4566 742 4620 Τοιοῦτον
786 4566 878 4619 καὶ
923 4567 1051 4636 παρ’
1085 4563 1398 4633 Αἰγυπτίοις
1420 4564 1534 4615 ἐστὶ
1565 4562 1624 4614 τὸ
1652 4563 1759 4614 Φα-

275 4663 294 4694 ⁶
329 4658 348 4711 I
387 4657 516 4727 Reg.
551 4675 674 4721 xxr,
709 4658 927 4712 11-15.

280 4758 390 4823 (47)
425 4753 822 4822 Ἐπιστρέψαι,
843 4761 900 4805 ιιι
933 4761 1252 4823 reuertamur
1274 4749 1586 4823 [Restticere
1607 4749 1759 4802 vide-

199 4819 297 4881 tur
319 4819 542 4878 Bn~ilins
568 4819 631 4876 ad
659 4819 791 4889 μέλι.
831 4837 972 4885 cxtv,
999 4822 1049 4885 7,
1081 4819 1422 4890 ἐπιστρέφον,
1443 4819 1589 4889 ψυχή
1636 4836 1756 4888 μου,

197 4901 282 4961 εξς
300 4898 393 4968 τὴν
422 4893 863 4968 ἁνὰπαυσίνσου,
901 4892 1187 4968 Ιίιευςνμεηιἐ
1219 4907 1396 4943 anima
1428 4907 1560 4968 mea,
1595 4891 1650 4940 in
1679 4905 1759 4941 re-

195 4957 373 5038 quiem
405 4976 568 5018 tuam.
619 4964 839 5034 Vulgata
868 4971 923 5016 et
957 4963 1120 5016 editio
1153 4961 1413 5025 Romana,
1451 4957 1758 5012 Convertere

196 5054 399 5098 anima,
419 5047 523 5087 etc.

273 5097 395 5175 (48)
431 5104 578 5175 Multi
625 5119 753 5158 mss.
822 5103 978 5172 δόξης
1033 5100 1138 5175 τοῦΔ
1183 5097 1413 5171 Χριστοῦ
1441 5138 1469 5175 ,_
1514 5097 1752 5175 nihilque

196 5168 452 5249 amplius.
500 5174 640 5249 ﬁditi
674 5168 968 5249 vero__cun_t
1020 5168 1380 5249 dnobtts'mss.
1398 5168 1749 5249 amputa-1'};

191 5231 372 5316 δόξης,
422 5246 478 5296 ἐν
519 5243 737 5315 Χριστῷ
795 5241 966 5314 Ἰησοῦ
1025 5241 1104 5312 τῷ
1157 5241 1340 5312 Κυρίῳ
1388 5231 1574 5310 ἡμῶν·
1626 5231 1669 5305 ᾧ
1704 5231 1746 5308 ’ή

189 5317 338 5377 δόξα,
363 5326 465 5368 etc.

254 5337 777 5457 ﬁbflﬁegquartus
803 5381 1012 5457 ψαλμδς
1034 5378 1110 5457 τῷ
1137 5378 1324 5457 Δαϐίδ,
1351 5387 1403 5432 et
1429 5379 1500 5432 ita
1533 5392 1747 5457 quoque

187 5449 543 5524 Augustinus.
574 5449 645 5507 'At
667 5469 764 5507 vox
791 5449 1019 5524 tpalpdi
1059 5449 1109 5524 in
1164 5449 1342 5524 multis
1387 5463 1543 5524 mss._
1574 5451 1746 5524 deest,

191 5517 572 5594 uec'expressa
604 5517 865 5577 invenitur
901 5517 1223 5594 ianulgata.
1247 5518 1405 5572 Plura
1453 5517 1544 5588 qui
1580 5519 1743 5581 volet,

191 5609 346 5650 notas
379 5593 573 5647 hobilii
600 5594 775 5662 legere
805 5593 1017 5662 poterit.

261 5667 384 5746 (50)_
403 5664 513 5746 Illa,
536 5655 848 5746 σποιῖδάζεέν
877 5663 958 5746 δέ,
980 5673 1109 5724 etc.,
1133 5658 1412 5746 referenda
1436 5672 1552 5712 esse
1582 5657 1650 5711 ad
1676 5655 1742 5711 li-

184 5735 386 5794 bruut'l
421 5735 625 5804 Regum
653 5750 760 5798 ut,
790 5736 840 5794 9,
871 5738 1154 5804 obscurum
1188 5745 1291 5804 non
1316 5740 1416 5804 est.

1867 4571 2079 4617 constat
2113 4566 2287 4618 vocari
2317 4580 2440 4619 cum
2464 4605 2479 4630 ,
2520 4565 2608 4633 qui
2642 4573 2880 4632 tempore
2916 4562 3110 4634 Ioseph
3149 4569 3428 4637 regnavit;

1868 4759 1996 4797 mss.
2035 4756 2154 4796 cum
2186 4739 2418 4793 editione
2445 4738 2610 4808 Basil.
2645 4753 2824 4791 ειπαν.
2856 4737 2983 4808 Reg.
3009 4745 3229 4805 quartus
3249 4735 3422 4792 εἷπον.

1862 4814 2040 4868 Editio
2085 4821 2263 4863 nostra
2296 4809 2464 4862 Paris.
2497 4805 2668 4875 εἶπεν,
2702 4826 2805 4862 non
2840 4805 3140 4861 emendate.

1934 4883 2046 4952 (52)
2109 4881 2182 4933 Ita
2233 4880 2379 4948 Regii
2419 4881 2928 4952 qtmrtus,rqnintus
2968 4889 3020 4930 et
3071 4887 3255 4952 SCXIUS
3301 4891 3422 4952 cum

1858 4948 2183 5007 Colliertinis
2214 4952 2402 5019 quinto
2457 4962 2509 5003 et
2539 4951 2783 5019 _Scptitno
2815 4959 2866 5000 ct
2908 4964 3028 5019 cum
3067 4949 3297 5000 editione
3327 4948 3424 4999 Ba-

1857 5023 1941 5076 sil.
1971 5022 2143 5075 Editio
2163 5017 2288 5071 vero
2308 5019 2475 5073 I‘aris.
2501 5017 2724 5090 ἐξῆρχον
2757 5017 3141 5090 ὲγχορεῦουσαι
3160 5021 3423 5090 γυναῖκες

1856 5092 2128 5160 λέγουσαι.
2164 5091 2340 5144 Editio
2365 5090 2520 5142 Rom.
2545 5089 2668 5160 cum
2704 5090 2853 5142 Colh.
2891 5093 3061 5156 primo
3091 5089 3317 5160 ἐξῆρχον
3365 5090 3420 5140 αί

1848 5158 2165 5233 χορεύουσαι
2199 5161 2472 5228 λέγουσαι.
2537 5158 2836 5233 Notandum
2879 5169 3056 5212 tamen
3106 5158 3286 5214 vocem
3325 5175 3422 5227 γυ-

1848 5229 2030 5294 ναῖκες
2056 5233 2397 5299 inaliqui'uus
2439 5244 2566 5282 mss.
2612 5229 2855 5299 reperiri.

1919 5304 2028 5374 (55)
2059 5297 2231 5374 Editio
2252 5299 2555 5374 Paris}:th
2584 5298 2874 5374 Γετθαίων.
2899 5298 3054 5374 Deest
3079 5297 3339 5374 articulus
3366 5299 3419 5351 in

1847 5369 1968 5427 octo
1991 5369 2118 5424 mss.
2139 5373 2331 5424 Statim
2360 5369 2448 5423 ubi
2474 5372 2673 5423 mentio
2697 5372 2753 5422 fit
2775 5371 2839 5422 de
2858 5373 3088 5438 quadam
3110 5371 3417 5438 traditione,

1847 5442 2096 5496 librarius
2120 5445 2170 5494 in
2204 5441 2444 5510 margine
2487 5439 2637 5508 Regii
2671 5439 2849 5507 quarti
2876 5437 3150 5505 inscripsit
3177 5439 3285 5505 illa,
3330 5437 3420 5510 λό-

1842 5529 1936 5580 γος
1960 5515 2023 5565 ὲκ
2051 5508 2400 5582 παραδόσεῶς
2432 5511 2703 5580 ἀγράφου,
2739 5524 2906 5582 sermo
2955 5510 3251 5582 traditionis
3303 5508 3417 5579 ejus

1840 5599 1956 5648 qua:
1973 5580 2164 5644 scripta
2205 5598 2306 5633 non
2341 5593 2436 5634 est.
2466 5583 2575 5634 Hoc
2608 5583 2749 5634 idem
2781 5580 2960 5648 legere
2989 5589 3073 5633 est
3096 5581 3148 5632 in
3175 5593 3418 5650 margine

1841 5654 1990 5708 Coll).
2022 5653 2181 5705 sexti.

1911 5721 2020 5793 (5i)
2053 5720 2183 5789 Reg.
2216 5721 2481 5793 secundus
2504 5728 2555 5774 et
2589 5719 2746 5777 Colb.
2783 5728 2968 5778 sextus
2991 5717 3019 5772 ὃ
3039 5733 3419 5792 προσηγορευ-

254 5784 763 5878 (3't’)'ti.}g,i"*iér‘tiaé
791 5784 1205 5873 Emam”.
1254 5801 1452 5856 ibidem
1512 5805 1740 5870 quatuor

1875 5784 1930 5848 οἱ
1957 5784 2089 5863 Reg.
2120 5784 2344 5860 quartus
2372 5784 2415 5859 ᾧ
2449 5807 2646 5862 προση.
