4068 6318
709 347 803 399 551

2008 344 2064 398 S.
2109 341 2353 398 BASILII
2394 344 2611 401 MAGNI

3831 351 3937 404 552

709 459 915 512 Pharao
945 457 1100 521 item,
1131 457 1219 526 qui
1246 469 1364 526 post
1389 471 1617 529 quatuor
1655 461 2028 530 generationes
2065 459 2243 530 Moysi:

2362 460 2494 533 ραώ.
2527 463 2773 517 Φαίνεται
2807 464 2912 533 γὰρ
2943 465 3138 536 Φαραὼ
3181 464 3469 535 λεγόμενος
3503 468 3598 519 καὶ
3627 470 3654 521 ὁ
3683 467 3783 518 ἐπὶ
3825 464 3937 517 Ἰω-

715 562 869 606 atate
897 567 986 606 rex
1017 550 1232 620 Egypti
1260 550 1395 620 fuit;
1431 552 1634 604 Pharao
1655 567 1890 620 quoque,
1916 554 2006 622 qui
2029 555 2262 606 Salomo-

717 642 799 696 nis
827 653 1066 712 tempore
1091 657 1266 695 rerum
1286 644 1585 709 potiebatur
1605 660 1619 697 :
1642 643 1847 710 Accepit
1870 646 2035 706 enim,
2069 644 2259 710 inquit,

712 734 878 800 filiam
932 733 1227 786 Pharaonis
1288 735 1364 798 '°;
1428 741 1483 785 et
1529 735 1617 801 qui
1673 744 1910 802 tempore
1971 733 2261 803 prophetia:

711 823 955 878 Jeremiaa
981 826 1152 888 vixit,
1185 827 1392 878 Pharao
1424 835 1644 878 vocatus
1675 832 1774 878 est.
1813 827 1902 880 Sic
1942 826 2102 878 etiam
2133 826 2260 878 Abi-

707 915 912 968 melech
957 912 1355 967 attateAbrahzc
1382 922 1528 973 erat,
1563 921 1615 964 et
1642 921 1797 965 aetate
1825 911 1971 964 Isaac
2003 929 2015 964 :
2048 919 2101 963 et
2122 910 2259 964 alius

705 1021 844 1058 nunc
872 1006 1205 1073 temporibus
1247 1003 1460 1055 Davidis
1506 1003 1722 1055 dicitur.
1751 1000 1815 1054 Et
1851 1003 1916 1054 de
1950 1017 2013 1056 eo
2044 1001 2255 1067 quidem

703 1096 791 1164 qui
852 1107 1087 1162 tempore
1133 1095 1361 1147 Abrahae
1406 1104 1542 1155 erat,
1583 1093 1781 1145 dictum
1830 1103 1952 1146 est:
2005 1091 2071 1144 Et
2124 1091 2256 1143 dixit

701 1184 1014 1246 Abimelech,
1054 1191 1100 1236 et
1135 1182 1727 1250 Hoc/tozathpronubus
1770 1181 1883 1248 ejus
1907 1221 1921 1244 ,
1953 1192 1998 1234 et
2041 1178 2255 1232 Philocli

701 1276 936 1343 princeps
985 1275 1241 1328 exercitus
1293 1274 1402 1343 ejus
1456 1275 1523 1324 ad
1577 1271 1840 1324 Abraham
1891 1272 2150 1323 dicens“.
2193 1271 2257 1325 Et

703 1369 894 1424 iterum
936 1371 1000 1423 de
1035 1385 1097 1422 eo
1125 1369 1212 1436 qui
1257 1380 1493 1434 tempore
1536 1368 1684 1420 Isaac
1715 1367 1886 1419 vixit:
1921 1365 2045 1420 Fuit
2081 1375 2254 1418 autem

703 1462 866 1513 multo
892 1474 1113 1527 tempore
1153 1461 1240 1513 ibi.
1273 1458 1405 1512 Cum
1429 1476 1544 1512 vero
1573 1462 1922 1527 prospexisset
1958 1457 2253 1511 Abimeleclt

702 1570 791 1606 rex
833 1551 1108 1604 Philistiim
1148 1568 1240 1618 per
1283 1553 1603 1620 fenestram,
1644 1551 1775 1603 vidit
1811 1553 1960 1603 Isaac
1991 1566 2107 1602 cum
2153 1549 2254 1603 Re-

702 1644 856 1696 becca
885 1642 1145 1695 ludentem
1183 1643 1246 1699 ¹¹.
1279 1643 1370 1697 Sic
1405 1643 1562 1710 igitur
1597 1652 1651 1696 et
1698 1659 1836 1696 nunc
1865 1642 2079 1695 Davidis
2116 1650 2253 1695 tem-

700 1750 829 1804 pore
857 1734 1164 1789 Ahimelech
1194 1737 1244 1788 in
1279 1734 1627 1802 inscriptione
1655 1735 1826 1787 dictus
1852 1743 1952 1798 est,
1981 1736 2251 1790 communi

2368 556 2504 623 σήφ·
2533 555 2727 628 Φαραὼ
2751 557 2842 608 καὶ
2873 557 2900 608 ὁ
2931 557 3022 608 ἐπὶ
3060 559 3331 622 Μωῦσέως
3363 557 3500 627 μετὰ
3525 558 3808 630 τέσσαρας
3841 573 3936 624 γε-

2365 645 2488 708 νεὰς
2524 648 2763 719 ἐγερθεὶς
2794 647 3042 715 βασιλεὺς
3069 651 3336 717 Αἰγύπτου
3354 667 3368 680 ⁸
3401 649 3598 721 Φαραὼ
3621 654 3718 703 καί
3739 655 3771 704 ὁ
3793 653 3936 705 κατὰ

2363 738 2485 799 τοὺς
2533 741 2753 809 χρόνους
2803 740 3173 811 Σολομῶντος·
3211 745 3420 798 Ἐλαόε
3455 744 3582 814 γὰρ,
3615 746 3780 811 φησὶ,
3823 745 3938 807 τήν

2364 831 2652 898 θυγατέρα
2685 830 2922 898 Φαραώο
2973 833 3066 885 καὶ
3121 834 3148 884 ὁ
3189 835 3328 885 κατὰ
3377 837 3502 900 τοὺς
3549 835 3789 906 χρόνους
3838 836 3937 903 τῆς

2364 923 2693 990 προφητείας
2730 922 2840 992 (55)
2898 923 3156 994 Ἱερεμίου
3211 925 3404 993 Φαραὼ
3461 929 3932 999 προσηγορεύετο.

2363 1012 2514 1064 Οὕτω
2528 1012 2582 1064 δὲ
2601 1017 2690 1067 καὶ
2719 1014 2998 1084 Ἀὂιμέλεχ
3022 1018 3160 1070 κατὰ
3181 1017 3300 1078 τοὺς
3319 1017 3536 1085 χρόνους
3553 1017 3621 1091 ἦν
3645 1017 3932 1090 Ἀϐραὰμ.

2362 1103 2455 1157 καὶ
2481 1104 2617 1157 κατὰ
2648 1109 2771 1169 τοὺς
2806 1106 3028 1176 χρόνους
3072 1108 3250 1161 Ἰσαάκ
3271 1125 3284 1136 ·
3321 1109 3414 1160 καὶ
3448 1111 3475 1160 ὁ
3505 1113 3594 1164 νῦν
3625 1112 3934 1181 λεγόμενα

2361 1197 2452 1248 ἐπὶ
2480 1195 2586 1248 τῶν
2614 1198 2817 1268 καιρῶν
2842 1196 3022 1250 Δαϐίδ.
3067 1199 3188 1250 Ἐπὶ
3219 1199 3316 1270 μὲν
3341 1197 3446 1266 γὰρ
3487 1200 3740 1272 Ἀϐραὰμ
3776 1206 3932 1275 εἴρη-

2359 1306 2467 1352 ται,
2492 1289 2570 1340 ὅτι
2599 1291 2704 1342 Καὶ
2732 1287 2898 1342 εἶπεν
2934 1289 3246 1358 Ἀϐιμέλεχ,
3277 1293 3372 1344 καὶ
3432 1291 3664 1358 Ὀχοζίιθ
3702 1302 3740 1349 ὀ
3776 1314 3933 1364 νυμ-

2359 1379 2625 1448 φαγωγὸς
2654 1381 2858 1444 αὑτοῦ,
2897 1380 2994 1433 καὶ
3022 1380 3212 1448 dude
3239 1385 3270 1434 ὁ
3308 1383 3787 1452 ἀρχιστράτηγος
3820 1387 3934 1452 τῆς

2359 1469 2659 1540 δυνάμεως
2683 1474 2866 1526 αὐτοῦ
2901 1473 3047 1540 πρὸς
3091 1473 3351 1542 Ἀϐραὰμ,
3376 1476 3578 1545 λέγων.
3605 1477 3717 1527 Καὶ
3761 1480 3934 1530 πάλιν

2359 1563 2603 1635 περὶτοῦ
2647 1564 2860 1618 Ἰσαάκ·
2913 1566 3174 1633 Ἐγένετο
3218 1565 3284 1617 δὲ
3330 1572 3725 1637 πολυχρόνιος
3779 1571 3931 1624 ἐκεῖ.

2358 1657 2717 1724 Παρακύψας
2743 1656 2809 1708 δὲ
2845 1656 3137 1728 Ἀϐιμέλεχ
3177 1659 3284 1728 (56)
3325 1662 3355 1712 ό
3388 1661 3676 1726 ,ϐασιλεὺς
3735 1665 3933 1715 Φυλι-

2357 1749 2528 1816 στεὶμ
2559 1746 2654 1799 διὰ
2681 1746 2785 1814 τῆς
2811 1748 3069 1816 θυρίδος,
3114 1748 3234 1805 εἷὸε
3270 1751 3541 1812 παίζοντα
3571 1756 3673 1807 τὸν
3702 1757 3932 1809 Ἰσαὰκ

698 1827 847 1896 regni
882 1828 1117 1880 nomine.
1151 1827 1344 1879 Verum
1387 1825 1604 1878 Auchus
1650 1840 1839 1878 nomen
1894 1826 2145 1878 traditum
2188 1829 2243 1881 al:

2350 1839 2497 1909 μετὰ
2529 1836 2855 1903 Ῥεϐέκκας.
2889 1839 3072 1904 Οὕτως
3102 1839 3192 1896 οὖν
3225 1846 3316 1898 καὶ¹
3343 1844 3435 1897 νῦν
3473 1847 3605 1900 κατὰ
3631 1848 3766 1909 τοὺς

699 1917 925 1971 historia
957 1928 1074 1979 est,
1115 1917 1254 1984 quod
1297 1914 1499 1970 scilicet
1531 1916 1577 1969 ei
1612 1917 1864 1986 privatim
1913 1932 1942 1970 a
1978 1918 2256 1972 nativitate

700 2011 1003 2077 impositum
1042 2017 1204 2060 eSset.
1241 2007 1428 2076 itaque
1470 2022 1650 2062 coram
1697 2009 1797 2063 hoc
1841 2009 2144 2063 immutavit
2174 2012 2254 2063 fa-

697 2100 833 2152 ciem
862 2114 1036 2164 sunm,
1063 2109 1368 2169 asportatus
1392 2101 1636 2153 manibus
1661 2116 1955 2163 servorum,
1981 2110 2033 2155 et
2052 2103 2256 2154 obstre-

696 2203 827 2258 pens
865 2190 930 2242 ad
971 2201 1154 2258 portas
1179 2190 1448 2251 civitatis,
1482 2189 1873 2256 distillansque,
1916 2191 2104 2258 inquit,
2128 2189 2253 2242 sali-

692 2296 810 2334 vam
839 2297 986 2333 suam
1015 2282 1062 2332 in
1093 2280 1308 2332 barbam
1337 2296 1349 2330 :
1391 2278 1461 2330 ita
1499 2289 1554 2330 ut
1586 2279 1787 2331 diceret
1824 2279 2042 2332 Anchus
2073 2283 2137 2332 ad
2171 2278 2252 2333 fa-

700 2371 869 2423 mulos
899 2388 912 2423 :
945 2370 1118 2433 Quare
1136 2370 1431 2423 adduxistis
1460 2385 1575 2422 eum
1601 2369 1670 2420 ad
1691 2385 1770 2422 me
1792 2371 1818 2422 .7
1841 2369 1975 2426 Num
2000 2385 2098 2440 ego
2119 2387 2252 2440 opus

694 2459 866 2513 haheo
887 2460 1144 2514 comitiali
1176 2459 1364 2513 morho
1392 2459 1699 2526 correptis?
1733 2462 1927 2529 quippe
1962 2462 2253 2518 introduxi-

692 2552 792 2603 stis
815 2568 958 2608 elltll.
978 2561 1034 2602 ut
1059 2549 1243 2602 morbo
1265 2548 1520 2604 comitiali
1551 2564 1728 2603 coram
1754 2565 1837 2604 me
1865 2553 2247 2621 corriperetur.

694 2642 760 2695 Et
789 2642 866 2696 sic
907 2642 1048 2695 illinc
1071 2643 1346 2703 dimissus,
1376 2641 1587 2695 Salvum
1626 2657 1683 2695 se
1721 2644 1938 2711 recepit,
1972 2644 2164 2713 inquit,
2197 2646 2248 2699 in

692 2734 1006 2801 speluncam
1051 2732 1291 2787 Odollam
1328 2734 1388 2785 ⁸³.
1436 2733 1602 2801 Igitur
1643 2750 1896 2802 tauquam
1935 2752 2000 2790 ex
2058 2754 2249 2807 magno

689 2823 928 2890 periculo
951 2823 1185 2889 elapsus,
1220 2823 1358 2875 hanc
1385 2826 1681 2890 gratiarum
1713 2825 1974 2878 actionem
2009 2832 2250 2896 rependit

685 2929 786 2970 suo
810 2913 1084 2969 liberatori
1137 2915 1262 2968 Deo.
1297 2913 1455 2968 Vsus.
1496 2914 1550 2966 2.
1582 2912 1892 2967 Benedicam
1934 2917 2246 2983 Dominum,

687 3005 893 3073 inquit,
927 3006 980 3058 in
1024 3005 1164 3059 omni
1199 3016 1445 3074 tempore.
1476 3005 1702 3074 Ereptus
1746 3020 1812 3058 ex
1859 3018 2053 3071 morte,
2093 3012 2244 3078 quasi

689 3098 949 3151 terminos
1005 3099 1125 3150 vitm
1172 3097 1272 3152 sibi
1306 3099 1419 3166 ipse
1458 3096 1787 3165 prescribit,
1839 3111 2098 3166 suamque
2126 3101 2244 3154 ani-

2356 1950 2478 1995 νους
2520 1930 2680 1984 Δαόὶδ
2729 1931 3010 2002 Ἀὁιμέλεχ
3067 1935 3276 2006 εἴρηται
3318 1939 3375 1989 ἐν
3409 1939 3471 2007 τῇ
3507 1937 3824 2008 ἐπιγραφῇ,
3868 1939 3931 1990 τὸ

2353 2025 2528 2077 κοινὸν
2557 2025 2651 2094 τῆς
2677 2022 2947 2092 βασιλείας
2983 2025 3171 2096 ὄνομα.
3213 2030 3435 2101 Ἀγχοὺς
3464 2029 3518 2081 δέ
3549 2032 3928 2100 παραδέδοται

2353 2114 2455 2166 ὐπὸ
2496 2117 2591 2186 τῆς
2625 2115 2878 2187 ἱστορίας,
2925 2118 3059 2189 ὅπερ
3100 2120 3242 2185 ἰδίως
3284 2119 3352 2193 ἦν
3393 2123 3534 2193 αύτῷ
3574 2125 3636 2175 ἐκ
3678 2126 3927 2192 γενετῆς

2351 2207 2708 2277 ἐπικείμενον.
2770 2210 2889 2261 Ἐπὶ
2928 2209 3116 2263 τούτου
3161 2216 3338 2268 τοίνυν
3382 2216 3663 2282 ἡλλοίωσεν
3707 2216 3926 2269 ἑαυτοῦ

2351 2297 2410 2349 τὸ
2434 2300 2739 2368 πρόσωπον,
2765 2303 3210 2374 παραφερόμενος
3232 2310 3288 2360 ἐν
3315 2311 3432 2372 ταῖς
3459 2309 3606 2380 χερσὶ
3629 2309 3746 2361 τῶν
3771 2313 3926 2362 οἰκε-

2349 2389 2476 2454 τῶν,
2512 2393 2604 2443 καὶ
2655 2391 2841 2461 ψοφῶν
2877 2395 3024 2465 παρὰ
3070 2398 3168 2460 τὰς
3210 2398 3380 2462 πύλας
3420 2401 3516 2469 τῆς
3548 2400 3785 2464 πόλεως,
3826 2402 3928 2455 καὶ

2351 2483 2665 2553 καταρρέων
2693 2484 2824 2553 (57),
2859 2487 3010 2555 φησὶ,
3049 2489 3118 2542 τὰ
3159 2490 3305 2541 σίελα
3347 2490 3507 2542 αὐτοῦ
3550 2493 3637 2542 ἐπὶ
3665 2492 3766 2543 τὸν

2349 2588 2531 2639 γωνα·
2561 2571 2698 2625 ὥστε
2725 2575 2895 2626 εἰπεῖν
2924 2575 3013 2628 τὸν
3049 2579 3270 2646 Ἀγχοὺς
3313 2583 3422 2642 τοῖς
3459 2579 3641 2632 παισί·
3686 2581 3756 2632 Τι’
3790 2584 3927 2632 εισ-

2348 2662 2582 2731 εςρέρετε
2616 2663 2801 2717 αὐτὸν
2840 2665 2986 2732 πρὸς
3003 2666 3120 2734 μέ;
3160 2668 3248 2737 Μὴ
3288 2669 3559 2738 ἐπιδέομαι
3588 2670 3928 2739 ἐπιλήπτων

2349 2751 2478 2820 ἐγὼ,
2509 2754 2589 2806 ὅτι
2625 2754 2971 2824 είσηνέγκατε
2997 2756 3155 2808 αὐτὸν
3187 2757 3628 2826 ἐπιληπτεύεσθαι
3653 2759 3747 2810 ἐπ’
3781 2762 3926 2830 ἐμέ;

2349 2845 2459 2897 Καὶ
2486 2845 2654 2910 οὕτως
2679 2847 2967 2911 ἀπολυθεὶς
2988 2848 3216 2912 ἐκεῖθεν,
3242 2849 3488 2921 διεσώθη,
3518 2852 3694 2921 φησιν,
3736 2855 3832 2915 εἰς
3865 2855 3928 2905 τὸ

2351 2935 2608 3005 σπήλαιον
2673 2937 2944 3008 Ὀδολλὰμ.
3001 2940 3086 3002 Ὠς
3129 2936 3219 2993 οὖν
3265 2942 3328 2993 ἐκ
3383 2943 3608 3010 μεγάλου
3652 2943 3925 2994 κινδύνου

2346 3025 2648 3094 διεκερυγὼν
2682 3029 2812 3097 (58),
2848 3031 3047 3099 ταύτην
3089 3033 3398 3101 ἀναπέμπει
3430 3034 3522 3103 τὴν
3553 3036 3925 3103 εὐχαριστίαν

2345 3114 2421 3185 τῷ
2448 3118 2733 3188 ῥυσαμένῳ
2759 3121 2918 3172 αὐτὸν
2952 3120 3086 3190 Θεῷ.
3115 3123 3459 3191 Εὺλογήσω,
3488 3125 3632 3191 φησὶ,
3661 3124 3778 3176 τόν
3801 3129 3923 3178 Κῦ-

688 3203 830 3239 mam
877 3185 1109 3242 instituit
1142 3205 1206 3242 ac
1237 3189 1432 3242 format
1479 3191 1543 3242 ad
1580 3192 1884 3246 accuratius
1918 3192 2126 3247 vivendi
2161 3210 2243 3264 ge-

2346 3185 2473 3275 ριοκ
2511 3185 2598 3261 ἐνί
2630 3185 2805 3263 παντὶ
2838 3185 3378 3281 καιρῴίΔιεκφυγιὶλν
3421 3185 3607 3266 sxa-oi}
3643 3216 3919 3278 θανάτου,

687 3292 809 3338 nus,
836 3277 968 3329 adeo
998 3288 1053 3329 ut
1089 3279 1232 3332 nullo
1260 3291 1496 3348 tempore
1514 3281 1944 3336 benedictionem
1975 3286 2240 3340 intermit-

685 3374 784 3429 tat.
811 3369 899 3421 sel
929 3383 1102 3420 rerum
1133 3377 1244 3422 tum
1269 3386 1582 3436 magnarum
1609 3384 1717 3427 tum
1743 3392 2023 3444 parvarum
2049 3383 2243 3450 princi-

678 3457 826 3520 pium
855 3456 1050 3509 reierat
1077 3458 1127 3510 in
1153 3457 1342 3512 Deum.
1364 3457 1478 3512 Non
1503 3462 1859 3530 existimabo,
1887 3466 2094 3534 inquit,
2121 3473 2242 3526 dili-

687 3547 860 3616 gentia
883 3563 995 3601 mea
1024 3549 1312 3617 quidquam
1338 3551 1489 3618 ﬁeri;
1519 3567 1691 3622 neque
1720 3553 1942 3611 fortuito
1972 3576 2238 3616 concursu

680 3640 1004 3708 contingere.
1023 3641 1112 3694 sed
1132 3639 1196 3695 In
1214 3645 1351 3696 omni
1373 3655 1596 3713 tempore
1617 3649 1916 3703 benedicam
1933 3651 2236 3719 Dominum;

683 3745 789 3786 non
814 3729 867 3783 in
895 3732 1015 3784 vita:
1050 3732 1220 3785 solum
1259 3738 1610 3801 prosperitate
1635 3777 1648 3800 ,
1694 3740 1784 3793 sed
1821 3741 1872 3794 in
1911 3746 2238 3813 temporibus

679 3823 842 3876 etiam
874 3823 1116 3877 adversis
1149 3834 1306 3893 atque
1329 3826 1673 3883 calamitosis.
1703 3829 1836 3885 Hinc
1855 3833 2074 3890 edoctus
2095 3836 2233 3890 Pau-

680 3913 782 3972 lus.
807 3914 879 3966 ait
904 3931 917 3966 :
953 3915 1165 3982 Semper
1196 3918 1435 3983 gaudete,
1459 3919 1569 3972 sine
1591 3921 1970 3977 intermissione
1992 3933 2155 3988 orate,
2181 3930 2236 3981 in

677 4005 913 4057 omnibus
938 4007 1136 4073 gratias
1165 4010 1300 4076 agite
1324 4007 1385 4063 “.
1420 4009 1604 4065 Videu‘
1636 4025 1834 4082 quanta
1873 4015 2035 4071 luerit
2060 4018 2236 4074 chari-

679 4105 761 4147 tas
799 4095 934 4147 viri?
968 4094 1225 4149 Malorum
1269 4101 1642 4157 assiduitatem
1679 4107 1859 4161 animo
1908 4107 2092 4179 iniquo
2124 4128 2229 4166 non

677 4186 902 4252 ferebat,
939 4203 1057 4239 cum
1095 4202 1196 4239 non
1231 4189 1401 4242 solum
1439 4207 1502 4243 ex
1535 4201 1706 4262 pitria
1738 4199 1942 4264 pulsus,
1979 4212 2033 4255 et
2072 4217 2101 4255 a
2141 4219 2234 4257 co-

676 4275 851 4343 gnatis
879 4276 1296 4345 domesticisque
1323 4278 1624 4347 sejuncttts,
1652 4299 1714 4337 ac
1744 4286 1898 4341 bonis
1931 4291 2192 4359 spoliatus
2219 4312 2231 4348 :

675 4379 856 4417 verum
894 4366 1052 4419 etiam
1098 4383 1217 4420 cum
1261 4369 1500 4424 hostibus
1531 4383 1673 4425 esset
1702 4389 1795 4441 per
1826 4379 1928 4430 vim
1967 4383 2192 4438 traditus
2214 4425 2229 4449 ,

677 4456 746 4508 ita
773 4465 829 4508 ut
852 4455 960 4510 fere
982 4458 1046 4511 ab
1063 4457 1141 4510 eis
1170 4461 1499 4513 membratim
1528 4463 1900 4520 dilaniaretur.
1921 4465 2036 4522 Non
2061 4472 2225 4527 dixit:

675 4547 962 4616 Quousque
997 4550 1254 4602 malorum
1289 4551 1612 4607 assiduitas?
1641 4572 1743 4609 non
1785 4557 2071 4627 despondit
2103 4567 2222 4617 ani-
2263 4537 2303 4590 θ

677 4655 820 4692 mum
848 4649 1062 4708 propter
1091 4640 1390 4695 afﬂictiouis
1422 4642 1578 4715 1M
1600 4651 2052 4716 prorogationetn,
2083 4655 2222 4709 haud

676 4731 948 4799 ignorans,
989 4731 1140 4796 Quod
1179 4735 1450 4787 tribulatio
1482 4738 1788 4803 patientiam
1819 4753 2083 4809 aperatur,
2131 4764 2225 4812 pa-

674 4822 852 4874 tientia
899 4830 1072 4874 autem
1120 4824 1507 4891 probationem,
1546 4828 1788 4895 probatio
1828 4845 1942 4884 vero
1979 4849 2119 4900 spem
2157 4836 2219 4890 η.

744 5008 786 5078 Ψ
813 5007 875 5060 111
913 5008 1038 5078 Reg.
1078 5023 1156 5066 ιιι,
1186 5008 1236 5062 1.

674 5078 718 5108 ³⁵
761 5077 917 5134 Runt.
967 5077 1017 5140 ν,
1049 5079 1103 5138 3.
1133 5079 1185 5133 4.

885 5198 1034 5280 Illud,
1064 5203 1160 5270 τῆς
1189 5204 1537 5280 προφητείας,
1580 5205 1731 5259 deest
1770 5207 1822 5280 in
1877 5209 2006 5280 Reg.
2040 5214 2216 5270 tertio.

669 5265 860 5348 Statim
887 5269 1023 5348 (Reg.
1061 5265 1324 5326 secundus
1357 5265 1540 5348 rursus
1565 5265 1985 5348 προσηγόρευτοῖ

741 5336 855 5418 (.56)
887 5336 1415 5418 Sic'insstquattior.
1458 5345 1518 5418 lu
1544 5336 1776 5399 edit-ioue
1807 5336 1976 5405 Paris.
2009 5353 2220 5418 ponitur

667 5408 1082 5491 articulus-aute
1131 5411 1440 5491 ςΑὸιμέ-λεχ.
1470 5415 1782 5491 “Aliquanto
1816 5432 1935 5486 post
1976 5408 2107 5491 Heg.
2139 5439 2222 5476 εο-

665 5479 882 5555 _cuud_us_
903 5477 1184 5555 eipqrar._év
1220 5477 1282 5552 τῇ
1314 5477 1519 5555 Γραφῇ.
1549 5477 1650 5538 séo
1683 5477 2003 5554 scripturam
2043 5477 2219 5545 vieratn

665 5547 827 5627 ἐντῇ
867 5548 1138 5627 ἐπιγραφῇ
1173 5547 1385 5627 ρτςξίέτί
1414 5547 1622 5622 qtioqne
1659 5558 1707 5608 in
1743 5547 2003 5627 margine.
2051 5562 2211 5625 Infra,

668 5617 975 5699 ttbj‘l’egitur
994 5617 1458 5699 παραφερύμενος,
1486 5617 1719 5699 etc.._sic
1748 5617 1948 5699 editum
1970 5643 2050 5685 est
2077 5617 2213 5699 apud

664 5685 807 5765 LXX-
843 5705 855 5738 :
885 5685 1224 5765 παρεφέρετο
1257 5685 1310 5743 ἐν
1343 5685 1461 5756 ταῖς
1493 5696 1675 5765 χερσὶν
1701 5697 1882 5750 αὐτοῦ.
1925 5700 2074 5754 Unde
2108 5685 2216 5754 λυ-

665 5759 908 5825 ευειὶιιυε
938 5756 1268 5813 {Ferebatur
1295 5765 1344 5816 in
1373 5756 1607 5819 manibus
1634 5772 1739 5821 suis
1776 5784 1792 5820 :
1821 5771 2013 5837 quibus
2040 5775 2214 5827 verbis

2342 3296 2450 3351 οἷον
2488 3301 2645 3372 ὅρους
2681 3299 2856 3373 ἐαυτῷ
2891 3301 3095 3355 τίθεται
3143 3303 3242 3373 τῆς
3287 3303 3447 3374 ζωῆς,
3488 3306 3666 3358 τυπῶν
3699 3309 3919 3363 ἑαυτοῦ

2340 3392 2436 3464 τὴν
2461 3392 2636 3466 ψυχὴν
2663 3395 2797 3466 πρὸς
2826 3394 2885 3448 τὸ
2921 3394 3019 3465 τῆς
3058 3396 3325 3460 πολιτείας
3365 3398 3611 3470 ἀκριϐέςο
3659 3399 3736 3462 ὡς
3798 3419 3915 3473 μη-

2338 3487 2462 3539 δένα
2482 3486 2670 3558 καιρὸν
2689 3488 3062 3556 διαλιμπάνειν
3083 3489 3178 3560 τῆς
3194 3488 3456 3558 εὐλογίας,
3473 3491 3601 3543 ἀλλὰ
3622 3493 3714 3543 καὶ
3734 3498 3917 3562 μεγα-

2337 3575 2442 3628 λων
2456 3577 2546 3628 καὶ
2563 3579 2895 3648 μικροτέρων
2913 3581 3245 3648 πραγμάτων
3262 3583 3351 3634 ἐπὶ
3365 3583 3453 3634 τὸν
3465 3583 3591 3635 Θεὸν
3607 3585 3857 3658 ἁναφέρε
3865 3607 3916 3640 ιν

2334 3667 2432 3737 τὴν
2461 3669 2653 3738 ἀρχήν.
2684 3669 2815 3736 Οὐχὶ
2855 3671 3147 3739 ἡγήσομαι,
3177 3674 3326 3738 φησὶ,
3360 3674 3497 3726 κατά
3525 3676 3620 3745 τὴν
3655 3679 3911 3744 ἐμαυτοῦ

2335 3759 2648 3827 ἐπιμέλειαν
2671 3759 2928 3826 γίνεσθαι,
2949 3760 3066 3810 οὐδὲ
3089 3761 3150 3812 ἐκ
3169 3762 3268 3831 τῆς
3288 3764 3584 3832 αὐτομάτου
3606 3772 3912 3837 συντυχίας

2337 3849 2666 3919 συμϐαίνειν,
2691 3849 2803 3902 ἀλλ’
2833 3850 2925 3903 Ἐν
2949 3850 3123 3903 ,παντὶ
3143 3849 3321 3918 καιρῷ
3334 3852 3640 3920 εὐλογήσω
3661 3857 3771 3907 τὸν
3788 3862 3912 3912 Κύ-

2326 3957 2459 4007 ριον
2480 3981 2493 4002 ,
2522 3941 2619 3993 οὐκ
2642 3942 2698 3992 ἐν
2717 3943 2833 4003 ταῖς
2860 3941 3172 4011 εὐημερίαις
3200 3940 3355 4010 μόνον
3375 3941 3464 3993 τοῦ
3486 3941 3616 4010 βίου,
3644 3944 3786 3998 ἀλλὰ
3809 3949 3911 3999 καὶ

2335 4033 2393 4084 ἐν
2416 4034 2526 4096 τοῖς
2552 4036 2948 4103 περιστατικοῖς
2969 4036 3196 4104 καιροῖς.
3226 4032 3501 4086 Ἐντεῦθεν
3535 4034 3909 4105 μαθητευθεὶς

2333 4126 2361 4177 ὁ
2410 4125 2754 4188 ’Δπόστολος,
2808 4124 3087 4188 Πάντοτε,
3137 4126 3290 4194 φησὶ,
3334 4127 3581 4194 χαίρετε,
3626 4126 3907 4182 ἀδιαλειό

2334 4231 2491 4281 πτως
2512 4220 2938 4287 προσεύχεσθε,
2964 4221 3032 4273 ἐν
3064 4221 3236 4273 παντὶ
3265 4221 3681 4288 εὐχαριστεῖτε.
3727 4223 3906 4295 Ὁρᾷς

2332 4308 2494 4378 ἡλίκη
2523 4309 2614 4361 τοῦ
2654 4310 2842 4380 ἀνδρὸς
2875 4314 2906 4382 ή
2939 4313 3157 4380 ἀγάπης
3195 4313 3307 4364 Οὐκ
3352 4313 3707 4366 ἀπεδυσπέτει
3752 4317 3906 4384 πρὸς

2332 4397 2428 4467 τὴν
2451 4399 2724 4468 συνέχειαν
2751 4400 2854 4452 τῶν
2879 4400 3081 4461 κακῶν,
3108 4402 3196 4452 ὅτε
3220 4401 3280 4454 οὐ
3308 4401 3416 4469 (59)
3449 4402 3599 4470 μόνον
3630 4401 3906 4469 πατρίδες

2335 4490 2654 4558 ἀπελήλατο,
2691 4493 2781 4542 καὶ
2815 4493 3146 4558 συγγενείας,
3177 4493 3268 4543 καὶ
3292 4491 3522 4547 οἰκείων.
3552 4493 3640 4542 καὶ
3670 4495 3901 4560 κτημά-

2330 4597 2464 4645 των,
2499 4581 2633 4633 ana
2674 4583 2766 4634 καὶ
2813 4586 2923 4645 τοῖς
2965 4583 3240 4652 πολεμίοις
3281 4581 3597 4652 παραδοθεὶς
3639 4582 3743 4634 ὑπὸ
3793 4587 3903 4654 τῆς

2331 4670 2592 4741 ἀνάγκης,
2641 4673 2836 4743 μικροῦ
2887 4673 3213 4727 διασπᾶσθαι
3263 4677 3390 4746 παρ’
3422 4674 3596 4726 αὐτῶν
3634 4674 3898 4744 ἔμελλεν.

2330 4759 2442 4811 Οὐκ
2472 4758 2622 4814 εἷπε·
2655 4763 2831 4834 Μέχρι
2861 4764 3002 4826 τίνος
3038 4767 3069 4834 ὴ
3105 4764 3351 4834 συνέχεια
3385 4765 3491 4817 τῶν
3527 4765 3746 4829 κακῶν;
3787 4769 3902 4819 οὐκ

2329 4852 2737 4926 ἀπεδυσπέτησε
2768 4857 2902 4927 πρὸς
2935 4857 3031 4928 τὴν
3062 4858 3366 4927 παράτασιν
3392 4858 3489 4928 τῆς
3522 4857 3776 4927 θλίψεως,
3814 4860 3902 4911 εἱ-

1314 5010 1354 5039 “
1388 5008 1520 5063 Gen.
1548 5029 1660 5079 xxt,
1683 5015 1768 5070 22.
1850 5019 1892 5049 "
1915 5017 2048 5074 Gen.
2072 5038 2220 5096 xxvn,

2375 5032 2418 5063 ⁸³
2445 5032 2465 5085 l
2495 5033 2627 5104 Reg.
2660 5051 2769 5103 xxi,
2803 5035 2903 5100 i3;
2944 5052 3076 5101 χιιι,
3120 5037 3173 5094 1.
3249 5037 3295 5069 ιδ
3331 5035 3562 5092 lThess.
3585 5051 3636 5105 v,
3670 5035 3756 5098 16,
3792 5037 3890 5092 18.

2317 5216 2477 5271 Pater
2512 5219 2863 5286 gravissimus
2892 5219 3195 5274 adumbrari
3215 5220 3329 5273 vult
3359 5223 3752 5276 sanctissimam
3783 5226 3893 5279 Eu-

2319 5289 2656 5351 charistiam,
2710 5293 2921 5357 quando
2973 5291 3219 5344 videlicet
3267 5291 3525 5347 Dominus
3584 5295 3637 5347 in
3689 5295 3887 5349 ultima

2318 5369 2470 5410 caena
2502 5373 2559 5409 se
2588 5361 2699 5425 ipse
2727 5361 2835 5413 suis
2863 5361 3104 5412 manibus
3135 5361 3270 5412 tulit.

2389 5425 2502 5496 (57)
2550 5429 2621 5479 Ita
2676 5446 2861 5481 novem
2900 5444 3031 5482 mss.
3066 5445 3188 5483 cum
3211 5430 3442 5486 editione
3472 5431 3635 5486 Basil.
3696 5431 3886 5488 Editio

2318 5498 2659 5570 veroAParis.
2699 5500 3008 5570 κατέρρεον.

2391 5566 2499 5636 (58)
2528 5568 2770 5641 Νοιιιιιιιμ
2803 5566 2928 5621 itiss.
2959 5567 3257 5641 διαφυγών.
3279 5569 3472 5626 Statim
3506 5581 3711 5641 septem
3739 5587 3884 5628 mss.

2321 5651 2506 5690 rursus
2534 5637 2809 5706 διαφυγὼν
2836 5641 2897 5691 ἐκ
2927 5638 3042 5690 τοῦ.

2389 5705 2499 5778 (59)
2543 5705 2668 5777 Reg.
2694 5712 2954 5764 secundus
2984 5711 3065 5762 ὃτι
3092 5709 3174 5762 ού.
