4098 6324
196 303 312 356 555

1322 303 1603 359 ITOMILIA
1645 302 1709 358 Η
1751 301 2080 357 ΡδΑιΜυιι
2121 305 2351 360 XXXI”.

3333 309 3440 367 355

193 416 328 482 δὼς,
359 420 485 472 Ὀτι
520 420 556 488 ἡ
589 423 786 488 θλίψις
820 423 1134 492 ὑπομονὴν
1165 420 1591 492 κατεργάζεται,
1629 427 1667 494 ἡ
1699 422 1763 476 δὲ

1870 421 2002 478 Nam
2049 439 2105 477 re
2146 425 2255 492 ipsa
2294 424 2646 490 alliictioues,
2685 425 2839 494 quasi
2881 425 3132 481 athletice
3185 426 3435 496 quaedam

193 512 476 582 ὑπομονὴ
526 513 798 582 δοκιμὴν,
838 517 874 583 ἡ
909 515 976 569 δὲ
1004 516 1215 588 δοκιμὴ
1249 516 1485 570 ἐλπίδακ
1529 516 1618 589 Τῷ
1651 518 1762 571 ὄντι

194 602 314 675 γὰρ
342 607 451 670 τοῖς
494 605 672 669 καλῶς
704 612 1236 682 παρεσκευασμένοις
1277 610 1333 664 αἱ
1363 608 1568 678 θλίψεις
1600 610 1764 665 οἱονεὶ¹

193 696 399 766 τροφαί
431 696 572 758 τινές
605 700 735 750 εἰσιν
769 700 1055 774 ἁθλητικαὶ
1093 705 1186 756 καὶ
1218 703 1513 772 γυμνάσια,
1548 703 1639 757 ἐπὶ
1665 703 1762 775 τὴν

195 786 464 856 πατρῴαν
503 787 655 850 δόξαν
685 790 772 843 τὸν
808 793 1108 864 ἀγωνιστὴν
1148 793 1604 865 προϐιϐἀζουσαι·
1637 795 1763 847 ὅταν

196 874 595 948 λοιδορούμενοι
632 881 934 953 εὐλογῶμεν
956 926 970 948 ,
1005 885 1481 957 βλασφημούμενοι
1513 903 1765 958 παρακαο

198 967 404 1037 λῶμεν,
425 975 882 1045 καταπονούμενοι
900 976 1327 1049 εὐχαριστῶμεν,
1349 975 1651 1047 θλιϐόμενοι
1673 976 1765 1029 ἐπὶ

199 1060 269 1129 τῇ
322 1059 492 1132 θλίψει
545 1063 890 1135 καυχώμεθα.
945 1069 1173 1140 Αἰσχρὸν
1226 1068 1335 1140 γὰρ
1374 1069 1615 1138 εὐλογεῖν
1666 1069 1765 1141 μὲν

199 1150 354 1222 ἡμᾶς
379 1155 471 1208 ἐπὶ
491 1159 605 1218 τοῖς
630 1158 1024 1230 χρηστοτέροις,
1057 1164 1265 1234 σιωπᾷν
1290 1163 1346 1214 δὲ
1376 1163 1469 1214 ἐπὶ
1499 1167 1606 1228 τοῖς
1637 1181 1767 1217 σκυ-

200 1239 573 1314 θρωποτέροις
609 1248 702 1298 καὶ
744 1249 1012 1313 ἐπιπόνοις
1047 1255 1382 1323 πράγμασιν.
1443 1252 1601 1306 Ἀλλὰ
1643 1255 1764 1306 τότε

198 1335 300 1386 καὶ
339 1333 496 1387 πλέον
538 1337 877 1410 εὐχαριστεῖν
905 1341 998 1404 δεῖ,
1037 1343 1262 1405 εἰδότας,
1299 1343 1378 1395 ὅτι
1417 1345 1524 1397 Ὃν
1568 1342 1767 1414 ἀγαπᾷ

197 1427 419 1494 Κύριος
449 1430 735 1487 παιδεύει·
770 1436 1040 1505 μαστιγοῖ
1075 1435 1142 1487 δὲ
1169 1434 1361 1488 πάντα
1393 1437 1524 1490 υἱὸν
1555 1438 1624 1490 ὃν
1659 1450 1768 1488 πα-

193 1518 512 1589 ραδέχεται
592 1527 921 1591 Διαπαντὸς
973 1528 1008 1593 ἢ
1062 1526 1291 1594 αἵνεσις
1331 1529 1513 1582 αὑτοῦ
1565 1530 1634 1580 ἐν
1688 1524 1767 1591 τῷ

197 1614 456 1683 στόματί
487 1635 627 1685 μου.
680 1620 838 1670 Δοκεῖ
870 1617 1123 1674 ἀδύνατόν
1175 1637 1225 1674 τι
1276 1620 1703 1688 ἐπαγγέλλεσθαι
1738 1621 1767 1672 ὁ

197 1707 505 1776 προφήτης.
539 1707 658 1771 Πῶς
680 1707 787 1780 γὰρ
816 1709 1103 1776 διαπαντὸς
1131 1714 1160 1783 ἡ
1192 1714 1393 1777 αἴνεσις
1424 1711 1515 1764 τοῦ
1546 1710 1678 1764 Θεοῦ
1708 1713 1766 1763 ἐν

1872 519 2123 573 alimenta
2154 533 2215 572 ac
2249 521 2671 577 exercitationes
2695 528 2823 573 sunt
2847 520 2982 574 bene
3005 522 3323 591 praparatis
3358 531 3436 574 at-

1872 624 1980 678 que
2009 610 2291 665 instructis
2319 626 2333 664 :
2364 626 2480 680 qua:
2511 613 2771 667 athletam
2802 611 2867 664 ad
2899 620 3181 681 paternam
3209 611 3437 682 gloriam

1872 703 2172 768 deducunt;
2209 706 2250 758 si
2288 706 2502 772 quando
2531 706 2790 762 conviciis
2835 704 3065 774 impetiti
3098 705 3411 761 benedixeri

1876 812 2013 861 mus,
2043 796 2397 866 blasphemiis
2427 797 2656 850 lacessiti
2680 798 3163 864 obsecraverimus,
3197 798 3435 852 divesati

1872 891 2137 959 egerimus
2162 891 2385 959 gratias,
2417 887 2595 944 amicti
2632 890 2684 943 in
2712 892 3004 948 :illlictione
3029 891 3244 962 gloriati
3277 889 3436 945 fueri-

1875 996 1993 1037 mus
2023 983 2088 1034 ".
2117 980 2292 1051 Turpe
2321 982 2462 1035 enim
2495 990 2578 1034 est
2610 996 2707 1036 nos
2736 981 3052 1041 benedicere
3086 983 3141 1039 in
3174 983 3335 1038 rebus
3365 997 3440 1036 se-

1873 1075 2077 1140 cundis,
2102 1075 2262 1129 silere
2284 1087 2410 1128 vero
2439 1074 2488 1126 in
2517 1074 2763 1128 tristibus
2791 1084 2845 1126 et
2866 1077 3128 1132 adversis.
3163 1074 3276 1130 lmo
3306 1084 3431 1129 tunc

1873 1164 2031 1218 etiam
2071 1165 2268 1233 gratias
2302 1163 2578 1219 uberiores
2607 1177 2769 1234 agere
2793 1171 3028 1233 Oportet,
3065 1182 3184 1222 eum
3215 1165 3433 1222 noveri-

1875 1272 1993 1310 mus
2021 1257 2158 1324 quod
2190 1257 2353 1322 Quem
2390 1255 2561 1324 diligit
2596 1255 2875 1322 Dominus,
2911 1256 3172 1324 castigat;
3199 1259 3433 1330 ﬂagellat

1873 1357 2049 1399 autent
2079 1355 2284 1400 omnem’
2325 1348 2496 1419 ﬁlium
2537 1365 2689 1417 quem
2735 1348 2914 1416 recipit
2947 1348 3010 1402 ’⁷.
3064 1348 3280 1418 Semper
3318 1351 3438 1407 laus

1873 1439 1987 1508 ejus
2009 1440 2063 1491 in
2097 1455 2185 1492 ore
2209 1456 2339 1493 meo.
2371 1443 2594 1497 Videtur
2627 1444 2885 1513 propheta
2923 1443 2973 1496 id
3003 1445 3145 1511 quod
3176 1444 3290 1498 ﬁeri
3329 1461 3433 1501 non

1876 1538 2070 1596 potest,
2098 1529 2358 1598 polliceri.
2385 1530 2664 1596 Quomodo
2685 1532 2828 1585 enim
2862 1544 3079 1603 semper
3108 1532 3226 1588 laus
3261 1534 3352 1589 Dei
3377 1535 3430 1590 in

1873 1635 1968 1673 ore
1999 1621 2231 1676 hominis
2261 1636 2381 1676 esse
2414 1625 2630 1689 potest?
2663 1623 2800 1680 Cum
2833 1633 3088 1680 consueta
3117 1635 3169 1681 et
3199 1626 3265 1682 ad
3313 1627 3436 1682 vitm

1875 1725 2029 1765 usum
2058 1710 2358 1780 spectantia
2388 1711 2654 1780 colloquia
2688 1714 2839 1780 facit,
2884 1713 2937 1768 in
2973 1727 3069 1769 ore
3098 1714 3312 1770 laudem
3341 1716 3436 1772 Dei

193 1796 276 1865 τῷ
315 1794 536 1867 στόματι
570 1799 857 1871 ἀνθρώπου
901 1804 1009 1873 (60)
1044 1801 1178 1858 εἶναι
1211 1805 1463 1870 δύναται;
1497 1805 1624 1858 Ὅτε
1657 1804 1763 1856 δια-

1875 1817 1978 1856 non
2020 1800 2201 1856 habet.
2228 1800 2360 1856 Cum
2404 1800 2624 1866 dormit,
2663 1805 2882 1858 οιιιιιίιιο
2908 1803 3109 1860 silebit.
3154 1804 3438 1872 Quomodo

194 1888 417 1956 λέγεται
443 1891 539 1955 τὰς
573 1894 820 1964 συνήθεις
848 1897 940 1947 καὶ
970 1896 1226 1964 βιωτικάς
1259 1899 1493 1967 ὁμιλίαςν
1524 1900 1623 1951 οὐκ
1653 1898 1762 1968 ἔχει

205 1981 290 2034 τὸν
328 1980 473 2038 αἶνον
504 1986 599 2038 τοῦ
640 1987 771 2040 Θεοῦ
808 1991 865 2040 ἐν
906 1988 981 2057 τῷ
1022 1989 1267 2057 στόματι.
1321 1990 1450 2042 Ὅτε
1493 1990 1762 2052 καθεύδει,

195 2079 532 2143 σιωπήσεται
567 2079 801 2144 πάντως.
856 2081 1154 2144 Ἐσθίοντος
1182 2081 1237 2133 δὲ
1264 2082 1354 2134 καὶ
1383 2081 1623 2144 πίνοντος
1652 2081 1766 2145 πῶς

191 2169 482 2242 ἐνεργήσει
513 2170 574 2226 τὸ
603 2172 776 2243 στόμα
817 2170 914 2244 τὴν
947 2173 1184 2236 αἰνεσιν;
1223 2171 1362 2243 Πρὸς
1398 2170 1462 2241 δὴ
1499 2174 1657 2224 τοῦτο
1684 2171 1771 2224 λέέ

188 2276 389 2328 γομεν,
431 2264 510 2315 ὅτι
540 2263 653 2316 ἐστι
685 2263 783 2334 μέν
819 2282 869 2316 τι
915 2264 1008 2318 καὶ
1053 2262 1238 2335 νοητὸν
1281 2262 1452 2334 στόμα
1485 2260 1578 2314 τοῦ
1622 2261 1766 2315 ἔνδον

189 2350 503 2423 ἀνθρώπου,
530 2349 573 2421 ᾧ
599 2357 853 2426 τρέφεται
885 2356 994 2423 (61)
1026 2354 1452 2424 μεταλαμϐάνων
1485 2353 1578 2408 τοῦ
1606 2353 1764 2422 λόγου

189 2442 297 2513 τῆς
328 2445 488 2515 ζωῆς,
533 2447 589 2508 ὃς
625 2448 770 2498 ἐστιν
803 2447 963 2516 ἄρτος
993 2449 1056 2498 ἐκ
1101 2444 1195 2497 τοῦ
1240 2447 1465 2516 οὐρανοῦ
1501 2447 1761 2509 καταϐάς.

191 2535 336 2608 Περὶ
383 2538 588 2592 ἐκείνου
633 2537 726 2592 τοῦ
764 2539 1029 2610 στόματος
1073 2538 1169 2590 καὶ
1207 2553 1235 2590 ο
1273 2538 1562 2608 Προφήτης
1605 2537 1765 2608 φησὶν

187 2629 298 2684 δτιο
338 2634 407 2686 Τὸ
436 2634 627 2703 στόμα
646 2651 764 2703 μου
799 2631 1011 2700 ἤνοιξα
1032 2672 1044 2696 ,
1080 2630 1177 2684 καὶ
1214 2631 1473 2684 εἵλκυσα
1511 2628 1762 2698 πνεῦμα.

204 2723 412 2778 Ἐκεῖνο
453 2727 546 2779 καὶ
583 2728 609 2779 ὁ
639 2726 839 2796 Κύριος
883 2723 1231 2795 προκαλεῖται
1271 2724 1415 2795 ἡμᾶς
1457 2721 1764 2794 εὐρύχωρον

190 2812 338 2881 ἔχειν
374 2817 453 2877 εἰς
483 2816 743 2886 ὑποδοχὴν
794 2816 1177 2884 ἀφθονωτέραν
1243 2815 1350 2867 τῶν
1406 2814 1621 2885 τροφῶν
1665 2813 1764 2882 τῆς

189 2903 470 2973 ἀληθείας.
521 2907 835 2960 [Licinii-or
879 2909 1010 2975 γὰρ,
1061 2906 1214 2976 φησὶ,
1265 2907 1329 2958 τι)
1379 2907 1570 2974 στόμα
1621 2921 1758 2968 σου,

189 2995 290 3047 καὶ
325 2997 619 3065 πληρὼσω
660 2999 825 3052 αὐτό.
859 2999 1086 3051 Δύναται
1127 2993 1218 3051 οὖν
1269 2999 1301 3069 ἡ
1346 2997 1761 3067 ἐντετυπωμένη

189 3086 338 3152 ἅπαξ
364 3090 454 3142 καὶ
476 3091 636 3143 οἱονεὶ
660 3089 769 3160 (62)
792 3090 1205 3161 ἐσφραγισμένη
1231 3089 1308 3161 τῷ
1338 3089 1644 3160 ἡγεμονικῷ
1665 3089 1761 3160 τῆς

185 3179 369 3249 ψυχῆς
401 3182 526 3253 περὶ
559 3182 690 3235 Θεοῦ
734 3183 908 3236 ἔννοια
957 3185 1160 3246 αἴνεσις
1192 3181 1549 3252 ὀνομάζεσθαι
1593 3181 1755 3242 Θεοῦ,

185 3272 492 3338 διαπαντδς’
516 3276 890 3348 ἐνυπάρχουσα
936 3279 1000 3346 τῇ
1053 3276 1219 3347 ψυχῇ.
1269 3275 1495 3328 Δύναται
1537 3275 1593 3327 δὲ
1641 3276 1752 3338 καὶ,

187 3365 332 3416 κατὰ
363 3367 459 3435 τὴν
492 3367 848 3438 ἁποστολικὴν
878 3369 1177 3440 ὑποθήκην,
1212 3370 1239 3421 ὁ
1267 3369 1548 3431 σπουδαῖος
1580 3368 1755 3420 πάντα

188 3457 365 3506 ποιεῖν
400 3458 478 3518 εἰς
509 3456 664 3522 δόξαν
689 3457 844 3519 Θεοῦ,
891 3457 1028 3509 ὥστε
1059 3459 1234 3510 πᾶσαν
1277 3457 1490 3528 πρᾶξιν,
1522 3458 1614 3510 καὶ
1649 3459 1753 3510 πᾶν

184 3545 362 3615 ῥῆμα,
388 3548 484 3600 καὶ
511 3549 691 3602 πᾶσαν
719 3549 1002 3620 ἐνέργειαν
1029 3549 1235 3619 νοερὰν,
1260 3549 1514 3610 αἰνέσεως
1543 3548 1755 3617 ἐπέχειν

180 3636 436 3706 δύναμιν.
464 3641 584 3692 Εἴτε
610 3639 716 3712 γὰρ
750 3640 918 3694 ἐσθίει
948 3644 975 3694 ὁ
996 3641 1223 3705 δίκαιος,
1248 3641 1354 3693 εἴτε
1386 3641 1550 3701 πίνει,
1581 3641 1756 3693 πάντα

180 3733 265 3794 εἰς
300 3731 455 3796 δόξαν
502 3733 633 3785 Θεοῦ
680 3736 840 3787 ποιεῖ.
887 3733 993 3786 Τοῦ
1045 3733 1284 3787 τοιούτου
1329 3734 1676 3798 καθεύδοντος
1719 3736 1750 3805 ἡ

1869 1910 1996 1949 vero
2021 1895 2230 1949 edentis
2261 1903 2351 1947 aut
2392 1894 2625 1950 bibentis
2655 1909 2716 1950 os
2753 1896 2963 1952 Iaudem
2995 1897 3085 1954 Dei
3116 1900 3435 1970 deprometl

1865 1986 1948 2040 Ad
1983 1986 2084 2039 hoc
2121 1987 2519 2054 respondemus,
2544 1986 2810 2055 quoddam
2848 1987 3012 2041 etiam
3046 2002 3166 2045 esse
3200 1990 3434 2048 hominis

1869 2077 2063 2130 interni
2091 2077 2369 2146 spirituale
2391 2094 2452 2133 os
2475 2089 2638 2149 atque
2661 2077 3016 2148 intelligibile,
3039 2094 3149 2150 quo
3169 2083 3427 2148 nutritur,

1867 2169 1993 2224 dum
2020 2169 2246 2224 verbum
2270 2172 2394 2225 vita:
2420 2172 2630 2241 recipit,
2665 2173 2755 2243 qui
2783 2183 2866 2229 est
2890 2171 3064 2243 panis,
3085 2173 3178 2245 qui
3202 2174 3269 2230 de
3292 2173 3431 2231 caelo

1867 2263 2144 2318 descendit
2173 2264 2237 2317 ".
2277 2263 2350 2317 De
2391 2263 2479 2318 illo
2508 2279 2601 2320 ore
2631 2267 2792 2320 etiam
2834 2265 3103 2336 Proliheta
3135 2266 3374 2336 loquitur
3407 2284 3423 2322 :

1867 2355 1940 2411 0s
1970 2372 2139 2411 meum
2163 2357 2343 2425 aperui
2375 2367 2424 2411 et
2458 2358 2655 2410 attraxi
2682 2360 2922 2423 spiritum
2957 2361 3018 2415 η.
3043 2357 3304 2416 Hortatur
3333 2373 3431 2415 nos

1867 2451 2028 2503 etiam
2063 2448 2342 2514 Dominus,
2381 2457 2438 2502 ut
2468 2448 2700 2519 amplum
2731 2464 2792 2503 os
2829 2449 3145 2517 habeamus,
3179 2468 3288 2521 quo
3329 2468 3430 2508 co-

1868 2540 2070 2606 piosius
2122 2541 2449 2611 uberiusque
2486 2540 2740 2596 alimenta
2796 2542 3038 2599 veritatis
3076 2543 3429 2613 accipiamus.

1869 2631 2043 2683 Dilata
2090 2633 2245 2694 enim,
2288 2634 2483 2702 inquit,
2526 2650 2583 2688 os
2621 2625 2790 2698 tuum,
2832 2645 2880 2689 et
2924 2633 3144 2701 implebo
3193 2632 3328 2688 illud
3358 2633 3426 2686 ’⁸.

1866 2721 2050 2790 itaque
2091 2720 2186 2776 Dei
2232 2724 2490 2793 cogitatio
2535 2724 2698 2778 semel
2741 2725 3036 2794 impressa,
3083 2733 3138 2780 et
3169 2726 3320 2794 quasi
3365 2726 3421 2781 in

1866 2816 2132 2886 praecipua
2155 2817 2348 2871 anima:
2375 2826 2527 2886 parte
2550 2817 2853 2887 obsignata,
2886 2818 3004 2874 laus
3039 2819 3130 2875 Dei
3164 2821 3422 2890 appellari

1865 2917 2062 2976 potest,
2107 2923 2320 2978 semper
2355 2907 2406 2962 in
2433 2908 2612 2961 anima
2643 2908 2904 2963 insidens.
2932 2907 3120 2963 Potest
3145 2919 3324 2963 autem
3379 2919 3434 2964 et

1861 2997 2011 3063 juxta
2043 2999 2395 3067 apuswlicam
2433 2997 2855 3053 admonitionem
2903 2998 2984 3050 vir
3010 2999 3211 3067 probus
3241 3000 3424 3056 omnia

1866 3106 2022 3160 agere
2052 3092 2118 3144 ad
2149 3091 2239 3145 Del
2268 3091 2525 3160 gloriam,
2555 3091 2624 3145 ita
2663 3099 2721 3144 ut
2748 3091 2891 3145 actio
2922 3092 3118 3158 omnis,
3157 3107 3429 3163 omneque

1869 3183 2115 3245 verbum,
2173 3190 2228 3235 et
2269 3181 2565 3251 spiritualis
2612 3180 2789 3237 omnis
2826 3182 3066 3252 operatio
3099 3182 3205 3236 vim
3253 3182 3431 3241 laudis

1864 3273 2124 3330 obtineat.
2158 3272 2284 3327 Sive
2320 3274 2464 3326 enim
2506 3272 2618 3326 edit
2641 3272 2858 3338 justus,
2889 3272 3004 3326 sive
3044 3272 3217 3341 bibit,
3240 3275 3427 3332 omnia

1864 3363 1915 3417 in
1958 3365 2049 3418 Dei
2091 3363 2314 3434 gloriam
2362 3363 2583 3418 facit“.
2623 3364 2696 3418 Eo
2739 3364 3060 3429 dormiente,
3103 3355 3198 3422 car
3239 3367 3427 3437 vigilat

1859 3457 2010 3524 juxta
2039 3470 2196 3520 eum,
2244 3457 2336 3525 qui
2367 3456 2418 3509 in
2467 3455 2690 3511 Cantico
2729 3457 3064 3512 canticorum
3100 3458 3275 3515 dicit:
3309 3458 3422 3530 Ego

1861 3548 2085 3613 dormio,
2101 3556 2148 3601 et
2172 3564 2262 3601 cor
2287 3565 2457 3602 meum
2482 3549 2657 3618 vigilat
2676 3550 2742 3602 ".
2765 3548 2974 3604 Etenim
2997 3549 3122 3605 visae
3144 3549 3194 3604 in
3219 3549 3423 3605 somnis

1862 3637 2070 3705 species
2101 3647 2225 3692 sunt
2251 3652 2353 3692 non
2383 3653 2507 3692 raro
2540 3638 2848 3692 diurnorum
2880 3639 3264 3710 cogitationum
3293 3639 3424 3694 ima-

1859 3743 2028 3800 gines.

178 3820 378 3891 καρδία
445 3823 765 3894 ἐγρήγορεν,
801 3822 942 3876 κατὰ
976 3824 1067 3876 τὸν
1103 3825 1324 3877 εἰπόντα
1359 3827 1414 3877 ἐν
1447 3823 1523 3894 τῷ
1567 3823 1801 3894 ᾊσματι
1840 3819 1946 3873 τῶν
1976 3818 2235 3890 ᾀσμάτων
2258 3837 2270 3849 ·
2319 3818 2468 3887 Ἐγὼ
2500 3820 2785 3882 καθεύδω,
2832 3818 2931 3872 καὶ
2974 3820 3013 3888 ἠ
3061 3820 3276 3888 καρδία
3300 3837 3422 3890 μου

179 3913 474 3982 γρηγορεὶ
527 3915 612 3977 Ὠς
651 3915 759 3986 γὰρ
796 3916 888 3968 ἐπὶ
919 3915 1051 3968 πολὺ
1083 3917 1151 3968 τὰ
1197 3914 1316 3968 καθ’
1363 3915 1526 3969 ὕπνον
1565 3917 1918 3985 φαντάσματα
1958 3913 2057 3982 τῆς
2108 3910 2475 3981 μεθημερινῆς
2519 3910 2724 3973 ἐννοίας
2765 3911 2910 3964 ἔστὶν
2947 3912 3308 3983 ἀπηχήματα-

251 4005 305 4057 2.
349 4006 450 4057 Ἐν
486 4005 562 4069 τῷ
599 4008 792 4074 Κυρίῳ
825 4007 1282 4074 ἐπαινεθήσεται
1328 4008 1364 4072 ἡ
1412 4007 1580 4075 ψυχή
1611 4025 1748 4075 μου.

177 4096 407 4168 Μηδεὶς,
443 4097 605 4168 φησι,
633 4098 731 4169 τὴν
757 4099 894 4169 ἐμὴν
936 4098 1201 4160 ἐπίνοιαν,
1231 4097 1352 4151 καθ’
1395 4099 1462 4168 ἣν
1494 4097 1752 4165 διεσώθην

175 4192 244 4244 ἐκ
283 4190 390 4242 τῶν
421 4190 700 4255 κινδύνων,
737 4191 1046 4245 ἐπαινείτω.
1085 4193 1156 4244 Οὐ
1187 4190 1294 4260 γὰρ
1325 4191 1380 4242 ἐν
1405 4190 1631 4259 δυνάμει
1661 4191 1752 4240 ἀν-

179 4282 424 4356 θρώπου,
460 4283 580 4336 οὐδέ
608 4285 664 4336 ἐν
699 4281 810 4354 (65)
857 4283 1038 4354 σοφίᾳ,
1082 4283 1195 4336 ἀλλ’
1228 4286 1284 4335 ἐν
1329 4284 1394 4352 τῇ
1441 4283 1620 4352 χάριτι
1657 4281 1749 4332 τοῦ

173 4375 312 4429 Θεοῦ
331 4377 476 4428 ἐστιν
498 4379 530 4446 ἡ
552 4377 813 4447 σωτηρία.
837 4375 933 4443 Μὴ
955 4375 1294 4443 καυχάσθω,
1310 4374 1490 4444 φησιν,
1515 4376 1546 4427 ὁ
1566 4373 1750 4426 πλού-

173 4485 310 4532 σιος
341 4469 411 4521 ἐν
457 4467 535 4533 τῷ
568 4469 807 4533 πλούτῳ
839 4469 1044 4531 αὑτοῦ,
1081 4467 1234 4536 μήτε
1277 4471 1307 4521 ό
1340 4466 1530 4534 σοφὸς
1571 4466 1640 4518 ἐν
1672 4464 1747 4533 τῇ

172 4564 362 4630 σοφίᾳ
394 4561 598 4623 αὐτοῦ,
624 4558 776 4629 μήτε
800 4563 831 4614 ό
858 4559 1105 4628 ἰσχυρὸς
1137 4560 1206 4612 ἐν
1233 4557 1306 4626 τῇ
1343 4559 1509 4626 ἰσχύϊ
1533 4557 1739 4610 αὐτοῦ·

168 4653 309 4708 ἀλλ’
340 4654 376 4720 ἢ
407 4653 474 4706 ἐν
505 4655 690 4716 τούτῳ
716 4651 1040 4721 καυχάσθω
1070 4654 1101 4704 0'
1131 4649 1528 4720 καυχώμενος,
1563 4650 1631 4700 ἐν
1665 4648 1744 4712 τῷ

169 4748 410 4803 συνθεῖν
448 4750 543 4802 καὶ
584 4747 900 4817 γινώσκειν
941 4749 1158 4814 Κύριον
1209 4745 1315 4796 τὸν
1348 4743 1492 4796 Θεέν
1535 4742 1740 4796 αὑτοῦ.

183 4839 349 4908 Ὁρᾷς
375 4838 462 4891 τὸν
499 4837 814 4890 Ἀπόστολον
843 4835 959 4898 πῶς
984 4836 1108 4898 τοὺς
1135 4851 1256 4886 συνε
1268 4834 1428 4904 ργοίις
1452 4831 1542 4883 τοῦ
1571 4831 1742 4898 Εὐαγ-

166 4929 351 5000 γελίου
382 4931 624 4993 suav/ai;
663 4931 769 4994 ’¹ος
797 4929 925 4982 ἐστι
966 4926 1309 4990 σύνδουλος
1339 4923 1434 4977 καὶ
1465 4922 1739 4985 διάκονος

167 5021 338 5094 ὑμῶν
371 5020 479 5090 (64)
511 5022 578 5073 ἐν
611 5022 822 5088 Κυρίῳ.
876 5019 998 5071 Ἐὰν
1040 5019 1220 5090 μέντοι
1251 5035 1331 5080 τις
1371 5017 1461 5069 ἐπί
1491 5015 1740 5085 σώματος

237 5181 690 5246 "lCor.tv,12,
730 5181 820 5235 13.

166 5269 220 5320 x,
254 5255 344 5308 5t.

235 5393 349 5462 (60)
371 5392 521 5446 Multi
555 5408 681 5447 mss.
712 5389 997 5462 ἀνθρώπου
1025 5392 1139 5445 siue
1175 5388 1418 5443 articulo.
1464 5385 1606 5440 Editi
1639 5386 1731 5438 τοῦ

900 5184 941 5213 ¹⁷
968 5181 1126 5234 Ιίνιιι.
1155 5196 1251 5246 xu,
1284 5178 1335 5233 6.
1416 5179 1455 5211 ’⁸
1479 5175 1631 5246 Joan.
1666 5173 1850 5246 v1.55.

419 5255 463 5284 ”
502 5243 655 5307 Cant.
679 5243 737 5314 7v,
766 5253 819 5306 2.
889 5253 933 5282 ’³
971 5251 1166 5306 Jerem.
1203 5243 1276 5313 Ii,
1306 5250 1396 5312 25,
1420 5248 1508 5301 24.
1587 5245 1630 5277 “
1661 5243 1868 5299 Coluss.
1921 5257 1994 5307 Iv,
2047 5244 2098 5296 Ἰ.

1926 4006 1981 4055 ‘2.
2022 4001 2185 4055 Vens.
2226 4003 2280 4055 5.
2337 4001 2404 4055 In
2453 4001 2673 4056 Domino
2719 4004 3020 4057 laudabitur
3059 4005 3235 4059 anima
3282 4022 3417 4062 mea.

1856 4094 2062 4158 Nullus,
2108 4093 2301 4162 inquit,
2338 4109 2510 4160 meam
2539 4097 2880 4161 industriam,
2906 4112 3001 4167 per
3027 4111 3187 4166 quam
3211 4111 3241 4150 e
3269 4099 3416 4168 peri-

1855 4186 1990 4242 culis
2016 4186 2297 4240 incolumis
2318 4186 2500 4250 evasi,
2533 4186 2735 4241 laudet.
2763 4185 2948 4255 Neque
2976 4187 3121 4243 enim
3149 4187 3202 4242 in
3229 4198 3417 4258 poten-

1858 4281 1928 4330 tia
1969 4276 2221 4348 hominis,
2267 4291 2441 4345 neque
2479 4277 2532 4330 in
2567 4277 2860 4346 sapientia.
2898 4281 2991 4334 sed
3028 4280 3079 4334 in
3118 4280 3210 4335 Dei
3244 4282 3417 4350 gratia

1855 4368 1999 4423 salus
2016 4379 2116 4424 est.
2147 4368 2272 4422 'Non
2297 4368 2576 4438 glorietur,
2603 4371 2796 4439 inquit,
2823 4371 2962 4426 dives
2986 4372 3041 4425 in
3063 4373 3260 4426 divitiis
3284 4375 3415 4441 suis,

1854 4477 2014 4529 neque
2044 4459 2249 4528 sapiens
2277 4462 2330 4512 in
2357 4460 2616 4526 sapientia
2649 4477 2767 4526 sua,
2803 4477 2966 4531 neque
2994 4460 3148 4528 fortis
3174 4462 3228 4518 in
3255 4462 3416 4531 forti-

1852 4553 2034 4606 tudine
2064 4569 2161 4606 sua
2198 4567 2216 4606 :
2248 4554 2339 4604 sed
2363 4553 2417 4605 in
2447 4550 2543 4604 hoc
2571 4551 2825 4621 glorietur
2845 4552 2936 4619 qui
2961 4554 3249 4622 gloriatur.
3277 4556 3419 4623 quod

1852 4645 2092 4713 intelligit
2120 4654 2168 4698 et
2191 4647 2451 4714 cognoscit
2482 4643 2765 4697 Dominum
2795 4643 2958 4698 Deum
2980 4662 3134 4700 suum
3157 4647 3226 4702 ’⁸.
3254 4646 3416 4704 Vides

1850 4737 2115 4804 quomodo
2173 4736 2464 4805 Apostolus
2515 4737 2789 4803 adjutores
2849 4734 3125 4804 Evangelii
3181 4737 3413 4793 laudet?

1851 4825 1953 4891 Qui
1979 4837 2050 4879 est
2082 4842 2354 4880 conservus
2379 4839 2424 4880 et
2454 4828 2689 4880 minister
2709 4837 2879 4881 vester
2901 4830 2955 4882 in
2986 4828 3212 4883 Domino
3245 4830 3316 4885 ".
3353 4832 3411 4885 Si

1848 4919 1968 4987 quis
2005 4928 2182 4973 autem
2217 4919 2286 4973 ob
2321 4921 2564 4988 corporis
2602 4922 2942 4990 elegantiam,
2979 4930 3071 4977 aut
3121 4932 3407 4991 parentum

1848 5011 2223 5066 claritudinem
2278 5010 2548 5077 laudatur,
2611 5028 2717 5066 non
2773 5013 2825 5066 in
2879 5013 3105 5069 Domino
3157 5013 3410 5068 laudatur

1930 5172 1969 5203 τ’
1998 5170 2138 5224 Psal.
2171 5186 2356 5235 cxvm,
2389 5171 2510 5224 151.
2587 5170 2633 5202 ’⁸
2650 5169 2795 5224 Psal.
2827 5184 2985 5233 uxr,
3012 5168 3098 5223 ii.
3174 5166 3412 5226 "lCur.

1915 5383 2024 5455 (63)
2061 5383 2237 5438 Editio
2286 5383 2465 5437 Paris.
2507 5383 2540 5454 ἢ
2588 5384 2667 5436 ἐν.
2711 5382 2782 5437 At
2827 5381 3064 5452 quinque
3117 5395 3248 5435 mss.
3289 5376 3415 5434 οὐδὲ

1875 5473 1901 5508 ν

161 5457 470 5537 Mediam-
795 5457 828 5537 ξ
929 5531 938 5537 .
1844 5457 1869 5507 έ

164 5599 194 5624 τ
234 5528 346 5644 (ὁίέ)
370 5532 614 5586 Nonnulli
644 5546 772 5586 mss.
793 5531 820 5584 ὃ
848 5531 1126 5601 τρέφεται.
1155 5529 1254 5582 Alii
1282 5545 1411 5584 mss.
1433 5543 1552 5582 cum
1575 5528 1734 5581 editis

164 5624 205 5644 Ιιὶ
234 5623 302 5644 *Ρη
340 5621 493 5644 τοςτιηῑ

158 5624 205 5674 ῳ
234 5621 623 5747 ἷὲἑῑρὶῗιῗιιιιὶιί
656 5689 785 5747 mss.
820 5672 1003 5724 οἱονεί.
1042 5671 1181 5724 Editi
1211 5666 1567 5724 οἷον.11)ἰάθω
1597 5667 1730 5737 Reg.

162 5742 351 5805 tertius
378 5742 876 5813 ἐνεσφραγισμένη.

441 5838 714 5896 Ρηιιοι..
753 5838 869 5896 Gn.
911 5831 1148 5896 XXIX.

1908 5494 2026 5596 ’(64)
2058 5525 2231 5578 Editio
2258 5523 2434 5596 Paris.
2455 5539 2574 5579 cum
2605 5522 2753 5579 Colb.
2779 5532 2933 5579 sexto
2959 5522 3206 5596 διάκονος
3229 5518 3411 5591 ἡμῶν.

1845 5604 1899 5665 et
1926 5594 2001 5649 ita
2022 5595 2221 5664 legerat
2251 5595 2539 5665 interpres,
2571 5596 2808 5648 minister
2842 5604 3046 5647 noster.
3071 5594 3246 5648 Editio
3282 5605 3412 5646 vero

1843 5664 2007 5721 Basil.
2039 5676 2092 5721 et
2118 5675 2242 5722 octo
2261 5664 2656 5729 mss.6tdxovo;
2684 5665 2858 5739 ὑμῶν,
2889 5673 3056 5720 recte.

2995 5823 3075 5886 12
