4098 6324
714 339 820 389 355

2025 329 2081 385 S.
2124 329 2206 383 BA
2216 326 2364 383 SILI]
2408 326 2544 382 MAG
2553 329 2619 380 Nl

3828 323 3923 374 338

704 450 879 500 anima
916 447 1079 512 ipsius
1117 461 1133 498 :
1169 446 1261 497 sed
1296 444 1537 511 quisquis
1588 441 1710 494 talis
1759 452 1860 503 est,
1918 444 1968 493 in
2022 444 2255 493 vanitate

2358 439 2559 495 κάλλει.
2597 446 2629 506 ὴ
2657 439 2854 504 γονέων
2880 438 3205 507 περιφανείᾳ
3229 437 3556 494 ἐπαινεῖται,
3587 438 3694 489 οὑκ
3729 438 3785 489 ὲν
3822 437 3925 487 Κυ-

695 535 1060 591 constituitur.
1092 533 1273 597 Neque
1307 532 1451 583 enim
1492 530 1679 581 media:
1713 539 1856 582 artes
1884 529 2090 581 laudem
2126 542 2252 581 vere

691 630 1000 676 merentur:
1035 621 1457 687 gubernatores,
1500 618 1717 681 medici,
1754 628 1996 672 oratores
2029 625 2120 668 aut
2164 632 2251 669 ar—

689 708 929 773 chitecti,
959 709 1047 775 qui
1078 710 1260 770 urbes,
1296 718 1388 759 aut
1417 709 1743 777 pyramides,
1776 705 2247 777 autlnbyrintlms,

694 808 786 851 aut
817 798 976 850 aliam
1008 800 1295 864 quamdam
1333 808 1700 867 sumptuosam
1727 813 1788 850 ac
1806 799 2089 865 superbam
2121 800 2249 853 tedi-

691 890 930 942 liciorum
962 891 1155 942 molem
1187 899 1497 964 exstruunt.
1527 889 1608 943 0b
1640 890 1755 942 haec
1800 890 1889 955 qui
1939 889 2247 956 laudamur,

688 997 792 1034 non
825 980 877 1034 in
907 981 1130 1037 Domino
1156 996 1306 1033 suam
1347 983 1544 1036 habent
1572 982 1830 1034 animam.
1863 980 2008 1035 Satis
2036 992 2119 1035 est
2148 998 2248 1035 no-

688 1072 773 1125 bis
802 1072 868 1125 ad
903 1087 1115 1125 onmem
1140 1071 1482 1141 dignitatem,
1518 1072 1653 1124 tanti
1686 1069 1897 1125 Domini
1938 1087 2123 1126 servos
2155 1091 2250 1126 no-

688 1166 901 1220 minari.
928 1163 1174 1234 Nunquid
1207 1165 1347 1219 enim
1374 1163 1466 1232 qui
1513 1163 1623 1233 regi
1657 1162 1813 1235 145
1842 1161 2152 1230 famulatur,
2194 1180 2252 1219 se

687 1259 806 1311 ideo
834 1257 1059 1325 iactabit
1088 1259 1226 1326 quod
1266 1257 1317 1309 in
1364 1256 1464 1311 hoc
1492 1266 1582 1309 aut
1617 1258 1667 1311 in
1708 1259 1797 1311 illo
1834 1258 2120 1312 ministerii
2154 1275 2249 1312 or-

691 1350 815 1403 dine
836 1350 1135 1405 collocatus
1157 1358 1277 1403 est:
1311 1349 1400 1417 qui
1430 1364 1560 1403 vero
1588 1351 1779 1419 dignus
1808 1348 2022 1404 habitus
2049 1360 2131 1405 est
2160 1354 2249 1420 qui

686 1439 796 1497 Dco
824 1441 1060 1503 serviat,
1095 1438 1309 1493 aliunde
1355 1439 1540 1493 laudes
1572 1438 1671 1492 sibi
1706 1439 2060 1509 echgitabit,
2092 1442 2245 1507 quasi

690 1535 755 1586 ad
785 1548 999 1587 omnem
1029 1531 1212 1601 gloriae
1239 1532 1645 1601 splendorisque
1664 1532 1935 1586 cumulum
1966 1532 2251 1601 appellatio

688 1627 897 1682 Domini
932 1627 1033 1681 sibi
1066 1642 1167 1680 non
1198 1624 1463 1680 sumciut?
1495 1620 1563 1677 In
1597 1622 1821 1676 Domino
1861 1624 2024 1693 igitur
2057 1624 2247 1677 lauda-

686 1720 827 1770 bitur
878 1718 1058 1770 anima
1112 1733 1245 1768 mea.
1296 1714 1530 1767 Audiant
1570 1713 1850 1775 mansueti,
1884 1724 1930 1767 et
1983 1714 2243 1767 lwlentar.

685 1808 1123 1877 Quandoquidem
1164 1806 1280 1861 sine
1321 1806 1536 1875 praelia,
1581 1804 1771 1873 inquit,
1823 1819 1886 1858 ex
1932 1804 2042 1859 sola
2094 1802 2247 1860 faciei

685 1901 1059 1955 immutatione
1113 1900 1347 1954 inimicis
1394 1913 1485 1966 per
1531 1896 1622 1950 Dei
1674 1896 1932 1949 auxilium
1975 1897 2247 1966 deceptis,

687 1993 815 2051 inibi
846 2003 995 2064 parta
1026 1995 1172 2048 salus
1195 2002 1277 2045 est
1303 2009 1315 2042 :
1350 1991 1577 2043 Audiant
1609 1991 1890 2056 m‘ansueti,
1943 1988 2058 2045 ﬁeri
2090 2006 2247 2061 posse

687 2098 742 2141 ut
773 2097 821 2142 et
850 2088 1186 2157 quiescentes
1226 2083 1436 2153 erigant
1471 2090 1750 2151 tropaeum,
1794 2092 1849 2136 et
1894 2084 2114 2136 minime
2150 2099 2249 2151 pn-

688 2190 937 2249 gnantes,
966 2180 1199 2232 victores
1223 2176 1597 2231 declarentur:
1630 2175 1695 2229 Et
1721 2177 1980 2238 (uitentur,
2015 2175 2078 2226 ad
2108 2189 2248 2227 mana

685 2270 1020 2323 suetudinem
1050 2268 1477 2334 amplectendam
1510 2282 1626 2318 meo
1652 2263 1896 2329 exemplo
1921 2263 2244 2315 conﬁrmati.

686 2363 800 2416 Hoc
826 2362 969 2415 enim
1002 2359 1181 2427 accepi
1220 2358 1457 2411 muneris
1487 2372 1514 2407 a
1550 2358 1675 2413 Deo.
1704 2355 1845 2420 quod
1878 2355 2247 2408 mansuetudi-

688 2469 810 2507 nem
866 2450 1099 2521 implevi.
1152 2447 1431 2511 Memento,
1486 2445 1942 2508 Domine,David,
1982 2454 2029 2498 et
2077 2446 2245 2498 omnis

685 2544 1103 2598 mansuetudinis
1126 2545 1240 2612 ejus
1263 2541 1331 2597 ".
1364 2540 1591 2595 Maxima
1617 2540 1759 2593 enim
1789 2540 2066 2604 virtutum,
2098 2553 2249 2591 ruan-

686 2639 915 2691 suetudo
950 2648 1050 2700 est,
1080 2644 1408 2704 quaproptcr
1440 2644 1493 2686 et
1519 2633 1658 2685 inter
1690 2632 2046 2685 bcatitndines
2079 2630 2249 2684 adnu-

686 2737 942 2779 meratur.
970 2725 1117 2777 Beati
1147 2726 1305 2785 enim,
1337 2721 1976 2792 inquit.mites,quoniam
2006 2721 2105 2787 ipsi
2128 2737 2247 2787 ροισι

682 2816 920 2869 sidebant
958 2827 1151 2867 terram
1179 2814 1245 2866 ".
1282 2813 1412 2865 Nam
1458 2825 1596 2865 terra
1637 2812 1755 2874 illa,
1803 2811 2041 2863 cmleslis
2089 2808 2243 2862 Jeru-

682 2906 872 2970 salem,
906 2906 1131 2975 Spolium
1186 2918 1288 2957 non
1322 2912 1401 2956 est
1435 2899 1782 2970 pugnantium
1818 2913 1831 2951 :
1866 2898 1957 2952 sed
2003 2898 2212 2965 mquani

683 3016 893 3054 morum
929 3014 992 3053 ac
1022 3008 1422 3053 mansuelorum
1454 2998 1695 3051 virorum
1729 2993 2013 3047 hazrcditas
2044 3006 2243 3063 propo-

685 3093 850 3147 nitur.
882 3092 1023 3146 ldern
1057 3102 1235 3145 autem
1264 3090 1405 3143 valet
1432 3090 1554 3153 hoc,
1590 3087 1819 3140 Audiam
1858 3086 2138 3148 mansueti,
2168 3093 2247 3135 at-

682 3202 789 3256 que
816 3186 964 3249 illud,
992 3186 1220 3237 Audiam
1250 3181 1442 3236 Christi
1472 3180 1738 3249 discipuli.
1766 3178 2035 3233 Fortassis
2066 3188 2242 3229 autem

686 3280 995 3349 prophetico
1042 3278 1153 3330 vult
1206 3274 1517 3328 miraculum
1566 3272 1809 3326 beneﬁcii
1850 3286 1878 3321 a
1929 3269 2036 3321 Deo
2087 3269 2141 3321 in
2185 3282 2244 3320 se

683 3371 862 3424 collati
910 3370 974 3422 ad
1003 3381 1099 3421 nos
1134 3382 1302 3435 usque
1337 3364 1637 3433 pervenire.
1677 3362 1912 3416 Audiaut
1957 3360 2100 3412 enim
2152 3360 2240 3425 qui

682 3461 867 3517 multis
914 3470 1035 3530 post
1094 3458 1536 3529 generationibus
1596 3454 1759 3508 futuri
1814 3462 1939 3508 sunt
1992 3453 2239 3523 discipuli

682 3555 905 3610 Christi.
942 3552 1219 3621 Siquidem
1268 3553 1366 3606 hos
1410 3548 1707 3603 nominavit
1758 3556 2087 3610 mansuetos,
2132 3546 2255 3616 qui-

684 3647 781 3700 bus
831 3645 1087 3699 Dominus
1130 3646 1204 3697 ait
1247 3661 1259 3695 :
1314 3643 1505 3695 Discite
1535 3658 1564 3694 a
1610 3657 1689 3693 me
1722 3642 1849 3708 quia
1884 3639 2024 3691 mitis
2057 3654 2171 3691 sum
2204 3646 2252 3690 et

683 3738 894 3792 humilis
923 3738 1076 3790 corde
1109 3737 1174 3789 ".
1217 3735 1315 3799 Qui
1348 3734 1489 3786 enim
1547 3730 1749 3785 sedatis
1795 3738 1918 3784 sunt
1982 3728 2252 3793 moribus,

685 3841 737 3884 et
773 3831 839 3884 ab
872 3829 1015 3882 omni
1055 3827 1413 3881 commotione
1458 3823 1635 3887 liberi,
1670 3826 1806 3875 adeo
1839 3830 1896 3873 ut
1946 3821 2086 3873 nulla
2120 3820 2249 3873 insit

688 3923 741 3976 in
776 3938 961 3976 eorum
994 3921 1189 3975 animis
1226 3917 1578 3989 perturbatio,
1609 3916 1645 3969 ii
1675 3914 1937 3968 mansueti
1968 3912 2243 3981 appellan-

684 4022 792 4068 tur.
826 4014 1162 4083 Quapropter
1192 4014 1351 4067 etiam
1394 4009 1599 4079 Moyses
1644 4022 1804 4077 supra
1840 4020 2029 4059 omnes
2071 4004 2244 4058 horni—

688 4122 784 4161 nes
824 4116 980 4160 terra:
1012 4114 1322 4159 mansuetus
1352 4102 1517 4156 fuisse
1542 4101 1853 4170 perhibetur
1879 4098 1944 4152 ³⁸.

2357 526 2454 595 piro
2482 529 2781 579 ἐπαινεῖται
2810 526 2971 580 αὑτοῦ
2999 529 3030 597 ἡ
3056 527 3221 596 ψυχὴ,
3266 529 3377 580 ἀλλ’
3405 530 3462 580 ἒν
3500 529 3569 595 τῇ
3602 529 3927 598 ματαιότητε

2352 618 2465 667 ἐστι
2503 615 2613 667 τῶν
2644 618 2894 671 τοιούτων
2926 618 3171 681 ἕκαστος.
3220 619 3353 671 Οὐδὲ
3393 620 3502 689 γὰρ
3550 617 3605 669 αἱ
3644 618 3813 685 μέσαι
3852 620 3927 670 τέ-

2352 723 2472 775 χναι
2501 706 2612 775 (65)
2640 707 2700 759 τὸ
2728 707 2994 777 ἀληθινῶς
3026 710 3303 761 ἐπαινετὸν
3338 712 3541 781 ἔχουσι,
3571 710 3924 783 κυϐερνῆται,

2356 798 2544 866 ἰατροὶ,
2566 801 2809 871 ῥήτορες,
2830 802 2861 871 ἢ
2884 801 3258 873 ἀρχιτέκτονες
3297 804 3479 868 πόλεις
3505 805 3927 876 οἰκοδομοῦντες

2352 888 2383 957 ἦ
2419 891 2746 960 πυραμίδας,
2773 894 2803 961 ἢ
2835 893 3263 966 λαϐυρίνθους,ἦ
3300 895 3463 957 ἄλλοις
3497 900 3656 963 τινὰς
3686 900 3924 965 δαπανηο

2353 979 2450 1048 ρας
2490 980 2523 1050 ἢ
2571 981 2903 1052 ὑπερόγκους
2951 985 3392 1054 οἰκοδομημάτων
3442 988 3833 1052 κατασκευάς.
3869 990 3925 1039 Οί

2351 1071 2441 1121 ἐπὶ
2468 1070 2675 1136 τούτοις
2713 1074 3111 1143 ἐπαινούμενοι.
3145 1078 3243 1128 οὑκ
3275 1077 3330 1127 ἐν
3367 1076 3558 1146 Κυρίῳ
3600 1079 3720 1150 (66)
3750 1081 3925 1150 ἔχουσι

2347 1162 2445 1231 τὴν
2474 1164 2679 1216 ἑαυτῶν
2712 1164 2908 1235 ψυχήν.
2953 1166 3135 1235 Ἀρκεῖ
3165 1170 3294 1238 ἡμῖν
3341 1168 3477 1237 πρὸς
3526 1169 3680 1222 ἆπαν
3718 1173 3926 1242 ἀξίωμα

2349 1255 2409 1305 τὸ
2454 1254 2770 1324 τηλικούτου
2815 1256 3085 1309 Δεσπότου
3118 1258 3332 1320 δούλους
3366 1260 3510 1329 ἡμᾶς
3538 1261 3922 1328 ὀνομάζεσθαι.

2350 1347 2421 1399 Ού
2448 1345 2616 1417 δήπου
2645 1348 2751 1420 γὰρ
2784 1349 2988 1419 βασιλεῖ
3031 1349 3127 1419 μέν
3162 1368 3243 1413 τις
3275 1350 3563 1422 ὑπηρετῶν
3602 1352 3753 1420 μέγα
3799 1372 3923 1424 φροο

2351 1442 2521 1511 νήσει,
2557 1442 2642 1495 διὰ
2676 1444 2736 1495 τὸ
2789 1446 2845 1496 ὲν
2891 1446 3014 1515 τῇδε
3056 1447 3120 1515 τῇ
3164 1445 3313 1510 τάξει
3348 1447 3446 1512 τῆς
3484 1447 3802 1515 ὑπηρεσίας
3841 1466 3923 1501 τε-

2349 1533 2575 1603 τάχθαιο
2610 1534 2729 1604 Θεῴ
2770 1535 2826 1587 δὲ
2872 1536 3224 1603 καταξιωοεὶς
3270 1536 3573 1607 λατρεύειν,
3630 1537 3923 1605 ἀλλαχόθεν

2349 1628 2470 1688 τοὺς
2519 1627 2769 1689 ἐπαίνους
2802 1629 2977 1699 ἑαυτῴ
3012 1631 3350 1701 περινοήσει,
3399 1630 3474 1692 ὡς
3506 1630 3610 1681 οὑκ
3649 1632 3704 1698 ά,
3733 1632 3925 1700 κούσης

2351 1716 2498 1786 αὑτῷ
2526 1718 2623 1788 τῆς
2650 1718 2986 1789 ἐπικλήσεως
3016 1721 3107 1772 τοῦ
3144 1721 3344 1792 Κυρίου
3376 1722 3510 1793 πρὸς
3545 1724 3735 1775 πᾶσαν
3779 1725 3925 1793 δόξης

2350 1812 2441 1863 καὶ
2467 1811 2815 1880 περιφανείας
2848 1812 3177 1883 ὑπερϐολήν;
3214 1815 3313 1869 Ἐν
3337 1816 3414 1879 τῷ
3440 1817 3639 1883 Κυρίῳ
3659 1812 3757 1869 οὖν
3778 1817 3928 1868 exui-

2351 1902 2666 1969 νεθήσεται
2700 1903 2737 1969 ἡ
2784 1904 2951 1971 ψυχή
2999 1922 3136 1973 μου.
3195 1906 3651 1961 Ἀκουσάτωσαν
3699 1910 3925 1975 πραεῖς,

2358 1997 2455 2050 καὶ
2488 1996 3011 2066 εὐφρανθὴτωσαν.
3071 1997 3285 2067 Ἐπειδὴ
3320 2000 3444 2052 ἄνευ
3479 2000 3747 2070 πολέμου,

2360 2088 2690 2159 κατωροώθη
2736 2107 2822 2160 μοι
2852 2088 2959 2160 (67)
2998 2092 3029 2160 ὴ
3067 2090 3306 2159 σωτηρία
3348 2094 3409 2142 ἐκ
3441 2094 3613 2163 μόνης
3655 2094 3761 2161 τῆς
3797 2092 3928 2143 κατὰ

2353 2180 2642 2249 πρόσωπον
2679 2181 3031 2244 ἀλλοιώσεως,
3066 2182 3153 2233 διὰ
3193 2182 3289 2251 τῆς
3322 2182 3413 2234 τοῦ
3444 2183 3582 2235 θεοῦ
3628 2183 3925 2251 σὐνεργέας

2350 2268 2736 2339 άπατηθέντων
2760 2270 2867 2321 τῶν
2892 2271 3015 2322 πολε
3026 2272 3180 2339 μίωνο
3219 2271 3676 2325 Ἀκουσὰτωσαν
3702 2272 3925 2337 πραεῖς,

2349 2361 2429 2413 ὅτι
2456 2358 2679 2413 δυνατὸν
2718 2363 2808 2413 καὶ
2852 2361 3220 2431 ἡσυχάζοντας
3266 2365 3476 2435 ἐγεῖραι
3516 2365 3811 2433 τρόπα.ον,
3843 2366 3927 2417 καί

2354 2455 2428 2523 μὴ
2464 2452 2800 2523 μαχομένους
2842 2452 3065 2522 νικητὰς
3094 2455 3467 2524 ἀποφανθῆναι
3489 2472 3502 2483 ·
3534 2452 3645 2507 Καὶ
3672 2457 3928 2521 εὐφραν-

2350 2542 2644 2608 θήτωσαν,
2692 2542 3063 2613 βεϐαιούμενοι
3096 2546 3173 2605 είς
3217 2545 3313 2613 τὴν
3364 2545 3650 2612 πραότητα
3680 2543 3765 2613 τῷ
3816 2544 3926 2597 κατ’

2350 2634 2449 2702 ἐμὲ
2502 2634 2875 2705 ὑποδείγματι.
2925 2633 3155 2685 Ἔλαϐον
3199 2632 3307 2705 γὰρ
3354 2634 3561 2701 ταύτην
3615 2636 3719 2704 τὴν
3775 2635 3930 2707 χάριν

2351 2725 2501 2795 παρὰ
2528 2726 2659 2777 Θεοῦ
2685 2768 2698 2791 ,
2730 2726 2918 2797 ἐπειδὴ
2953 2724 3285 2797 κατώρθωσα
3311 2724 3409 2793 τὴν
3438 2725 3755 2795 πραότητα.
3781 2726 3930 2789 Μνή-

2349 2819 2541 2881 σθητι,
2568 2821 2761 2885 Κύριε,
2783 2820 2887 2871 τοῦ
2913 2820 3086 2872 Δαϐὶδ
3108 2819 3205 2871 καὶ
3234 2818 3435 2885 πάσης
3451 2818 3561 2885 τῆς
3594 2821 3928 2886 πραότητος

2349 2908 2551 2961 αὑτοῦ.
2608 2910 2850 2980 Μεγίστη
2901 2911 3008 2980 γὰρ
3045 2909 3150 2961 τῶν
3190 2910 3394 2980 ἀρετῶν
3441 2914 3473 2980 η
3518 2912 3804 2979 πραότης·
3857 2910 3929 2961 διὸ

2350 3000 2441 3053 καὶ
2473 3004 2582 3063 τοῖς
2612 3006 2977 3071 μακαρισμοῖς
3006 3003 3434 3069 ἐγκατείλεκται.
3469 3002 3765 3067 Μακάριοι
3800 3001 3926 3069 γὰρ.

2353 3093 2534 3163 φησὶν,
2570 3096 2620 3145 οὶ
2653 3091 2876 3159 πραεῖς,
2909 3092 2994 3144 ὅτι
3035 3094 3201 3145 αὐτοὶ
3247 3092 3786 3159 κληρονομήσουσι
3824 3091 3928 3157 τὴν

2350 3183 2484 3252 γῆν.
2516 3185 2726 3253 Ἐκείνη
2751 3185 2856 3255 γάρ
2883 3187 2914 3254 ή
2937 3188 3077 3253 γῆ,ὴ
3110 3185 3424 3254 ἐπουράνιος
3459 3183 3846 3253 Ἰερουσαλὴμ.
3872 3182 3924 3235 οὑ

2350 3276 2557 3344 γίνεται
2590 3277 2694 3328 τῶν
2731 3278 3051 3347 μαχομένων
3096 3278 3351 3348 λάφυρον,
3382 3276 3516 3329 ἀλλὰ
3553 3277 3924 3347 μαχροθύμων

2350 3366 2443 3417 καὶ
2473 3367 2807 3435 πραῦπαθῶν
2838 3368 3043 3439 ἀνδρῶν
3076 3370 3360 3440 πρόκειται
3388 3369 3751 3440 κληρονομία.
3794 3370 3924 3421 Ἱσον

2350 3458 2404 3511 δὲ
2431 3458 2650 3512 δύναται
2673 3461 2751 3519 τὸ,
2792 3461 3242 3515 Ἀκουσάτωσαν
3265 3462 3488 3530 πραεῖς,
3514 3465 3604 3513 καὶ
3621 3462 3703 3522 τὸ,
3740 3462 3926 3513 Ἄκου-

2351 3550 2633 3603 σάτωσαν
2669 3552 2777 3622 (68)
2813 3558 2864 3607 οἱ
2908 3555 3163 3623 Χριστοῦ
3192 3556 3467 3624 μαθηταί.
3519 3556 3673 3622 Τάχα
3714 3553 3771 3605 δὲ
3805 3570 3926 3622 προ-

2354 3642 2597 3712 φητικῶς
2650 3643 2892 3712 βούλεται
2930 3647 3117 3715 μέχρις
3151 3645 3305 3715 ἡμῶν
3337 3644 3584 3711 διαϐῆναι
3636 3643 3703 3695 τὸ
3749 3644 3927 3713 θαῦμα

2352 3731 2451 3799 τῆς
2486 3732 2576 3782 τοῦ
2625 3732 2758 3783 Θεοῦ
2803 3736 2878 3796 εἰς
2917 3734 3075 3785 αὑτὸν
3108 3733 3443 3803 εὐεργεσίας.
3504 3733 3927 3786 Ἀκουσάτωσαν

2354 3823 2458 3892 γὰρ
2487 3824 2535 3874 οἱ
2566 3823 2784 3885 πολλαῖς
2817 3823 3037 3895 ὕστερον
3070 3827 3282 3892 γενεαῖς
3307 3824 3635 3894 γενήσεσθαι
3669 3825 3768 3877 τοῦ
3796 3827 3927 3892 Χρι-

2356 3911 2480 3963 στοῦ
2548 3912 2784 3983 μαθηταὶ
2846 3913 3144 3982 μέλλοντες.
3208 3913 3438 3977 Τούτους
3494 3915 3606 3983 γὰρ
3675 3914 3928 3982 ὠνόμασε

2352 4006 2568 4071 πραεῖς,
2605 4000 2685 4065 οἷς
2716 4006 2744 4055 ὁ
2776 4006 2974 4075 Κύριος
3001 4005 3336 4072 διαλέγεται·
3364 4003 3589 4057 Μάθετε
3620 4005 3725 4056 ἀπ’
3764 4004 3927 4072 ἐμοῦ.

2356 4094 2443 4147 ὅτι
2478 4098 2667 4163 πραῢς
2703 4100 2816 4166 ειμι
2857 4098 2965 4169 (69)
3016 4099 3110 4151 καὶ
3161 4098 3438 4163 ταπεινὸς
3474 4096 3548 4164 τῇ
3588 4096 3831 4164 καρδίᾳ.
3874 4098 3930 4149 Ol

686 4199 1108 4269 κατεσταλμένοι
1126 4198 1193 4250 τὰ
1215 4198 1318 4268 ἧΘη
1344 4198 1438 4249 καὶ
1462 4194 1661 4258 παντὸς
1724 4193 1930 4255 πάθους
1987 4189 2416 4259 ἀπηλλαγμένοι,
2486 4188 2560 4251 ὼς
2611 4192 2876 4261 μηδεμίαν
2916 4192 3057 4260 ἔχειν
3100 4190 3339 4261 ταραχὴν
3390 4189 3708 4243 ἐνοικοῦσαν
3756 4190 3932 4243 αὑτῶν

686 4295 803 4355 ταῖς
827 4291 1052 4361 ψυχαῖς,
1083 4285 1223 4343 οὗτοι
1256 4292 1447 4359 πραεῖς
1481 4286 1996 4357 προσαγορεύονται.
2066 4282 2155 4335 Διὸ
2190 4284 2282 4335 καὶ
2320 4284 2556 4354 Μωῦσῆς
2611 4286 3023 4355 μεμαρτύρηται
3076 4284 3254 4355 πραῢς
3327 4279 3464 4336 εἶναι
3518 4284 3673 4353 παρὰ
3723 4284 3931 4344 πάντας

689 4381 1005 4453 ἀνθρώπους
1031 4382 1122 4433 ἐπὶ
1148 4380 1244 4456 τῇς
1268 4379 1393 4449 γῆς.

759 4476 812 4528 ’5.
858 4474 1016 4528 Vsus.
1062 4472 1114 4527 4.
1154 4471 1492 4540 Magni/irate
1526 4468 1806 4522 Dominum
1850 4483 2073 4519 mecum.
2103 4466 2249 4519 Con-

2424 4464 2475 4516 5.
2522 4465 2901 4530 Μεγτιλὺνατε
2931 4463 3040 4516 τὸν
3062 4465 3277 4531 Κύριον
3305 4464 3426 4516 σὺν
3455 4462 3605 4532 ἐμοί.
3643 4464 3935 4534 Πρέποντα

687 4567 988 4620 venientem
1019 4566 1120 4618 sibi
1145 4565 1369 4618 chorum
1406 4561 1471 4616 ad
1504 4561 1787 4615 Dominum
1829 4559 2233 4630 glorificandum

759 4754 805 4784 "
840 4751 978 4806 Psal.
1045 4765 1223 4811 cxxxr,
1278 4749 1328 4806 1.

761 4908 1067 4977 (65)Ει1ἰιὶο
1091 4904 1252 4959 Basil.
1281 4920 1400 4957 cum
1431 4904 1582 4977 Coll).
1617 4905 1775 4977 tertio
1810 4904 1871 4977 αἱ
1899 4905 1952 4955 ὲν
1979 4899 2239 4977 μέσῳ-τέ-

689 4971 832 5051 χναι.
860 4971 959 5030 ἈΙὶἱ
994 4978 1173 5051 decem
1218 4990 1346 5051 mss.
1392 4984 1444 5051 et
1475 4974 1676 5051 _Cut_cua
1717 4974 1939 5051 Corder.
1979 4974 2033 5024 αἱ
2084 4971 2241 5050 μέσαι

689 5041 875 5119 ἔἑιίχνοιι
897 5067 909 5100 :
934 5061 1051 5119 quae
1077 5047 1263 5119 eadem
1291 5045 1445 5119 lectio
1475 5043 1669 5119 legitur
1693 5058 1903 5110 quoque
1928 5044 1977 5094 in
2008 5041 2245 5119 margine

691 5112 841 5173 (joib.
878 5112 1040 5171 tertii.
1080 5116 1182 5167 Sed
1225 5129 1342 5165 cum
1374 5114 1516 5169 illud,
1549 5112 1756 5181 τέχναι,
1790 5127 1892 5164 non
1930 5113 2245 5181 probaretur

692 5189 906 5251 Ducam,
929 5202 994 5241 ex
1016 5200 1080 5238 eo
1106 5185 1343 5253 τεχνῖται
1359 5180 1713 5253 ell'ecit,etita
1751 5183 1799 5234 in
1820 5183 2050 5234 editione
2076 5180 2243 5232 Puris.

692 5258 952 5312 edendum
987 5251 1211 5308 curavit.
1267 5253 1373 5308 Nos
1420 5268 1546 5305 vero
1595 5251 1913 5319 scripturam
1946 5266 2087 5309 eam,
2128 5265 2243 5315 quae

693 5339 773 5382 tot
806 5328 1055 5381 librorum
1090 5326 1408 5377 auctoritate
1436 5322 1867 5382 confirmaretur,
1912 5322 2240 5373 retinendam

691 5414 813 5452 esse
845 5396 1220 5465 judicavimus.
1249 5392 1707 5465 Necitloinhelisio
1740 5405 1953 5465 quoque
1985 5388 2243 5465 Ducmaua

692 5460 997 5521 etnetnlntio
1030 5465 1195 5533 magis
1215 5464 1429 5533 placuit.
1458 5461 1742 5533 Postquam
1776 5462 1916 5533 enim
1939 5461 1990 5533 in
2015 5460 2242 5533 medium

692 5537 915 5604 protulit
942 5529 1140 5591 multa:
1170 5529 1362 5601 quibus
1405 5532 1535 5604 falsa
1566 5532 1650 5583 illa
1685 5529 2239 5604 scrip_tura_iulirmari

692 5598 879 5673 possit,
913 5616 1093 5659 notam
1117 5598 1264 5656 suam
1293 5602 1567 5673 concludit
1583 5604 1665 5655 his
1690 5601 1897 5673 verbis:
1928 5598 2076 5651 Nihil
2099 5615 2239 5673 ergo,

694 5667 886 5743 inquit,
919 5677 1135 5727 violente
1169 5677 1230 5725 ab
1262 5674 1459 5725 artibus
1501 5671 1827 5743 adiartiﬁces
1858 5673 2043 5743 transit
2088 5667 2243 5743 Dasi-

691 5738 817 5809 aut,
852 5745 941 5800 sed
979 5746 1123 5798 docte
1155 5760 1214 5796 ac
1253 5743 1518 5796 rhetorice.
1555 5742 1673 5798 Mox
1702 5756 1831 5796 mss.
1868 5741 2073 5809 aliquot
2108 5738 2241 5807 ἢία-

2348 4555 2523 4624 ἑαυτῷ
2556 4555 2711 4626 χορὸν
2741 4557 2819 4618 εἰς
2856 4555 3161 4623 δοξολογίαν
3196 4555 3284 4609 τοῦ
3327 4556 3533 4625 Κυρίου
3564 4556 3933 4627 παραλαμϐά-

1404 4751 1448 4779 ¹⁶
1492 4748 1673 4801 Matth.
1728 4763 1782 4810 v,
1839 4746 1890 4799 4.
1968 4747 2009 4775 ’⁷
2047 4744 2231 4798 Matth.
2260 4740 2445 4807 x1,‘20.
2521 4740 2564 4769 “
2606 4739 2761 4792 Num.
2792 4740 2967 4803 xtt,3.

2346 4903 2518 4969 rpotﬁ
2553 4911 2795 4969 ρητορες.

2425 4962 2649 5037 (66)Ἰίιι
2687 4962 2903 5033 ἐεριειη
2958 4964 3225 5037 ιηεε.νΝες
3274 4963 3426 5037 aliter
3475 4962 3674 5037 legisse
3723 4964 3928 5037 videtur

2350 5034 2638 5103 interpres,
2671 5038 2759 5098 qni
2805 5038 3066 5089 verterit:
3097 5036 3149 5087 in
3191 5035 3433 5087 Domino.
3473 5035 3608 5084 Editi
3648 5050 3772 5085 cum
3804 5034 3926 5094 Heg.

2350 5118 2541 5176 quarto
2586 5107 2642 5179 ὲν
2690 5106 2927 5179 Χριστῷ.
2968 5104 3059 5179 llic
3106 5121 3198 5169 pro
3231 5103 3927 5179 ψυχήν-διιεῃίςθιυιεοιιις

2354 5173 2574 5230 hclisius
2611 5173 2890 5245 legendum
2933 5175 3219 5243 καύχησιν,
3256 5187 3345 5225 aut
3384 5173 3588 5226 αῖνεσιν
3628 5193 3639 5225 ;
3681 5175 3777 5226 sed
3824 5174 3926 5239 rius

2350 5248 2713 5306 conjecturam
2754 5247 2922 5299 codex
2958 5247 3131 5297 nullus
3154 5254 3350 5295 tuetur.

2424 5316 2535 5383 (67)
2572 5315 2814 5368 Nonnulli
2847 5332 2972 5369 mss.
2998 5312 3329 5383 κατωρθώθη
3361 5329 3482 5382 μου.
3508 5311 3606 5363 Alii
3656 5327 3790 5363 mss.
3818 5326 3927 5361 (‘inil

2351 5387 2506 5441 editis
2538 5385 2869 5457 κατωρθώθη
2903 5403 3007 5455 μοι.

2424 5457 2533 5524 (68)
2584 5454 2657 5509 Ita
2690 5450 2817 5508 inss.
2844 5450 2981 5508 ὀΐω.
3018 5454 3155 5507 Editi
3192 5468 3318 5524 νυνι)
3344 5452 3572 5524 δύναται
3600 5450 3711 5524 τῷ,
3737 5451 3926 5524 Ἀξίονα

2354 5519 2601 5579 σάτωσαν
2645 5528 2835 5597 πραεῖς
2871 5527 2965 5577 καὶ
3010 5523 3489 5595 εὒφρανθὴτωσαν,
3528 5521 3611 5585 τὸ,
3674 5519 3931 5575 Ἀκουσά·

2350 5615 2426 5651 τω
2436 5614 2551 5651 σαν.

2422 5668 2531 5738 (09)
2561 5667 2803 5722 Nonnulli
2837 5683 2963 5724 mss.
2992 5667 3071 5720 ὅτι
3095 5663 3267 5736 πρᾶός
3301 5663 3437 5733 ειμι.
