4098 6324
115 345 252 398 ’55⁸1

1280 341 1561 396 IIOMILIA
1602 340 1667 394 IN
1708 340 2037 397 PSALMUM
2076 338 2313 396 XXXIII.

3283 335 3388 393 358

119 482 248 517 νει.
276 463 481 533 Μηδεὶς
504 462 835 536 ταραχώδης,
866 464 999 534 μηδέ
1024 462 1475 533 τεθορυϐημένος,
1508 462 1641 533 μηδὲ
1664 464 1726 515 ἐκ

1835 466 2083 517 assumit.
2122 462 2289 517 Nemo
2321 458 2682 525 turbulentus,
2712 473 2869 512 nemo
2895 456 3263 528 perturbatus,
3290 470 3390 511 nec

129 555 259 607 τῶν
293 553 479 606 παθῶν
508 554 601 624 τῆς
636 553 835 623 σαρκὸς
866 554 964 623 τὴν
994 554 1169 624 ψυχήν
1217 554 1563 623 παροιστρῶν
1607 554 1718 623 (70)

127 646 582 714 ὲτκαταμιγήτω
614 661 720 713 μοι’
750 644 865 697 ἀλλ’
895 646 1050 714 ὑμεῖς
1064 646 1115 697 oi
1140 649 1359 716 πραεῖς,
1389 647 1439 698 oi
1472 647 1530 699 τὸ
1563 645 1718 715 βεϐη-

130 738 251 801 κὸς
296 739 390 790 καὶ
432 737 685 800 εὐσταθὲς
727 738 825 808 τῆς
865 736 1042 807 ψυχῆς
1083 737 1525 809 κατωρθωκότες,
1568 738 1628 790 τὸ
1667 738 1722 789 δὲ

133 828 365 899 νωθρὸν
400 829 490 881 καὶ
524 829 761 891 ὑπνῶδες
789 828 921 897 πρὸς
945 828 1041 891 τὰς
1066 828 1171 881 τῶν
1202 828 1547 899 καθηκόντων
1577 832 1725 900 ἐνερ-

137 921 315 985 γείας
359 921 748 991 άποσειόμενοι,
805 920 963 989 ὑμεῖς
1020 920 1349 989 μεγαλύνατε
1399 921 1488 973 τὸν
1522 920 1727 990 Κύριον

145 1011 257 1062 σὺν
288 1012 428 1080 ἐμοί.
454 1011 756 1080 Μεγαλύνει
781 1010 836 1062 δὲ
864 1010 954 1062 τὸν
994 1010 1197 1081 Κύριον
1227 1012 1253 1061 6
1282 1011 1487 1082 μεγάλῃ
1518 1012 1726 1083 διανοίᾳ.

143 1104 257 1155 καὶ
289 1103 477 1174 ταύρῳ
522 1104 597 1173 τῷ
630 1104 934 1173 φρονήματι
972 1104 1066 1156 καὶ
1100 1103 1391 1173 ἐπηρμένῳ
1428 1105 1551 1167 τοὺς
1584 1104 1725 1174 ὑπὲρ

142 1192 260 1262 τῆς
307 1191 581 1254 εὐσεϐείας
630 1192 970 1262 πειρασμοὺς
1022 1190 1325 1261 ὑπομένων.
1391 1193 1620 1245 Ἔπειτα
1666 1192 1725 1245 δὲ

147 1286 255 1336 καὶ
289 1287 317 1337 ὁ
346 1282 551 1353 μεγάλῃ
583 1284 647 1354 τῇ
681 1282 885 1353 διανοίᾳ
916 1283 1008 1336 καὶ
1052 1284 1368 1353 θεωρήμασι
1410 1282 1727 1352 βαθυτάτοις

148 1377 229 1427 τὰ
263 1374 463 1445 μεγέθη
494 1375 591 1445 τῆς
619 1375 844 1437 κτίσεως
870 1374 1137 1446 καθορῶν,
1174 1375 1239 1427 ἵν’
1265 1378 1328 1428 ὲκ
1350 1375 1441 1428 τοῦ
1470 1376 1727 1447 μεγέθους

150 1469 258 1520 καὶ
305 1468 399 1537 τῆς
450 1467 709 1539 καλλονῆς
756 1466 862 1519 τῶν
916 1469 1229 1537 κτισμάτων
1278 1468 1366 1521 τὸν
1417 1485 1727 1539 γενεσιουρ-

150 1559 257 1628 γδν
294 1559 401 1628 (7|)
446 1561 619 1613 αὐτῶν
658 1561 929 1631 θεωρήσῃ.
970 1561 1117 1631 Ὀσῳ
1155 1561 1260 1632 γάρ
1304 1578 1385 1623 τις
1418 1562 1509 1613 ἐπὶ
1547 1562 1728 1616 πλεῖον

151 1649 454 1719 ἐμϐαθύνει
498 1654 607 1714 τοῖς
640 1651 816 1719 λόγοις
855 1650 975 1703 καθ’
1015 1651 1108 1714 οὓς
1150 1650 1436 1719 γεγένηται
1475 1651 1543 1702 τά
1579 1651 1726 1710 ὄντα.

154 1741 259 1793 καὶ
298 1742 414 1795 καθ’
459 1742 549 1806 οὒς
590 1746 952 1814 οἰκονομεῖται
976 1786 989 1809 ,
1021 1741 1258 1811 τοσούτῳ
1307 1741 1504 1811 μᾶλλον
1538 1741 1731 1812 θεωρεῖ

1828 556 2114 623 quisquam
2158 554 2247 624 qui
2294 566 2614 606 carnearum
2654 548 2994 605 affectionum
3025 558 3195 604 (nstro
3223 553 3388 602 exsti-

1836 646 2005 699 mulet
2030 645 2288 705 animam,
2321 645 2450 697 mihi
2484 644 2846 713 adjnngatur:
2878 642 2972 696 sed
3002 654 3098 695 vos
3127 640 3393 694 mansueti

1832 737 1923 803 qui
1946 736 2293 790 stabilitatem
2317 734 2738 802 ﬁrmitatemque
2761 730 2928 786 animi
2946 730 3218 786 consecuti
3238 730 3396 795 estis,

1831 831 2131 887 socordiam
2158 841 2341 883 autem
2380 843 2443 882 ac
2477 842 2724 897 soporem
2753 828 2819 878 ad
2845 824 3020 880 olIicia
3050 824 3392 894 exsequenda

1831 922 2171 986 excussiStis,
2210 935 2304 974 vos
2333 919 2672 990 magttilicate
2698 918 2982 972 Dominum
3010 931 3239 971 mecum.
3276 914 3393 969 Ma-

1834 1015 2054 1085 gniﬁcat
2080 1025 2259 1068 autem
2292 1012 2573 1067 Dominum
2611 1011 2690 1071 is,
2734 1009 2822 1077 qui
2860 1025 3051 1079 magna
3090 1018 3303 1072 mente,
3342 1017 3398 1062 et

1833 1105 1975 1159 elato
2003 1119 2064 1157 ac
2088 1112 2274 1157 erecto
2302 1101 2494 1170 spiritu
2523 1100 2846 1154 tentationes
2882 1114 2977 1166 pro
3006 1099 3208 1167 pietate
3233 1098 3400 1153 susti-

1834 1206 1944 1249 net.
1981 1194 2180 1248 Deinde
2206 1193 2391 1256 etiam,
2428 1191 2517 1259 qui
2550 1204 2745 1259 magno
2779 1190 2959 1243 animo
2996 1197 3051 1242 et
3080 1188 3396 1258 profundis-

1833 1288 1989 1343 simis
2038 1283 2586 1353 contemplationibus
2645 1280 3043 1351 magnitudines
3106 1280 3402 1336 creationis

1834 1376 2162 1439 considerat,
2195 1384 2252 1427 ut
2286 1388 2352 1427 ex
2386 1370 2752 1442 magnitudine
2786 1379 3160 1425 creaturarum
3202 1379 3257 1425 et
3282 1370 3401 1440 pul-

1836 1469 2143 1524 cltritudine
2190 1476 2343 1519 ortus
2412 1479 2597 1519 earum
2648 1473 2927 1518 auctorem
2979 1462 3399 1533 contempletur.

1837 1565 2049 1632 Quanto
2092 1564 2236 1618 enim
2273 1562 2392 1631 quis
2435 1562 2597 1617 altius
2636 1570 2882 1628 penetrat
2911 1560 3172 1625 rationes,
3204 1558 3404 1629 quibus

1836 1661 2050 1715 condita
2082 1667 2204 1711 sunt
2227 1671 2291 1709 ac
2320 1666 2580 1724 reguntur
2602 1654 2872 1717 universa,
2901 1662 3049 1708 tanto
3080 1653 3252 1722 magis
3287 1654 3397 1707 Do-

1842 1751 1971 1806 mini
2011 1748 2462 1818 magnificentiam
2493 1746 2825 1816 speculatur,
2866 1757 2920 1800 et
2956 1751 3216 1813 quantum
3249 1743 3301 1797 in
3342 1756 3403 1797 se

153 1832 261 1903 τὴν
309 1834 774 1905 μεγαλοπρέπειαν
820 1834 911 1888 τοῦ
957 1834 1192 1905 Κυρίου,
1237 1834 1330 1886 καὶ
1367 1833 1428 1885 τὺ
1477 1833 1597 1886 ὅσον
1646 1833 1730 1901 ἐφ’

1835 1854 1936 1908 est,
1963 1843 2249 1897 Dominum
2276 1839 2601 1908 magniﬁcat.
2627 1840 2891 1907 Quoniam
2916 1841 3075 1909 igitur
3091 1853 3195 1891 una
3217 1851 3391 1902 mens,

155 1924 375 1995 ἑαυτῷ,
426 1926 711 1996 μεγαλύνει
746 1927 833 1979 τὸν
891 1925 1111 1994 Κύριον.
1168 1926 1319 1978 Ἐπεὶ
1349 1922 1439 1978 οὖν
1487 1920 1566 1989 εἷς
1610 1925 1731 1988 νοῦς

155 2015 257 2067 καὶ
286 2017 400 2079 ἐνὸς
442 2017 631 2088 ἀνδρὸς
664 2016 891 2088 μελέτη,
922 2016 1041 2069 οὐδὲ
1083 2016 1219 2087 πρὸς
1254 2018 1425 2089 βραχὺ
1471 2018 1736 2088 αὐταρκεῖ

157 2108 301 2179 πρὸς
322 2108 415 2178 τὴν
443 2108 551 2161 τῶν
582 2108 879 2179 μεγαλείων
899 2108 991 2161 τοῦ
1018 2108 1151 2162 Θεοῦ
1178 2110 1501 2180 κατάληψιν,
1531 2110 1735 2173 πάντας

159 2199 301 2269 ὁμοῦ
331 2202 452 2263 τοὺς
479 2202 667 2270 πραεῖς
691 2201 769 2262 εἰς
797 2200 894 2272 τήν
919 2201 1202 2255 κοινωνίαν
1227 2201 1431 2272 ταύτης
1458 2202 1555 2272 τῆς
1585 2205 1737 2273 ἐνερ-

157 2292 319 2358 γείας
363 2293 795 2363 παραλαμϐάνει.
848 2298 936 2347 Δεῖ
968 2295 1075 2365 γὰρ
1125 2296 1303 2350 πᾶσαν
1357 2296 1550 2367 σχολὴν
1583 2296 1735 2364 ἄγειν

156 2384 273 2437 ἀπὸ
306 2383 542 2454 θορύϐων
576 2385 682 2438 τῶν
712 2386 931 2453 ἔξωθεν,
964 2388 1058 2439 καὶ
1099 2391 1277 2441 πᾶσαν
1310 2390 1540 2459 ἡσυχίαν
1572 2390 1629 2444 ἐν
1658 2388 1735 2459 τῷ

160 2476 391 2546 κρυπτῷ
418 2476 515 2547 τῆς
545 2478 768 2549 καρδίας
806 2478 1170 2549 βουλευτηρίῳ
1206 2481 1532 2551 ποιήσαντα,
1566 2480 1735 2544 οὕτως

160 2567 473 2620 ἐπιϐάλλειν
518 2572 584 2640 τῇ
645 2570 845 2642 θεωρίᾳ
883 2572 982 2642 τῆς
1028 2570 1307 2640 ἀληθείας.
1349 2572 1593 2635 Ἀκούεις
1642 2572 1733 2625 τοῦ

164 2660 652 2733 ἐξομολογουμένου
701 2665 797 2735 τὴν
847 2665 1139 2736 ἁμαρτίαν,
1189 2665 1240 2716 τί
1297 2683 1498 2735 φησιν;
1568 2667 1732 2719 Ἔτα-

152 2750 355 2820 ράχθη
398 2754 513 2807 ἀπὸ
554 2758 739 2823 θυμοῦ
781 2758 813 2808 ό
856 2757 1161 2825 ὀφθαλμός
1194 2774 1332 2825 μου.
1365 2757 1439 2809 Οὐ
1485 2756 1642 2825 μόνον
1678 2757 1735 2809 δέ

165 2843 357 2914 θυμὸς,
394 2845 526 2897 ἀλλὰ
568 2848 660 2899 καὶ
711 2846 991 2916 ἐπιθυμία,
1047 2850 1138 2901 καὶ
1184 2847 1374 2908 δειλία,
1418 2847 1512 2899 καὶ
1545 2847 1735 2917 φθόνος

164 2934 440 3005 ὀφθαλμὸν
469 2936 645 3006 ψυχῆς
682 2937 1007 3006 ἐκταράσσει
1027 2954 1039 2966 ο
1074 2939 1167 2989 καὶ
1198 2936 1530 3001 ἁπαξαπλῶς
1562 2940 1735 2993 πάντα

164 3029 235 3081 τὰ
265 3028 408 3098 πάθη
440 3028 738 3098 συγχυτικὰ
770 3030 862 3081 καὶ
893 3030 1263 3101 ἐκταρακτικὰ
1296 3031 1388 3085 τοῦ
1429 3032 1734 3103 διορατικοῦ

164 3122 269 3190 τῆς
318 3122 492 3191 ψυχῆς
550 3124 683 3173 ἐστι.
740 3122 847 3173 Καὶ
892 3122 963 3185 ὡς
1011 3122 1069 3177 ού
1118 3123 1339 3176 δυνατὸν
1382 3124 1734 3196 τεθολωμένῳ

1834 1947 1887 1992 et
1913 1934 2074 1989 unius
2110 1932 2209 1986 viri
2244 1930 2517 1985 meditatio
2549 1945 2616 1984 ne
2640 1930 2707 1983 ad
2738 1931 2903 1985 breve
2938 1930 3155 1997 quidem
3191 1937 3404 1999 tempus

1833 2026 2027 2083 sullicit
2069 2027 2136 2081 ad
2176 2023 2459 2096 magnifica
2496 2037 2661 2092 opera
2723 2022 2813 2078 Dei
2854 2022 3402 2093 comprehendenda:

1833 2136 2022 2176 omnes
2060 2118 2217 2174 simul
2262 2126 2571 2173 mansuetos
2600 2116 2666 2172 ad
2701 2113 2858 2184 hujus
2892 2114 3121 2169 actionis
3154 2116 3397 2169 societa-

1836 2224 1941 2268 tem
1976 2212 2223 2267 assumit.
2256 2210 2483 2280 Oportet
2515 2209 2661 2263 enim
2692 2210 2761 2262 ab
2804 2208 3047 2262 externis
3088 2206 3405 2261 tumultibus

1835 2306 2052 2361 omnino
2096 2302 2256 2375 ιω
2280 2317 2499 2366 vacare,
2530 2311 2584 2357 et
2614 2299 2760 2356 omni
2795 2300 2974 2369 quiete
2996 2299 3051 2353 in
3082 2299 3403 2355 abscondito

1835 2395 2012 2450 cordis
2039 2408 2251 2447 recessu
2276 2392 2599 2455 constituta,
2624 2398 2736 2443 tum
2764 2390 2979 2445 demum
3011 2388 3256 2444 veritatis
3279 2404 3406 2443 con-

1837 2484 2169 2555 templationi
2226 2482 2468 2537 animum
2527 2481 2780 2552 adjicere.
2834 2481 3005 2537 Audis
3056 2482 3404 2539 conﬁtentem

1836 2586 2138 2646 peccatum,
2190 2575 2321 2646 quid
2353 2574 2526 2629 dicit?
2576 2572 2837 2628 Turbatus
2881 2582 2958 2628 est
3004 2574 3068 2628 ab
3102 2574 3183 2628 ira
3224 2572 3405 2627 oculus

1837 2685 1979 2721 meus
2001 2670 2068 2722 ".
2120 2667 2235 2722 Non
2269 2676 2448 2721 autem
2482 2666 2562 2719 ira
2596 2666 2790 2730 solum,
2836 2665 2933 2721 sed
2963 2665 3402 2736 concupiscentia

1837 2760 1999 2815 etiam
2029 2769 2082 2815 et
2127 2759 2409 2825 timiditas,
2444 2768 2497 2813 et
2545 2757 2745 2811 invidia
2776 2757 2986 2811 oculum
3031 2758 3224 2811 anima:
3274 2770 3405 2811 con-

1839 2852 2053 2918 turbat;
2079 2860 2133 2906 et
2159 2852 2211 2905 in
2240 2852 2572 2916 universum,
2602 2848 2990 2904 commotiones
3014 2862 3201 2903 omnes
3228 2849 3402 2904 aciem

1841 2944 2006 2999 animi
2042 2952 2205 3013 atque
2236 2943 2701 3013 perspicacitatem
2734 2942 3067 2997 confundunt
3097 2956 3161 2998 ac
3192 2952 3408 3013 pertur-

1840 3040 1988 3094 bant.
2018 3036 2085 3091 Et
2108 3038 2558 3105 quemadmodum
2580 3037 2692 3093 ﬂeri
2719 3053 2821 3092 non
2846 3045 3017 3105 potest
3047 3045 3105 3090 ut
3130 3046 3406 3099 accurate.

1840 3132 1995 3186 oculo
2033 3131 2244 3185 turbato
2293 3128 2767 3198 deprehendantur
2797 3128 3028 3184 visibilia
3067 3145 3082 3183 :
3123 3128 3201 3185 sic
3244 3133 3408 3185 etiam

167 3209 428 3279 ὀφθαλμῷ
456 3208 656 3280 ἀκριϐῆ
696 3208 878 3263 λαϐεῖν
907 3212 1015 3263 τῶν
1045 3214 1253 3283 ὁρατῶν
1290 3215 1388 3284 τὴν
1417 3195 1731 3284 κατάληψιν,

1844 3223 2057 3278 turbato
2089 3222 2271 3285 corde,
2305 3195 2375 3275 ad
2402 3222 2647 3277 veritatis
2673 3221 3184 3293 contemplationem
3209 3222 3410 3277 incum-

165 3302 337 3364 οὕτως
382 3301 498 3354 οὐδὲ
544 3302 883 3377 τεθολωμὲνῃ
919 3305 1114 3376 καρδίᾳ
1162 3308 1227 3375 τῇ
1271 3308 1593 3376 κατανοήσει
1642 3306 1739 3378 τῆς

169 3397 422 3467 ἀληθείας
470 3399 768 3453 ἐπιϐαλεῖν.
828 3401 1197 3471 Ἀναχωρῆσαι
1245 3395 1336 3451 οὖν
1380 3400 1457 3452 δεῖ
1493 3401 1600 3453 τῶν
1644 3402 1737 3455 τοῦ

170 3492 371 3561 κόσμου
413 3493 784 3565 πραγμάτων,
815 3494 908 3546 καὶ
962 3495 1097 3565 μήτε
1144 3494 1207 3546 δι’
1247 3493 1558 3565 ὀφθαλμῶν,
1603 3498 1737 3567 μήτε

168 3585 235 3638 δι’
268 3584 435 3649 ὢτων,
470 3588 603 3657 μήτε
640 3586 704 3638 δι’
733 3586 898 3657 ἄλλης
922 3588 1065 3651 τινὸς
1100 3586 1401 3657 αἰσθήσεως
1428 3590 1737 3656 ἐπεισάγειν

169 3679 476 3751 ἀλλοτρίους
504 3681 790 3751 λογισμοὺς
826 3683 889 3751 τῇ
916 3680 1081 3752 ψυχῇ.
1118 3680 1372 3752 Θορύϐων
1399 3682 1506 3753 γὰρ
1548 3683 1738 3752 ἀσιγή-

166 3791 278 3824 των
310 3774 400 3825 καὶ
433 3776 671 3827 στάσεων
714 3773 1083 3827 άδιαλλάκτων
1113 3775 1503 3846 άναπιμπλῶσι
1548 3775 1616 3829 τὰ
1654 3775 1738 3827 ἐν·

166 3866 253 3917 δον
281 3867 325 3917 οἱ
357 3866 449 3917 τοῦ
476 3869 813 3937 φρονήματος
847 3869 945 3938 τῆς
971 3868 1171 3939 σαρκὸς
1197 3868 1613 3938 ἐπανιστάμενοι
1641 3869 1737 3920 πό-

166 3957 220 4007 λε
232 3973 339 4025 μοι.
378 3957 729 4024 Ἐξεζιὶτησα
759 3960 865 4011 τὸν
889 3961 1130 4027 Κύριον,
1156 3962 1251 4013 καὶ
1274 3961 1580 4029 ἐπήκουσέ
1594 3979 1732 4029 μου.

167 4045 381 4111 Ταῦτα,
412 4048 603 4117 φησιν,
636 4050 1023 4103 ἀκουσάτωσαν
1055 4055 1104 4104 οἱ
1144 4056 1356 4123 πραεῖς,
1401 4055 1482 4106 ὅτι
1521 4053 1631 4123 ἐγὼ
1678 4056 1735 4107 ἐν

165 4138 244 4210 τῷ
273 4139 444 4211 καιρῷ
468 4140 657 4212 ἐκείνῳ
681 4142 757 4213 τῷ
787 4142 1027 4214 χαλεπῷ,
1053 4144 1139 4197 ὅτε
1167 4146 1273 4208 πᾶς
1309 4146 1404 4216 μὲν
1436 4144 1601 4216 θυμὸς
1628 4146 1735 4199 τῶν

170 4230 646 4298 μνησικακούντων
690 4234 918 4287 ἐκινεῖτο
965 4235 1075 4305 (72)
1116 4238 1233 4289 κατ’
1286 4234 1439 4307 ἐμοῦ,
1485 4237 1631 4288 πᾶσα
1676 4234 1733 4287 δὲ

166 4321 289 4390 χεὶρ
317 4323 399 4373 ἐπ’
435 4322 534 4391 ἐμὲ
579 4323 876 4389 ὡπλίζετο,
910 4329 1112 4397 γυμνὸς
1160 4328 1215 4380 δὲ
1255 4327 1365 4395 ἐγὼ
1405 4329 1497 4380 καὶ
1538 4326 1733 4390 ἄοπλος

166 4410 376 4478 ἕτοιμος
416 4414 496 4475 είς
525 4414 701 4465 πᾶσαν
735 4416 919 4467 αἰκίαν
964 4416 1249 4487 ἐξεκείμην
1280 4420 1390 4479 τοῖς
1435 4416 1731 4486 πολεμίοις,

165 4499 286 4550 τότε
313 4502 371 4551 ού
409 4504 704 4574 συνεχύθην
744 4506 868 4567 τοὺς
906 4506 1284 4577 διαλογισμοὺς
1311 4507 1388 4576 τῷ
1428 4508 1596 4576 φόϐῳ,
1633 4509 1730 4562 οὐκ
1764 4542 1807 4596 D

166 4587 524 4659 ὲξεκρούσθην
557 4595 619 4645 ὲκ
655 4593 753 4662 τῆς
778 4593 870 4645 τοῦ
901 4595 1033 4647 Θεοῦ
1081 4596 1284 4657 ἐννοίας
1305 4638 1318 4660 ,
1354 4596 1452 4647 οὐκ
1481 4595 1729 4663 άπέγνων

164 4678 265 4747 τῆς
290 4680 523 4746 ἐμαυτοῦ
551 4684 839 4753 σωτηρίας,
871 4683 983 4735 ἀλλ’
1009 4684 1335 4753 ὲξεζήτησα
1360 4684 1467 4737 τὸν
1488 4686 1707 4753 Κύριον

166 4772 299 4839 υύχὶ
330 4768 567 4841 ἐζήτησα
615 4776 772 4843 μόνον
802 4775 978 4845 ἁπλῆν
1017 4793 1132 4828 τινα
1178 4778 1268 4829 καὶ
1307 4776 1559 4847 χρονικήν
1594 4776 1725 4848 πρὸς

164 4861 255 4912 τὸν
281 4861 479 4933 Κύριον
500 4862 706 4927 ἐλπίδα,
731 4866 841 4919 ἀλλ’
864 4865 1181 4938 ἐξεζήτησα.
1209 4868 1395 4921 Πλεῖον
1417 4868 1523 4939 γάρ
1544 4885 1595 4919 τι
1618 4868 1727 4939 (75)

165 4952 308 5022 δηλοῖ
338 4955 485 5024 παρὰ
529 4956 587 5008 τὸ
620 4954 864 5024 ζητῆσαι
911 4960 943 5029 ή
989 4958 1222 5029 ἔμφασις
1259 4959 1347 5011 τοῦ
1388 4958 1725 5027 ἐπιζητῆσαι,

163 5044 237 5107 ὡς
270 5046 359 5096 καί
389 5048 535 5116 παρὰ
566 5049 662 5120 τὴν
689 5047 913 5120 ἔρευναν
940 5054 972 5122 ἡ
1007 5051 1366 5121 ἐξερεύνησις.
1410 5050 1723 5113 Ἑξέλιποτ·

166 5136 271 5205 γὰρ
296 5135 717 5205 ἐξερευνῶντες
757 5140 1189 5208 ἐξερευνήσας.
1232 5140 1436 5211 Πολλὴν
1482 5136 1574 5192 οὖν
1607 5158 1725 5193 τινα

168 5228 354 5299 σχολὴν
401 5229 491 5282 καὶ
527 5230 821 5303 ἀταραξίαν
876 5235 903 5285 6
954 5234 1108 5301 λόγος
1156 5232 1449 5300 παρίστησι
1495 5230 1580 5283 διὰ
1627 5232 1724 5300 τῆς

163 5318 519 5389 ἐκζητήσεως.

231 5432 276 5465 ²⁹
310 5429 531 5489 Psal.v1
582 5434 635 5489 8.
714 5438 758 5469 ³⁹
800 5438 939 5494 Psal.
990 5456 1144 5503 ant,
1190 5442 1240 5495 7.

367 5588 457 5671 §ic
487 5591 897 5671 multiumssLAt
918 5597 1041 5650 editi
1068 5599 1504 5671 ἐμπαροιστρῶν.

230 5658 339 5725 (71)
367 5658 555 5740 Nostra
589 5666 749 5718 editio
783 5664 950 5718 Paris.
971 5658 1255 5740 operarum
1283 5658 1564 5726 oscitantia
1594 5690 1717 5740 γεν-

159 5730 465 5814 νεσιουρχόν
506 5744 603 5799 pro
634 5730 1031 5814 yevsatoupyti‘f.
1090 5740 1253 5814 utidin
1312 5757 1442 5797 mss.
1501 5730 1716 5814 legitur.

161 5804 348 5857 Statim
376 5801 509 5871 Reg.
544 5804 808 5860 secundus
835 5801 1085 5861 τοσοῦτον
1116 5810 1332 5878 μᾶλλον.

1840 3315 1968 3371 bere
1991 3332 2095 3369 non
2125 3329 2429 3385 possumus.
2457 3312 2722 3368 Secedere
2745 3313 2912 3384 igitur
2932 3324 3147 3381 oportet
3165 3328 3196 3367 a
3224 3314 3407 3368 mundi

1842 3409 2023 3471 rebus,
2053 3418 2103 3461 et
2137 3422 2308 3477 neque
2340 3421 2434 3476 per
2458 3405 2665 3469 oculos,
2695 3420 2867 3474 neque
2896 3421 2992 3473 per
3023 3420 3203 3469 aures,
3231 3420 3412 3475 neque

1840 3512 1935 3566 per
1964 3496 2127 3549 alium
2153 3496 2314 3550 ullum
2344 3508 2563 3548 sensum
2592 3494 2958 3563 cogitationes
2980 3495 3184 3549 alienas
3206 3495 3259 3549 in
3291 3495 3411 3550 aui-

1840 3605 1981 3643 mam
2010 3588 2373 3643 introducere.
2401 3585 2532 3652 Quae
2577 3587 2718 3641 enim
2744 3602 2806 3641 ex
2833 3588 3015 3642 carnis
3059 3587 3292 3642 elatione
3313 3602 3411 3641 ex—

1838 3680 2085 3733 oriuntur
2100 3678 2256 3744 bella,
2276 3678 2589 3733 tumultibus
2606 3680 2876 3733 continuis
2899 3689 2957 3733 et
2978 3679 3410 3748 implacabilibus

1838 3772 2190 3826 seditionibus
2218 3771 2474 3825 interiora
2500 3771 2787 3841 complent.
2819 3770 3009 3843 (Vsus.
3035 3770 3114 3841 5.)
3138 3772 3410 3843 Exquisiei

1840 3865 2156 3930 Dominum,
2197 3876 2243 3919 et
2271 3864 2535 3919 exaudivit
2585 3881 2685 3918 me.
2734 3863 2892 3930 Haec,
2928 3866 3137 3935 inquit,
3186 3865 3411 3919 audiant

1838 3960 2125 4020 mansueti,
2154 3957 2298 4027 quod
2328 3973 2428 4028 ego
2454 3958 2659 4013 diliicili
2690 3958 2784 4014 illo
2812 3970 3053 4029 tempore
3080 3975 3203 4014 cum
3224 3959 3408 4014 'omnis

1839 4051 2180 4105 inimicorum
2236 4048 2313 4102 ira
2362 4060 2669 4103 moveretur
2714 4061 2903 4104 contra
2962 4066 3086 4118 me,
3121 4054 3408 4121 omnisque

1838 4157 2029 4197 manus
2068 4141 2329 4195 adversus
2360 4155 2445 4195 me
2484 4150 2804 4207 armaretur,
2838 4158 2939 4210 ego
2984 4157 3115 4197 vero
3146 4143 3320 4196 nudus
3346 4154 3402 4199 ct

1837 4233 2059 4289 inermis
2086 4235 2151 4289 ad
2185 4248 2343 4290 omne
2372 4235 2689 4304 supplicium
2719 4235 3101 4306 perferendum
3127 4236 3403 4305 expositus

1836 4328 2081 4383 hostibus
2102 4343 2299 4391 essem,
2322 4343 2425 4381 non
2454 4338 2627 4380 tamen
2657 4338 2782 4381 tunc
2805 4326 3059 4381 coniusus
3080 4341 3198 4381 sum
3220 4328 3402 4382 animo

1836 4434 1945 4489 pra:
1974 4419 2200 4480 timore,
2230 4431 2332 4469 non
2373 4430 2489 4469 sum
2538 4430 2568 4470 a
2601 4415 2692 4470 Dei
2740 4418 3067 4487 cogitatione
3113 4428 3403 4483 avocatus,

1837 4526 1938 4563 non
1972 4509 2196 4562 salutem
2234 4522 2409 4561 meam
2454 4508 2757 4579 desperavi,
2802 4508 2893 4564 sed
2938 4508 3195 4578 exquisivi
3224 4508 3402 4563 Domi.

1836 4615 1978 4652 num.
2014 4598 2127 4652 Non
2159 4600 2378 4668 quaesivi
2425 4600 2597 4655 solum
2643 4600 2872 4668 simplici
2904 4599 3132 4668 quadam
3166 4611 3222 4655 et
3250 4609 3403 4656 tem-

1836 4689 2047 4757 poraria
2089 4689 2141 4744 in
2195 4690 2479 4745 Dominum
2531 4705 2659 4760 spe,
2713 4690 2807 4744 sed
2853 4692 3143 4761 exquisivi.
3184 4691 3394 4747 Etenim

1833 4784 2104 4852 emphasis
2135 4785 2279 4839 verbi
2312 4785 2581 4853 exquirere
2611 4784 2839 4853 amplius
2884 4784 3135 4853 quiddam
3181 4783 3389 4854 signiﬁ—

1834 4884 1939 4939 cat,
1968 4890 2127 4944 quam
2178 4876 2398 4930 verbum
2433 4892 2687 4945 querere,
2740 4873 3192 4945 quemadmodum
3233 4874 3396 4929 etiam

1834 4967 2191 5034 perscrutatio
2232 4966 2353 5035 plus
2389 4969 2515 5023 dicit
2552 4982 2713 5037 quam
2763 4965 3048 5020 scrutatio.
3083 4963 3393 5035 Defecerunt

1830 5056 1963 5110 enim
1997 5070 2379 5126 perscrutantes
2412 5060 2851 5125 perscrutationes
2878 5057 2944 5111 ³⁰.
2988 5056 3212 5111 Multum
3240 5057 3405 5125 igitur

1830 5151 1925 5203 otii
1957 5166 2020 5204 ac
2068 5152 2470 5221 tranquillitatis
2500 5153 2718 5207 exhibet
2761 5152 2849 5206 hic
2890 5166 3068 5205 sermo
3123 5163 3217 5218 per
3248 5149 3395 5204 illam

1834 5243 2266 5311 exquisitionem.

1903 5604 2013 5671 (72)
2064 5601 2196 5675 Reg.
2222 5601 2410 5675 tertius
2440 5602 2737 5675 ἐκεκίνητο.
2778 5600 2897 5659 Mox
2922 5601 3054 5675 Reg.
3081 5602 3284 5675 tertius
3323 5600 3394 5675 in

1831 5670 2086 5728 comettn
2119 5670 2432 5743 λογισμούς,
2461 5674 2513 5727 in
2555 5670 2797 5742 margine
2828 5690 2951 5731 vero
2992 5670 3390 5743 διαλογισμούς.

1903 5744 2013 5812 (75)
2047 5745 2116 5796 Ita
2170 5745 2318 5797 tnnlti
2361 5760 2487 5797 mss.
2543 5743 2717 5796 Editio
2757 5759 2881 5800 vero
2932 5744 3100 5801 Paris.
3155 5745 3259 5811 γάρ
3290 5758 3388 5796 τοι.

1833 5812 2025 5867 Statim
2054 5815 2186 5885 Reg.
2218 5815 2481 5869 secundus
2506 5812 2797 5874 ἐξέλειπον.
