4068 6318
112 328 224 383 561
447 331 456 339 ’
1265 339 1549 395 HOMILIA
1592 341 1653 394 IN
1697 339 2028 395 PSALMUM
2065 341 2304 396 XXXIII.
3271 331 3376 386 5ῧῖ

111 444 264 515 τέρα
285 449 385 502 τοῦ
409 450 629 515 σκότους
649 452 744 504 καὶ
768 453 860 507 τοῦ
880 455 1049 525 πυρὸς
1071 454 1165 508 τοῦ
1189 457 1462 530 αἰωνίουὴ
1483 461 1708 532 αἰσχύνη

1820 461 1926 514 bra:
1949 471 2002 513 et
2035 461 2174 531 ignis
2189 471 2442 525 maternus,
2471 473 2593 513 cum
2633 456 2858 528 vestigia
2888 452 3107 509 admissi
3139 453 3191 506 in
3215 465 3378 507 carne

114 537 321 602 ἐστὶν,
427 542 674 613 μέλλουσι
720 546 1135 611 συνδιαιωνίζειν
1163 548 1213 602 οί
1247 550 1588 622 ἁμαρτωλοὶ.
1625 554 1708 606 ἀεὶ

1819 551 2027 619 peccati
2072 553 2123 604 in
2181 552 2396 605 modum
2446 549 2746 604 indelebilis
2799 547 3077 617 cujusdam
3131 545 3379 599 tinctum

113 630 177 682 ἐν
217 632 532 704 ὀφθαλμοῖς
569 634 782 706 ἔχοντες
820 638 890 692 τά
936 636 1054 709 ἴχνη
1092 641 1191 710 τῆς
1229 642 1288 695 ἐν
1327 645 1488 716 σαρκὶ
1527 645 1708 715 ἁμαρ-

1812 658 2025 714 semper
2067 646 2177 699 sint
2225 644 2458 698 habituri
2509 647 2577 699 ob
2617 642 2801 697 oculos
2828 659 2841 694 :
2870 656 2986 711 quae
3025 649 3284 710 perpetuo
3325 638 3376 690 in

110 721 274 786 τίας,
314 727 476 778 οἱονεί
502 743 644 792 τινος
676 729 849 802 βαφῆς
888 731 1242 799 άνεκπλύτου,
1275 737 1340 806 τῇ
1388 736 1573 809 μνήμῃ
1612 737 1708 807 τῆς

1814 736 2006 791 anima:
2037 749 2223 789 eorum
2271 737 2530 789 memoria
2569 748 2924 806 permansura
2978 741 3122 785 sunt.
3173 729 3382 785 Pauco-

111 811 322 882 ψυχῆς
349 814 526 868 αὐτῶν
551 818 631 885 εις
673 821 732 874 τδ
762 820 1011 890 διηνεκὲς
1052 824 1455 895 παραμένοντα·
1488 824 1708 895 ὀλίγων

1815 845 1931 882 rnm
1977 838 2158 884 autem
2187 837 2269 892 est
2311 827 2570 882 accedere
2600 829 2664 881 ad
2697 840 2876 882 veram
2914 822 3107 884 lucem,
3132 838 3192 876 ac
3225 835 3380 876 reve-

111 903 176 954 δὲ
214 905 347 956 ἐστι
370 905 431 958 τὸ
464 911 778 980 προσελθεῖν
803 910 880 982 τῷ
901 914 1039 980 φωτὶ
1067 908 1145 986 τῷ
1173 915 1430 987 ἀληθινῷ,
1464 919 1557 979 καὶ
1579 918 1708 971 ἀπο-

1814 921 1944 986 lare,
1990 931 2044 977 et
2091 929 2212 991 post
2271 919 2606 975 occultorum
2678 920 3049 975 -evelationem
3103 914 3239 969 facie
3272 929 3376 969 non

117 991 402 1063 καλύψαι,
432 999 523 1052 καὶ
545 1003 680 1072 μετὰ
704 1001 800 1072 τὴν
828 1004 1165 1077 ἀποκάλυψιν
1187 1008 1294 1060 τῶν
1313 1008 1602 1078 κρυπτῶνν
1635 1009 1709 1080 μὴ

116 1082 397 1140 ἀπελθεῖν
426 1091 805 1159 αίσχυνθέντας
836 1093 904 1147 τά
938 1097 1220 1167 πρόσωπα.
1372 1163 1375 1165 _

195 1174 257 1231 5.
291 1175 483 1246 Οὗτος
513 1186 543 1234 ό
568 1184 802 1252 πτωχὸς
820 1186 1123 1256 ἑκέκραξε,
1145 1187 1242 1243 καὶ
1268 1191 1300 1242 ό
1341 1190 1551 1258 Κύριος
1589 1195 1711 1246 εισ-

115 1266 413 1333 ήκουσεν
435 1273 639 1328 αὑτοῦ.
676 1277 788 1331 Οὐκ
819 1279 907 1332 ἀεὶ
955 1281 1210 1351 ἐπαινετὴ
1231 1283 1264 1348 ἡ
1306 1284 1565 1354 πτωχεία.
1596 1285 1709 1338 ἀλλ’

116 1361 154 1429 ἡ
192 1364 267 1412 ὲκ
299 1363 671 1433 προαιρέσεως
700 1370 839 1422 κατὰ
873 1370 962 1421 τὸν
979 1369 1336 1439 εὐαγγελικδν
1357 1376 1557 1430 σκοπὸν
1576 1395 1709 1430 κατ-

117 1451 468 1526 ορθουμένη.
516 1458 705 1512 Πολλοὶ
767 1460 877 1529 γὰρ
905 1463 1110 1532 πτωχοὶ
1157 1463 1256 1534 μὲν
1288 1467 1352 1537 τῇ
1403 1468 1709 1538 περιουσίᾳ,

119 1539 654 1602 πλεονεκτικώτατοι
682 1549 737 1601 δὲ
769 1551 834 1620 τῇ
870 1555 1181 1624 προαιρέσει
1212 1557 1590 1626 τυγχάνουσιν·
1619 1560 1711 1624 οὒς

118 1633 228 1704 οὐχ
274 1637 311 1707 ἡ
344 1637 518 1692 ἔνδεια
563 1639 746 1706 σώζει,
782 1643 894 1697 ἀλλ’
928 1648 960 1716 η
1010 1647 1328 1718 προαίρεσις
1370 1637 1708 1722 κατακρίνει.

119 1726 202 1779 Οὐ
237 1728 424 1784 τοίνυν
445 1731 473 1781 6
501 1731 680 1803 ἐνδεὴς
711 1735 926 1800 πάντως
957 1739 1312 1808 μακαριστὸς,
1345 1739 1459 1793 ἀλλ’
1479 1744 1507 1794 6
1531 1742 1710 1815 κρείτ-

1811 1012 2033 1066 conl‘usa
2065 1012 2236 1066 abire.

1881 1189 1934 1244 5.
1980 1187 2139 1245 Vens.
2181 1189 2237 1242 7.
2307 1186 2410 1241 llic
2461 1203 2659 1257 pauper
2719 1184 2958 1238 clamavit
2985 1223 2999 1246 ,
3035 1193 3082 1236 et
3125 1181 3381 1238 Dominus

1811 1281 2080 1334 exaudiuit
2129 1297 2265 1332 eum.
2307 1279 2421 1334 Non
2468 1294 2680 1344 semper
2728 1275 3013 1330 laudabilis
3049 1284 3380 1343 estpanper-

1816 1387 1915 1438 tas,
1944 1371 2036 1427 sed
2068 1387 2188 1440 qua)
2210 1371 2367 1440 juxta
2411 1369 2778 1440 evangelicum
2812 1367 3096 1422 consilium
3124 1381 3190 1420 ex
3215 1365 3376 1418 libera

1813 1465 2088 1520 Volunlate
2116 1465 2410 1534 perﬁcitur.
2445 1461 2722 1534 Siquidem
2753 1461 2905 1515 tnulti
2940 1467 3068 1514 sunt
3093 1473 3377 1528 pauperi-5,

1815 1557 2102 1612 lacultates
2132 1557 2176 1610 si
2207 1565 2418 1625 spectes
2447 1574 2459 1610 :
2487 1565 2542 1608 at
2574 1552 2848 1623 proposito
2882 1550 3183 1604 avarissimi
3233 1560 3378 1614 sunt,

1811 1665 1946 1720 quos
1997 1667 2100 1704 non
2158 1649 2328 1705 salvat
2377 1647 2692 1716 indigentia,
2731 1645 2838 1700 sed'
2871 1641 3202 1714 propositum
3252 1657 3381 1694 cnn-

1814 1747 2053 1796 demnat.
2083 1740 2204 1794 Non
2238 1741 2401 1812 igitur
2429 1740 2518 1809 qui
2556 1748 2694 1808 eget,
2742 1739 2997 1791 continuo
3027 1736 3220 1791 beatus
3251 1749 3382 1801 pra»-

118 1835 260 1872 τονα
291 1821 638 1891 ἡγησάμενος
667 1827 774 1879 τῶν
802 1829 898 1882 τοῦ
930 1831 1132 1901 κόσμου
1167 1831 1453 1906 θησαυρῶν
1486 1833 1583 1905 τὴν
1618 1837 1705 1889 ὲν-

1811 1832 2071 1888 dicandus
2096 1845 2200 1894 est.
2222 1811 2313 1888 sed
2348 1832 2439 1902 qui
2465 1831 2664 1886 Christi
2699 1831 3008 1911 mandatum
3044 1827 3224 1882 mundi
3257 1830 3378 1882 the-

120 1909 299 1980 τολὴν
329 1910 425 1964 τοῦ
455 1913 708 1984 Χριστοῦ.
742 1918 973 1982 Τούτους
1001 1923 1092 1974 καὶ
1121 1925 1148 1975 6
1179 1924 1380 1994 Κύριος
1416 1924 1708 1998 μακαρίζει

120 1998 342 2068 λέγων’
375 2002 662 2074 Μακάριοι
697 2009 752 2060 οἱ
785 2011 1006 2078 πτωχοὶ
1049 2011 1128 2077 τῷ
1167 2018 1487 2084 πνεύματι·
1532 2020 1630 2090 οὐχ
1659 2022 1706 2074 oi

125 2093 373 2164 πένητες
404 2098 543 2151 κατὰ
585 2099 681 2170 τὴν
719 2103 1050 2173 περιουσίαν,
1087 2106 1201 2159 ἀλλ’
1223 2109 1273 2160 οἱ
1303 2109 1400 2180 τὴν
1436 2114 1708 2182 πτωχείαν

124 2186 193 2239 ὲκ
228 2186 347 2257 (79)
364 2187 540 2260 ψυχῆς
563 2191 933 2262 προελόμενοι.
961 2195 1124 2250 Οὐδὲν
1151 2197 1260 2268 γὰρ
1279 2199 1388 2252 τῶν
1415 2202 1710 2275 ἀπροαιρέ-

123 2293 243 2330 των
270 2284 627 2350 μακαριστόν.
663 2283 806 2336 Διότι
823 2286 969 2340 πᾶσα
999 2289 1191 2361 ἁρετὴ,
1226 2292 1459 2362 μάλιστα
1487 2292 1544 2347 δὲ
1567 2293 1706 2366 αὕτη

128 2368 242 2458 πρὸ
265 2371 506 2437 πάντων,
526 2373 606 2444 τῷ
626 2375 736 2448 (80)
765 2379 994 2452 ἑκουσίῳ
1009 2385 1491 2458 χαρακτηρίζεται.
1520 2384 1710 2456 Οὗτος

123 2455 246 2554 οὖν,
284 2465 479 2554 φησιν,
515 2469 549 2520 ό
573 2470 810 2540 πτωχὸς
831 2472 1137 2540 ἐκέκραξε.
1175 2455 1522 2552 Τῇνδεικτικῇ
1555 2485 1705 2554 φωνῇ

128 2551 227 2604 ἐπὶ
273 2553 367 2606 τὸν
400 2555 747 2628 πτωχεύοντα
791 2559 933 2613 κατὰ
972 2561 1126 2626 Θεὸν,
1160 2565 1253 2617 καὶ
1297 2551 1588 2632 πεινῶντα,
1613 2551 1708 2622 καλ

125 2641 398 2728 διψῶντα,
423 2649 516 2700 καὶ
554 2649 997 2718 γυμνητεύοντα,
1034 2653 1133 2725 τὴν
1169 2655 1407 2711 διάνοιάν
1436 2674 1529 2712 σου
1570 2678 1700 2733 προ-

128 2732 420 2787 καλεῖται·
469 2733 660 2822 οὗτος
704 2742 737 2793 ό
781 2741 1055 2810 πτωχὸς,
1125 2749 1406 2820 μονονουχὶ
1462 2732 1710 2822 δακτύλῳ

129 2825 370 2890 δεικνύς·
405 2821 573 2894 οὗτος
604 2832 632 2884 6
664 2831 910 2907 μαθητὴς
941 2837 1199 2908 Χριστοῦ.
1235 2842 1468 2896 Δυνατδν
1506 2847 1601 2899 καὶ
1627 2821 1707 2912 εἰς

129 2917 376 2988 Χριστὸν
423 2919 616 2986 άνάξαι
645 2922 736 2978 τὸν
770 2922 928 2994 λόγον
963 2926 1100 2997 (81),
1141 2927 1221 2993 ὃς,
1255 2931 1508 2997 πλούσιος
1534 2933 1609 2988 ὢν
1641 2939 1707 3008 τῇ

131 3009 320 3076 φύσει,
362 3010 496 3065 διότι
537 3013 714 3070 πάντα
753 3017 823 3071 τά
859 3016 952 3072 τοῦ
995 3020 1210 3092 Πατρὸς
1247 3022 1412 3078 αὐτοῦ
1451 3024 1602 3091 ἐστι,
1641 3025 1708 3079 δι’

1810 1926 1986 1980 sanris
2013 1925 2286 1994 antiquius
2339 1927 2516 1979 habet.
2562 1923 2669 1978 Hos
2703 1932 2756 1978 et
2798 1922 3055 1977 Dominus
3085 1921 3272 1977 beatos
3301 1921 3380 1973 di-

1809 2015 1904 2079 cit,
1938 2015 2124 2068 dicens
2151 2032 2163 2068 :
2193 2013 2346 2067 Beati
2365 2029 2617 2083 pauperes
2648 2014 2830 2082 spiritu
2856 2011 2901 2043 “
2922 2029 2936 2079 ;
2961 2025 3064 2066 non
3095 2010 3208 2079 qui.
3239 2007 3379 2079 quod

1809 2107 1876 2162 ad
1916 2105 2203 2162 facultates
2248 2106 2464 2172 attinet,
2506 2119 2771 2173 pauperes
2804 2114 2952 2168 sunt,
2989 2104 3082 2158 sed
3126 2102 3215 2171 qui
3250 2115 3353 2169 pau

1810 2207 2071 2265 pertatem
2103 2213 2168 2251 ex
2206 2197 2388 2250 animo
2431 2196 2764 2263 sclcgerunt.
2801 2193 3069 2262 Quidquid
3109 2193 3250 2248 enim
3282 2207 3370 2247 vo-

1810 2286 2103 2341 luntarium
2150 2303 2254 2340 non
2307 2295 2410 2352 cst,
2440 2289 2668 2342 beatum
2699 2285 2802 2341 dici
2839 2302 2944 2342 non
2978 2295 3209 2357 oportet.
3244 2285 3377 2340 Nam

1810 2377 1982 2430 virtus
2011 2377 2210 2444 omnis,
2240 2389 2294 2432 et
2345 2377 2460 2432 haec
2491 2379 2746 2444 maxime,
2780 2378 2833 2432 in
2867 2379 3056 2446 primis
3090 2377 3258 2431 libero
3285 2394 3372 2430 ar-

1812 2471 1976 2525 bitrio
2006 2484 2105 2524 ceu
2138 2470 2458 2524 charactere
2485 2468 2796 2538 insignitur.
2836 2467 2940 2521 Hic
2968 2468 3151 2538 igitur,
3185 2467 3378 2532 inquit,

1808 2577 2005 2629 pauper
2030 2559 2299 2613 clamauit.
2334 2559 2765 2615 Demonstrativa
2809 2571 2942 2614 voce
2967 2559 3032 2614 ad
3063 2573 3376 2630 pauperem,

1809 2664 1863 2707 et
1909 2653 2258 2715 esurientem,
2302 2661 2357 2707 et
2387 2652 2683 2719 sitientem,
2710 2662 2767 2708 et
2815 2655 3018 2709 nudum
3075 2653 3376 2710 secundum

1809 2744 1998 2810 Deum,
2032 2746 2298 2817 protrahit
2325 2757 2558 2800 mentem
2584 2758 2728 2799 tuam
2759 2763 2773 2801 :
2803 2744 2905 2801 Hic
2930 2764 3146 2816 pauper,
3174 2757 3382 2802 tantum

1811 2856 1914 2892 nnn
1953 2838 2120 2903 digito
2173 2835 2626 2892 ostendenstl'lic
2661 2836 2861 2892 Christi
2909 2837 3230 2909 discipulus.
3273 2837 3381 2894 Po-

1812 2939 1918 2984 test
1948 2938 2003 2983 et
2027 2930 2093 2983 ad
2121 2927 2395 2983 Christum
2441 2927 2531 2984 hic
2579 2943 2763 2984 sermo
2797 2927 3014 2995 referri,
3050 2929 3141 3000 qui
3191 2938 3382 2985 natura

1810 3025 1961 3078 dives
1999 3037 2120 3076 cum
2155 3032 2322 3086 esset,
2351 3031 2642 3091 propterea
2696 3022 2838 3092 quod
2873 3021 3057 3077 omnia
3103 3022 3246 3077 bona
3278 3019 3383 3075 Pa-

128 3101 285 3212 ἠξιᾶς
324 3103 707 3212 ’ἐπτώχειέσενέ
758 3109 845 3163 ἵνα
889 3113 1052 3182 ἡμεῖς
1095 3117 1161 3186 τῇ
1209 3115 1417 3170 ἐκείνου
1466 3117 1708 3192 πτωχείᾳ

1813 3116 1910 3170 tris
1954 3114 2124 3182 ipsius
2157 3121 2303 3179 sunt,
2331 3121 2558 3182 propter
2589 3127 2687 3166 nos
2730 3126 2936 3183 panper
2969 3111 3142 3166 factus
3184 3119 3292 3174 est,
3324 3120 3384 3165 ut

130 3191 550 3265 πλουτήσωμεν.
573 3196 766 3268 Σχεδὸν
786 3198 896 3272 γὰρ
923 3203 1122 3266 παντὸς
1147 3204 1309 3275 ἔργου
1330 3206 1423 3261 τοῦ
1447 3191 1710 3280 προάγονέ

131 3301 227 3349 τος
257 3286 353 3338 ἐπὶ
371 3286 464 3340 τὸν
501 3291 850 3362 μακαρισμὸν
873 3293 1037 3359 αὐτὸς
1071 3292 1238 3368 ἦρξεν
1271 3300 1301 3352 6
1334 3300 1561 3371 Κύριος,
1595 3321 1706 3357 πα-

133 3376 415 3450 ράδειγμα
445 3380 560 3442 τοῖς
584 3379 946 3450 μανθάνουσιν
975 3387 1164 3440 ἑαυτὸν
1180 3387 1458 3459 προτιθείς
1512 3391 1709 3446 Ἑπάν-

133 3483 238 3535 ηκε
273 3469 369 3522 ἐπὶ
406 3471 532 3536 τοὺς
578 3475 980 3544 μακαρισμοὶις,
1045 3479 1138 3530 καὶ
1177 3479 1404 3533 ἕκαστον
1449 3479 1709 3548 ἐξετάσας

135 3559 412 3632 εὑρήσεις,
433 3562 515 3616 ὅτι
541 3563 803 3636 προέλαϐε
828 3566 928 3638 τὴν
957 3569 1021 3621 ἐκ
1053 3568 1146 3622 τοῦ
1169 3570 1328 3639 λόγου
1358 3572 1710 3631 διδασκαλίαν

133 3653 249 3716 τοῖς
276 3651 480 3725 ἔργοις.
505 3655 791 3724 Μακάριοι
816 3660 872 3712 οἱ
895 3660 1119 3728 πραεῖς.
1160 3663 1284 3728 Πῶς
1310 3660 1402 3718 οὖν
1451 3665 1710 3738 μάθωμεν

134 3745 235 3816 τὴν
257 3747 574 3820 πραότητα;
624 3752 848 3808 Μάθετε
869 3754 970 3809 ἀπ’
991 3754 1158 3824 ἐμοῦ,
1187 3758 1368 3828 φησιν,
1405 3757 1495 3813 ὅτι
1518 3760 1708 3830 πρᾶός

133 3836 254 3905 ειμι
291 3836 392 3890 καὶ
420 3839 698 3908 ταπεινὸς
727 3842 802 3912 τῇ
829 3845 1060 3914 καρδίᾳ.
1090 3847 1379 3919 Μακάριοι
1398 3853 1454 3906 ot
1477 3853 1709 3922 εἰρηνο-

135 3929 317 3982 ποιοί.
351 3929 447 3994 Τίς
473 3932 619 4002 ἡμᾶς
636 3931 832 4001 διδάξει
861 3936 1035 4008 τὸτῆς
1055 3939 1278 4012 εἰρήνης
1309 3941 1504 4010 καλόν;
1539 3946 1709 4011 Αὐτὸς

135 4019 541 4092 ὀειρηνοποιδς,
561 4025 591 4078 6
620 4024 788 4078 ποιῶν
816 4027 1061 4098 εἰρήνην,
1091 4030 1186 4083 καλ⁵
1215 4032 1709 4090 άποκαταλλάσσων

137 4109 265 4172 τοὺς
300 4110 394 4164 δύο
420 4115 502 4178 εἰς
535 4113 631 4168 ἕνα
659 4116 844 4170 καινὸν
885 4117 1170 4189 ἄνθρωπον
1192 4136 1204 4151 ο
1233 4123 1261 4173 6
1292 4123 1710 4196 εἰρηνοποιήσας

137 4197 226 4251 διὰ
249 4198 347 4252 τοῦ
379 4202 608 4272 αἵματος
640 4203 735 4258 τοῦ
771 4207 1004 4276 σταυροῦ
1045 4207 1207 4262 αὐτοῦ
1241 4209 1350 4264 εἴτε
1396 4211 1465 4265 τὰ
1511 4215 1569 4266 ἐν
1598 4219 1710 4280 τοῖς

139 4290 390 4362 οὐρανοῖς
414 4293 523 4347 εῐτε
550 4295 618 4348 τὰ
646 4296 738 4349 ἐπὶ
761 4297 861 4368 τῆς
891 4299 1016 4367 γῆς.
1064 4299 1352 4368 Μακάριοι
1383 4307 1436 4357 οι
1466 4307 1708 4376 πτωχοί.

137 4383 313 4448 Αὐτός
341 4384 490 4438 ἐστιν
517 4387 547 4439 6
580 4389 918 4459 πτωχεύσας,
950 4391 1045 4444 καὶ
1071 4390 1312 4457 κενώσας
1343 4396 1531 4450 ἑαυτὸν
1563 4398 1620 4452 ὲν
1642 4401 1706 4470 τῇ

1814 3223 1912 3263 nos
1957 3206 2101 3262 illius
2142 3211 2458 3276 paupertate
2503 3204 2892 3260 ditesceretnus
2913 3204 2982 3258 “.
3019 3203 3229 3260 Etenim
3264 3218 3380 3258 om-

1811 3317 1932 3358 nem
1959 3297 2076 3356 fere
2101 3299 2372 3355 actionem
2400 3286 2519 3368 qua:
2545 3311 2640 3352 nos
2663 3298 2729 3350 ad
2759 3296 3153 3352 beatitudinem
3185 3311 3382 3368 provo-

1809 3401 1916 3458 cat,
1952 3391 2210 3447 Dominus
2253 3390 2365 3460 ipse
2389 3389 2700 3459 auspicatus
2740 3400 2844 3450 cst.
2884 3402 2945 3444 se
2973 3389 3147 3459 ipsum
3182 3403 3382 3460 propo-

1772 3535 1776 3540 .
1813 3499 1946 3538 nens
1978 3481 2286 3552 exemplum
2319 3481 2670 3536 discentibus.
2715 3481 2846 3535 Redi
2877 3481 2944 3536 ad
2985 3480 3379 3548 beatitudines;

1810 3587 1866 3631 et
1894 3575 2123 3644 singulis
2146 3575 2422 3646 expensis,
2465 3589 2590 3629 eum
2615 3575 2860 3631 invenies
2891 3575 3147 3644 operibus
3174 3572 3383 3628 doctri-

1813 3683 1938 3723 nam
1975 3669 2124 3724 verhi
2180 3666 2544 3738 praevertisse.
2613 3664 2765 3720 Beati
2817 3667 2966 3720 mites
2983 3664 3052 3719 δ’.
3103 3662 3384 3731 Quomodo

1811 3760 1974 3832 igitur
2003 3759 2354 3817 didicerimus
2390 3757 2554 3831 148
2581 3756 3084 3812 mansuetudinem!
3115 3755 3314 3811 Discite
3347 3771 3385 3810 a

1810 3872 1911 3919 me,
1940 3855 2132 3923 inquit,
2163 3855 2288 3924 quia
2325 3853 2466 3907 milia
2493 3868 2610 3906 sum
2644 3860 2694 3906 et
2721 3851 2932 3905 Immitis
2962 3851 3120 3906 corde
3141 3851 3208 3905 “.
3231 3848 3388 3904 Beati

1810 3943 2110 4016 paciﬁci".
2138 3942 2239 4010 Qui
2276 3958 2373 4000 nos
2406 3944 2619 3998 docebit
2649 3943 2798 4011 pacis
2836 3941 3077 3996 bonum?
3123 3938 3242 4010 Ipse
3291 3939 3383 3995 ille

1813 4037 2091 4106 paciticns,
2120 4035 2212 4105 qui
2262 4033 2394 4090 facit
2443 4050 2656 4106 pacem,
2689 4045 2743 4088 ct
2779 4033 3095 4089 reconciliet
3142 4033 3278 4089 duos
3322 4034 3378 4089 in

1815 4145 1977 4182 unum
2022 4143 2217 4182 novum
2254 4129 2524 4184 hominem
2545 4127 2622 4192 ";
2652 4127 2743 4197 qui
2778 4126 3083 4198 paciﬁcavit
3129 4142 3227 4197 per
3251 4143 3382 4182 san-

1812 4221 2026 4292 guinem
2053 4221 2232 4276 crucis
2263 4235 2392 4287 sua’,
2426 4229 2536 4273 tum
2579 4234 2697 4288 qua
2727 4219 2781 4273 in
2813 4219 2987 4282 cmlis,
3023 4229 3132 4275 tum
3161 4236 3281 4290 qua
3328 4221 3382 4274 in

1815 4323 1954 4367 terra
2001 4311 2205 4368 sunt”.
2233 4309 2388 4366 Beati
2410 4327 2663 4381 pauperes
2686 4309 2754 4364 '°.
2786 4309 2906 4380 Ipse
2931 4320 3016 4366 est
3049 4310 3143 4380 qui
3179 4325 3383 4381 pauper

1815 4400 2006 4466 fnit,et
2027 4417 2085 4458 se
2120 4401 2292 4471 ipsum
2330 4401 2381 4471 in
2409 4399 2582 4455 forma
2605 4402 2748 4457 servi
2775 4401 3161 4467 exinanivit",
3203 4411 3260 4456 ut
3285 4416 3385 4456 nos

137 4475 232 4529 τοῦ
257 4476 446 4530 δούλου
480 4481 680 4552 μορφῇ,
719 4481 804 4535 ἵνα
846 4484 1005 4554 ἡμεῖς
1039 4485 1239 4549 πάντες
1269 4489 1332 4541 ἐκ
1361 4488 1456 4542 τοῦ
1488 4490 1707 4564 πληρώ-

1813 4509 2002 4549 mnnes
2041 4507 2104 4547 ex
2140 4491 2256 4562 ejus
2288 4491 2618 4564 plenitudine
2667 4492 3023 4560 accipiamus,
3055 4501 3110 4546 et
3152 4491 3381 4561 gratiam

144 4583 311 4634 ματος
344 4567 508 4622 αὐτοῦ
555 4568 827 4641 λάϐωμεν,
864 4573 959 4626 καὶ
998 4575 1160 4647 χάριν
1201 4578 1322 4632 ἀντὶ
1355 4580 1594 4652 χάριτος.
1643 4585 1712 4639 Εἰ

140 4673 222 4719 τις
247 4655 365 4723 οὖν,
405 4659 513 4713 ἀπὸ
549 4661 642 4714 τοῦ
671 4661 781 4731 (8'2)
817 4665 971 4732 ἁγίου
1003 4670 1094 4720 καὶ
1123 4668 1500 4742 φιλανθρώπου
1541 4675 1708 4729 Πνεύ-

145 4765 312 4825 ματος
347 4752 630 4823 ἀγόμενος,
663 4755 736 4826 μὴ
769 4757 979 4826 φρονῶν
1008 4759 1090 4826 ἐφ’
1116 4761 1314 4832 ἑαυτῷ,
1342 4763 1477 4817 ἀλλὰ
1515 4783 1708 4822 ταπει-

143 4837 245 4892 νῶν
275 4840 486 4903 ἑαυτὸν,
523 4842 607 4896 ἵνα
634 4844 758 4907 τοὺς
774 4844 964 4910 ἄλλους
988 4846 1198 4921 ὑψώσῃ,
1227 4847 1419 4920 κράζοι
1444 4853 1520 4924 τῷ
1553 4858 1708 4911 πνεύ-

146 4946 272 4998 ματι
299 4931 369 4985 τὰ
408 4933 616 5002 μεγάλα
650 4935 971 5007 εὐχόμενος,
1013 4940 1104 4992 καὶ
1137 4939 1304 5012 μηδὲν
1334 4947 1708 5017 μικροπρεπὲς

145 5021 275 5096 μηδὲ
316 5027 569 5081 ταπεινὸν
622 5028 912 5098 φθέγγοιτο
961 5033 1024 5084 ὲκ
1070 5031 1164 5086 τοῦ
1218 5033 1287 5087 τά
1343 5036 1561 5106 ἐπίγεια
1615 5042 1708 5095 καὶ

1815 4603 1911 4656 pro
1932 4587 2102 4656 gratia
2122 4587 2190 4641 “.
2213 4585 2270 4640 Si
2302 4586 2422 4656 quis
2443 4585 2609 4655 igitur
2639 4598 2670 4637 a
2698 4594 2888 4638 sancto
2919 4593 2973 4637 et
3010 4582 3243 4653 benigno
3267 4583 3386 4652 Spi-

1816 4679 1922 4733 ritu
1967 4683 2179 4738 ductus,
2210 4678 2262 4730 in
2295 4675 2586 4743 semetipso
2639 4689 2742 4728 non
2778 4673 2974 4739 elatus,
3001 4675 3096 4728 sed
3139 4687 3260 4729 sese
3289 4675 3385 4727 hu-

1815 4770 2053 4831 milians,
2080 4778 2138 4823 ut
2169 4766 2304 4821 alios
2331 4764 2551 4832 exaltet,
2592 4767 2785 4835 spiritu
2826 4765 3023 4822 clamet
3071 4780 3264 4836 magna
3296 4781 3386 4820 ro-

1815 4877 1968 4932 gans,
2009 4875 2108 4914 nec
2161 4859 2452 4928 quidquam
2494 4858 2761 4929 abjectum
2809 4867 2904 4911 aut
2956 4857 3158 4912 humile
3197 4857 3384 4926 loqua-

1820 4964 1926 5015 tur,
1957 4967 2023 5006 ex
2063 4965 2130 5005 eo
2175 4953 2315 5019 quod
2356 4961 2570 5005 terrena
2603 4960 2657 5005 et
2694 4950 2962 5004 mundana
2993 4957 3223 5019 quaerat,
3264 4949 3383 5002 talis

1818 5043 1919 5097 viri
1969 5043 2175 5099 clamor
2201 5060 2230 5097 ιι
2265 5040 2490 5097 Domino
2526 5041 2869 5096 exaudietnr.
2913 5039 3172 5108 Quisnam
3221 5039 3384 5106 igitur

275 5237 467 5316 Matth.
498 5240 632 5316 τιὸ.
655 5239 808 5316 ηιξ-11
833 5241 959 5316 C_or.
988 5259 1103 5316 vut,
1130 5241 1190 5316 9.
1234 5241 1525 5316 ﬁfMatth.
1557 5264 1610 5309 ν,
1647 5250 1699 5307 5.

1811 5250 1822 5280 ⁵
1856 5249 2041 5302 Matth.
2079 5261 2155 5311 χι,
2187 5246 2276 5302 29.
2352 5246 2396 5278 "
2424 5245 2613 5302 Matth.
2657 5260 2708 5311 v,
2739 5247 2793 5302 9.
2870 5245 2916 5277 “
2952 5245 3146 5316 Ephes.
3193 5261 3252 5310 tt,
3290 5245 3379 5300 15.

145 5307 415 5367 “Coloss.
452 5327 490 5374 ι,
519 5311 609 5369 20.
652 5309 698 5342 ⁸⁸
727 5309 914 5366 Matth.
946 5329 997 5380 v,
1023 5307 1098 5367 ὃ(
1151 5315 1196 5346 ⁵¹
1233 5312 1464 5388 Philipp.
1500 5333 1562 5383 ll,
1593 5307 1645 5374 7.

1811 5321 1950 5376 Ιυηιι.
1987 5335 2025 5383 I,
2063 5307 2145 5374 l6.

209 5442 320 5512 (79)
351 5443 480 5522 Reg.
514 5445 776 5522 tertiuspi
803 5445 902 5522 τῂν
930 5447 1119 5522 πενίαν
1169 5447 1253 5522 ἐκ.
1312 5445 1511 5522 Ibidem
1567 5449 1701 5522 lteg.

145 5525 370 5585 quartus
393 5513 658 5585 ἑλόμενοι.
688 5514 803 5569 Mox
840 5513 968 5585 lteg.
1000 5517 1186 5571 tertius
1217 5519 1298 5570 ὅτι
1318 5518 1488 5573 πᾶσα.

1805 5453 1896 5506 τὸν
1921 5452 2094 5521 λόγον,
2124 5453 2176 5506 ἱιι
2227 5452 2465 5521 quinque
2498 5465 2631 5505 mss.
2657 5465 2762 5504 non
2797 5449 2992 5521 legitur
3016 5465 3038 5521 ι
3082 5449 3176 5521 sed
3229 5463 3385 5516 repo-

1809 5525 1944 5578 ritnr
1994 5519 2044 5577 in
2095 5519 2502 5604 Begiisquarto
2529 5531 2584 5574 ct
2616 5532 2772 5574 sexto
2819 5531 2874 5575 et
2915 5520 2969 5574 in
3001 5519 3157 5574 (Jolb.
3187 5522 3384 5589 quinto

213 5583 322 5662 (80)
354 5582 427 5638 Ita
480 5582 692 5662 septem
717 5601 891 5662 __m_ss.,
923 5582 982 5639 ct
1035 5588 1106 5640 ita
1141 5587 1529 5662 legihopurtcre
1566 5590 1703 5645 satis
1805 5609 1957 5662 atque
1997 5609 2059 5648 ac
2095 5595 2148 5647 in
2175 5582 2357 5648 Editis'.

146 5656 480 5735 perspicuum
517 5665 616 5709 est.
655 5655 792 5735 Editi
839 5671 968 5712 vero
997 5669 1118 5711 cum
1165 5655 1329 5713 Colb.’
1371 5659 1560 5728 quinto
1594 5662 1700 5731 μά-

149 5723 293 5778 λιστα
314 5724 377 5796 δὴ
410 5723 629 5779 πάντων
657 5724 753 5796 τῷ.

213 5797 319 5864 t8l)
351 5795 548 5851 'l'otum
570 5795 718 5860 illud,
756 5796 981 5852 δυνατὸν
1014 5797 1107 5852 καὶ
1142 5799 1218 5862 εἰς
1245 5799 1475 5852 Χςιετὺν
1507 5799 1698 5855 aviis:

1870 5657 1990 5744 139-)
2030 5665 2104 5720 Ita
2160 5664 2400 5734 quinque
2443 5675 2575 5720 mss.
2622 5660 2802 5718 Editio
2851 5675 2979 5718 vero
3035 5657 3214 5716 Paris.
3273 5659 3382 5717 ὑπὸ

1803 5752 1896 5789 του
1907 5777 1920 5791 ο
