4098 6324
717 316 822 370 363

2009 312 2065 364 ὁ.
2109 308 2352 362 BASILII
2392 305 2605 360 MAGNI

3853 296 3952 347 364

714 421 1001 477 auditionis
1046 420 1166 474 tlnis
1198 421 1316 474 est?
1354 419 1598 474 Liberari
1647 433 1713 473 ex
1764 418 2015 474 omnibus
2051 418 2270 472 tribula-

2397 416 2608 485 ιοσμικά
2633 413 2814 484 ζητεῖν
2866 412 2998 483 (85).
3031 409 3124 463 τοῦ
3172 412 3411 464 τοιούτου
3456 409 3490 480 ἡ
3548 403 3776 479 κραυγὴ
3844 406 3958 456 cla-

714 511 970 576 Ilnnibus,
1002 511 1136 564 adeo
1163 521 1220 562 ut
1259 526 1365 564 non
1399 512 1474 565 sis
1507 511 1809 575 sauciatus,
1833 524 1939 564 non
1974 509 2266 580 frangaris,

713 612 886 667 neque
919 599 1102 654 carnis
1129 598 1344 655 aﬂ'ectui
1375 601 1718 668 manciperis.
1746 602 1876 668 Quis
1896 601 2058 669 igitur
2084 603 2271 656 modus

709 702 805 758 per
824 702 983 758 quem
1010 689 1270 744 liberatur
1290 692 1529 761 pauper?
1551 691 1736 762 (Vsus.
1754 692 1830 764 8.)
1847 691 2034 748 Castra
2059 696 2273 748 metabi-

713 793 799 834 tur
827 781 1041 849 angelus
1094 781 1306 836 Domini
1350 785 1404 836 in
1445 785 1665 840 circuitu
1702 788 1991 839 timentium
2045 804 2184 849 eum.
2223 798 2273 842 et

713 873 897 941 eripiet
932 889 1040 928 eos.
1073 872 1458 942 lnterpretatus
1484 887 1568 930 est
1596 892 1754 946 quem
1786 876 1930 929 dicat
1959 892 2271 945 pauperem,

716 965 991 1019 timentem
1049 965 1298 1020 videlicet
1345 965 1648 1023 Dominum.
1684 970 1891 1023 ldcirco
1949 970 2041 1038 qui
2093 973 2264 1035 timet,

715 1056 892 1109 adhuc
923 1058 974 1110 in
1009 1055 1154 1111 servi
1193 1057 1382 1111 ordine
1416 1069 1534 1114 est:
1559 1060 1647 1127 qui
1682 1073 1812 1113 vero
1839 1059 2104 1114 cbaritate
2151 1075 2272 1128 per-

716 1147 889 1203 fectus
928 1149 1170 1218 est.jam
1221 1150 1287 1205 ad
1336 1151 1428 1207 lilii
1482 1152 1797 1221 dignitatem
1841 1152 2105 1206 ascendit.
2139 1152 2276 1205 Hinc

717 1253 906 1312 servus
952 1242 1115 1295 etiam
1150 1257 1353 1311 pauper
1387 1242 1605 1307 dicitur,
1648 1252 1930 1311 propterea
1975 1244 2117 1312 quod
2148 1242 2277 1296 nihil

720 1304 880 1385 habet
900 1334 1101 1402 proprii
1135 1304 1321 1386 z'lilius
1349 1347 1476 1386 vero
1503 1304 1613 1400 lam
1644 1304 1794 1387 dives
1820 1344 1924 1398 est,
1948 1304 2088 1403 quod
2117 1335 2278 1388 bono-

722 1437 844 1476 rum
871 1435 1216 1492 paternorum
1245 1425 1316 1478 sit
1344 1425 1533 1478 haeres.
1579 1423 1768 1477 Castra
1803 1426 1961 1495 igitur
1997 1425 2280 1477 metabitur

723 1513 940 1582 angelus
969 1512 1182 1566 Domini
1224 1515 1277 1566 in
1322 1515 1545 1566 circuitu
1579 1516 1875 1568 timentium
1902 1531 2042 1568 eum.
2069 1515 2282 1569 Assidet

724 1601 947 1670 angelus
992 1602 1212 1658 cuilibet
1249 1604 1302 1656 in
1337 1603 1620 1656 Dominum
1664 1604 1928 1666 credenti,
1961 1605 2062 1659 nisi
2094 1620 2190 1658 nos
2220 1605 2282 1657 il-

724 1692 832 1745 lum
857 1693 1108 1762 operibus
1131 1694 1314 1763 pravis
1332 1694 1633 1763 abigamus.
1653 1695 2111 1760 Quemadmodum
2137 1695 2279 1749 enim

2373 507 2614 579 ακουστὴ
2659 504 2736 577 τῷ
2767 506 2976 576 Κυρίῳ.
3002 504 3067 557 Τί
3095 499 3185 556 οὖν
3211 503 3268 555 τὸ
3314 504 3463 566 τέλος
3507 501 3606 571 τῆς
3641 498 3864 568 ἀκοῆς
3890 497 3962 549 Τδ

2372 598 2634 669 ῥυσθῆναι
2661 598 2768 653 ἀπὸ
2803 599 2990 650 πασῶν
3022 595 3127 650 τῶν
3157 593 3384 662 θλίψεων
3407 595 3676 668 ἄτρωτον,
3720 589 3806 660 μὴ
3839 590 3963 642 ὑπο-

2371 690 2785 753 κατακλιθὲντα,
2846 689 2978 759 μηδὲ
3025 684 3337 740 δουλεύοντα
3379 685 3457 754 τῷ
3489 684 3819 756 φρονήματι
3865 681 3962 747 τῆς

2375 781 2594 852 σαρκός.
2631 782 2726 844 Τίς
2757 775 2847 833 οὖν
2879 779 2973 830 καὶ
2998 781 3026 831 6
3047 779 3241 847 τρόπος
3261 775 3327 827 δι’
3349 767 3409 824 οὗ
3442 775 3632 844 ῥύεται
3650 775 3682 826 6
3704 769 3930 838 πτωχός
3944 785 3958 830 ;

2374 873 2746 942 Παρεμσαλεῒ
2772 873 3020 941 ἅγγελος
3060 868 3276 938 Κυρίου
3323 866 3528 928 κύκλῳ
3578 865 3708 919 τῶν
3738 863 3963 933 φοϐου-

2368 965 2564 1037 μένων
2591 966 2792 1029 αὑτὸν,
2821 963 2916 1018 καὶ
2932 961 3179 1030 ῥύσεται
3205 957 3440 1021 αὐτούς.
3459 954 3817 1028 Ἣρμὴνευσε
3845 954 3964 1006 τίνα

2375 1057 2522 1124 λέγει
2578 1054 2669 1105 τὸν
2692 1055 2923 1123 πτωχὸν,
2954 1051 3043 1104 τὸν
3072 1049 3399 1119 φοϐούμενον
3429 1045 3520 1098 τὸν
3553 1048 3792 1118 Κύριον.
3817 1046 3964 1098 am

2376 1151 2404 1201 6
2438 1144 2766 1215 φοϐούμενος
2795 1145 2874 1197 ἐτι
2907 1146 2963 1196 ἐν
2986 1144 3051 1212 τῇ
3084 1140 3176 1192 τοῦ
3201 1140 3385 1193 δούλου
3415 1136 3566 1202 τάξει
3598 1139 3779 1190 ἐστίν.
3818 1138 3881 1189 Ὀ
3911 1137 3964 1188 δὲ

2379 1239 2483 1292 ὑπὸ
2516 1238 2613 1305 τῆς
2647 1235 2869 1306 ἀγάπης
2912 1232 3324 1301 τετελειωμένος
3371 1231 3504 1302 πρὸς
3546 1228 3646 1297 τὴν
3695 1230 3794 1282 τοῦ
3845 1228 3964 1282 υἱοῦ

2379 1330 2562 1384 λοιπὸν
2613 1327 2768 1392 ἀξίαν
2796 1328 3062 1399 ἀνέδραμε
3091 1324 3216 1396 (84).
3243 1326 3439 1394 Διόπερ
3467 1326 3493 1376 6
3512 1321 3616 1394 μὲν
3641 1322 3847 1385 δοῦλος
3875 1325 3965 1375 καὶ

2380 1419 2590 1490 πτωχὸς
2631 1418 2880 1486 λέγεται,
2921 1418 2998 1486 τῷ
3049 1415 3210 1487 μηδὲν
3254 1414 3384 1466 [δεον
3430 1414 3575 1484 ἔχειν
3601 1430 3613 1442 ·
3666 1413 3698 1463 ό
3745 1413 3804 1463 δὲ
3851 1413 3963 1474 υἱὸς

2380 1514 2478 1584 ἥδη
2509 1513 2599 1564 καὶ
2629 1508 2900 1572 πλούσιος,
2947 1507 3022 1578 τῷ
3055 1506 3382 1578 κληρονόμος
3427 1504 3566 1558 εἶναι
3607 1503 3724 1556 τῶν
3761 1521 3962 1570 πατρι-

2383 1603 2492 1656 κῶν
2525 1599 2762 1669 ἀγαθῶν.
2793 1598 3164 1665 Παρεμϐαλεῖ
3191 1593 3282 1650 οὖν
3313 1596 3568 1664 ἄγγελος
3609 1594 3847 1660 Κυρίου
3867 1595 3966 1644 κύ-

2383 1699 2509 1758 κλῳ
2535 1691 2651 1747 τῶν
2682 1689 3063 1761 φοϐουμένων
3105 1690 3306 1745 αὐτόν.
3349 1688 3516 1740 Παντὶ
3565 1684 3964 1738 πεπιστευκότι

727 1783 906 1840 fumus
939 1801 1067 1853 apes
1098 1762 1267 1855 fugat,
1317 1797 1369 1840 et
1410 1762 1548 1840 fetor
1595 1785 1871 1840 columbas
1917 1787 2134 1855 expellit
2165 1806 2178 1840 :
2207 1787 2285 1841 sic

2397 1790 2467 1848 εἰς
2493 1787 2581 1838 τὸν
2617 1784 2819 1855 Κύριον
2857 1782 3084 1851 ἄγγελος
3114 1779 3454 1864 παρεόρεύει,
3483 1780 3579 1832 ὲάν
3628 1780 3852 1849 μήποτε
3884 1779 3966 1829 αύ-

728 1876 973 1942 angelnm
1003 1878 1122 1930 vita:
1156 1887 1352 1931 nostra?
1391 1879 1669 1932 custodem
1699 1878 2044 1948 lacrymabile
2076 1894 2139 1934 ac
2166 1894 2287 1946 gra-

727 1967 944 2020 veolens
980 1977 1255 2034 peccatum
1300 1967 1486 2036 abigit.
1525 1967 1697 2035 Opera
1749 1970 2006 2025 custodite
2037 1972 2288 2039 angelicas

728 2055 888 2123 digna
916 2055 969 2108 in
1016 2064 1103 2108 tua
1141 2056 1317 2109 anima
1351 2057 1395 2110 si
1437 2055 1659 2121 habeas,
1685 2066 1738 2112 et
1776 2075 1926 2113 mens
1960 2059 2012 2111 in
2045 2058 2285 2111 veritatis

728 2147 1190 2216 contemplatione
1236 2150 1384 2203 dives
1438 2151 1491 2202 in
1550 2158 1602 2204 Ie
1653 2151 1940 2213 inhabitet,
1963 2154 2028 2203 ob
2075 2149 2288 2201 divitias

732 2237 1110 2302 praeclarorum
1153 2252 1376 2307 operum
1408 2240 1644 2304 virtutis,
1679 2240 1820 2295 Dens
1855 2239 2162 2293 necessario
2191 2240 2288 2292 sti-

733 2327 1009 2396 pulatores
1064 2327 1157 2381 tibi
1192 2335 1246 2380 et
1279 2330 1531 2382 custodes
1564 2331 1862 2391 constituit,
1893 2338 2048 2396 teque
2081 2328 2292 2398 angelo-

735 2434 852 2472 rum
896 2419 1192 2473 communit
1223 2420 1488 2474 custodia.
1522 2419 1815 2475 Considera
1863 2429 2042 2474 autem
2093 2431 2288 2487 quanta

735 2512 806 2563 sit
837 2510 1149 2580 angelorum
1189 2521 1400 2577 natura,
1428 2512 1858 2581 quandoquidem
1900 2513 2154 2567 exercitui
2199 2512 2292 2565 toti

733 2611 794 2656 et
843 2605 1039 2656 castris
1093 2604 1364 2670 frequenti
1419 2607 1586 2658 milite
1638 2604 1853 2658 refertis
1892 2606 2111 2674 angelus
2161 2619 2296 2658 llttttS

735 2701 1103 2759 comparatur.
1157 2692 1388 2762 Propter
1417 2695 1842 2763 magnitudinem
1876 2694 2037 2762 igitur
2064 2695 2179 2765 ejus
2203 2694 2295 2762 qui

738 2787 793 2833 te
820 2780 1071 2845 custodit,
1108 2781 1363 2836 Dominus
1395 2790 1572 2836 castra
1612 2783 1704 2836 tibi
1756 2783 1998 2852 impertit
2032 2802 2044 2836 :
2073 2795 2292 2852 propter

740 2871 1109 2926 fortitudinem
1154 2887 1281 2926 vero
1326 2873 1524 2942 angeli,
1562 2874 1724 2927 tutela
1774 2873 1941 2942 ipsius
1996 2889 2091 2927 ceu
2145 2891 2298 2929 muro

741 2961 1012 3016 undelibet
1044 2971 1096 3016 te
1143 2964 1333 3018 munit.
1366 2963 1494 3017 Nam
1533 2964 1680 3028 illud,
1712 2963 1778 3018 In
1809 2965 2053 3028 circuitu,
2085 2965 2185 3018 hoc
2216 2966 2295 3034 ip-

741 3067 858 3106 sum
913 3054 1203 3122 significat.
1241 3057 1698 3122 Quemadmodum
1739 3059 1880 3114 enim
1915 3059 2128 3113 urbium
2163 3061 2297 3113 muri

745 3145 798 3196 in
833 3146 1060 3198 circuittt
1091 3147 1238 3200 omni
1265 3163 1329 3200 ex
1357 3160 1508 3216 parte
1540 3151 1915 3216 circumducti,
1949 3153 2302 3223 undecunque

744 3232 977 3286 hostium
1009 3235 1246 3288 assultus
1275 3246 1464 3289 arcent
1496 3255 1509 3289 :
1543 3239 1613 3290 ita
1642 3240 1805 3292 etiam
1829 3241 2053 3310 angelus
2081 3252 2134 3295 et
2169 3257 2306 3312 prte-

746 3325 923 3378 llillllll
955 3341 984 3378 a
1025 3325 1221 3390 fronte,
1251 3337 1304 3381 et
1345 3343 1372 3381 a
1422 3339 1572 3397 tergo
1606 3334 1860 3397 custodit,
1891 3349 1992 3388 nec
2017 3335 2305 3404 quidquam

749 3419 1002 3487 utrinque
1034 3419 1416 3474 incustoditum
1465 3422 1737 3490 relinquit.
1771 3424 1843 3477 Ea
1901 3427 1966 3477 de
2006 3440 2167 3479 causa
2200 3426 2304 3479 Ca-

747 3513 866 3562 dent
909 3529 940 3562 a
984 3510 1143 3564 latere
1211 3522 1299 3564 tuo
1357 3512 1520 3576 mille,
1549 3523 1595 3566 et
1648 3515 1821 3567 decem
1856 3515 2022 3567 millia
2051 3533 2082 3568 a
2111 3518 2306 3570 dextris

748 3600 953 3667 tuis”;
994 3603 1058 3654 ad
1093 3611 1143 3656 te
1176 3610 1352 3654 autem
1406 3617 1472 3655 ne
1516 3602 1670 3671 plaga
1721 3605 1934 3672 quidem
1986 3605 2304 3674 cujusquam

751 3693 924 3745 bostis
954 3692 1685 3762 appropinquabit,quoniam
1711 3695 1913 3765 angelis
1945 3696 2057 3750 suis
2086 3697 2309 3750 manda-

751 3783 830 3834 ltil
858 3783 923 3834 de
952 3795 1020 3840 le.

2385 1879 2475 1929 τὸν
2515 1879 2672 1947 ἡμεῖς
2700 1877 2763 1926 ὲκ
2801 1875 2908 1928 τῶν
2934 1873 3182 1944 πονηρῶν
3217 1872 3392 1945 ἔργων
3419 1871 3844 1940 ἀποδιώξωμεν.
3882 1871 3967 1931 Ὧς

2386 1970 2495 2039 γὰρ
2521 1969 2617 2031 τὰς
2651 1968 2909 2038 μελίσσας
2952 1966 3152 2029 καπνὸς
3182 1965 3495 2036 φυγαδεύει,
3537 1968 3638 2019 καὶ
3680 1965 3786 2026 τὰς
3816 1979 3969 2032 περι-

2392 2061 2584 2131 στερὰς
2612 2060 2843 2113 δυσωδία
2883 2058 3180 2124 ἐξελαύνει·
3216 2057 3355 2110 οὕτω
3377 2060 3470 2110 καὶ
3494 2058 3587 2110 τὸν
3619 2055 3848 2124 φύλακα
3872 2053 3966 2120 τῆς

2390 2153 2533 2223 ζωῆς
2561 2153 2718 2223 ἡμῶν
2750 2151 3032 2220 ἄγγελονή
3064 2149 3403 2221 πολύδακρυς
3448 2150 3542 2202 καὶ
3571 2144 3830 2210 δυσώδης
3867 2144 3966 2209 ἀφ-

2395 2244 2601 2315 ίστησιν
2631 2243 2892 2314 ἁμαρτία.
2919 2241 3043 2294 Ἐὰν
3067 2240 3194 2315 ἔχῃς
3218 2242 3274 2292 ὲν
3389 2240 3532 2308 ψυχῇ
3557 2237 3688 2300 ἀξια·
3727 2233 3966 2300 φυλακῆς

2393 2336 2686 2406 ἁγγελικῆς
2721 2336 2877 2406 ἔργα,
2909 2333 3001 2386 καὶ
3022 2333 3146 2394 νοῦς
3171 2332 3421 2392 πλούσιος
3451 2332 3508 2380 ὲν
3551 2329 3669 2404 τοῖς
3713 2326 3816 2394 τῆς
3847 2323 3967 2390 ἀλη-

2394 2428 2542 2490 θείας
2587 2427 2934 2496 θεωρήμασιν
2979 2427 3158 2494 ἐνοικῇ
3207 2440 3285 2475 σοι
3315 2422 3400 2473 διὰ
3436 2421 3527 2472 τὸν
3579 2415 3824 2469 πλοῦτον
3869 2415 3967 2467 τῶν

2392 2519 2586 2588 τιμίων
2621 2517 2794 2588 ἔργων
2825 2516 2923 2584 τῆς
2951 2515 3167 2585 ἀρετῆς,
3217 2511 3524 2579 ἀναγκαίως
3570 2508 3859 2579 φρουρούς
3895 2521 3967 2556 σοι

2396 2611 2488 2662 καὶ
2510 2608 2753 2676 φύλακας
2784 2605 3249 2676 παρακαθίστησιν
3280 2605 3308 2656 6
3339 2602 3489 2666 Θεὸς,
3524 2601 3623 2653 καὶ
3652 2596 3952 2670 περιτειχί-

2399 2700 2479 2765 ζει
2511 2717 2567 2752 σε
2595 2701 2805 2770 φυλακῇ
2850 2697 3112 2765 ἀγγέλων.
3165 2694 3360 2747 Σκόπει
3394 2693 3449 2746 δὲ
3491 2692 3661 2762 ἡλίκη
3718 2689 3840 2741 ἐστὶ
3874 2684 3968 2737 τῶν

2400 2793 2646 2860 ἀγγέλων
2681 2797 2713 2864 ἡ
2758 2791 2944 2861 φύσις·
2983 2793 3065 2844 ὅτι
3095 2788 3198 2859 ὅλῳ
3235 2786 3578 2859 στρατοπέδῳ
3626 2782 3726 2835 καὶ
3761 2795 3967 2849 παρεμ-

2400 2885 2526 2954 ϐολῇ
2561 2881 2966 2954 πολυανθρὼπῳ
3000 2877 3391 2950 παρεικάζεται
3421 2879 3448 2928 6
3480 2870 3559 2935 εἷς
3592 2872 3855 2939 ἄγγελος.
3885 2867 3969 2920 Διὰ

2405 2975 2500 3045 μὲν
2527 2970 2617 3026 οὖν
2643 2976 2702 3026 τὸ
2740 2972 2965 3042 μέγεθος
2992 2971 3083 3021 τοῦ
3125 2965 3488 3036 φυλάσσοντός
3520 2979 3578 3015 σε
3617 2959 3969 3031 παρεμϐολήν

2327 3097 2371 3155 c
2405 3083 2485 3118 σοι
2511 3065 2788 3136 χαρίζεται
2815 3067 2842 3116 6
2870 3063 3099 3132 Κύριος·
3131 3059 3217 3113 stat
3237 3059 3293 3112 δὲ
3315 3058 3412 3129 τὴν
3441 3056 3594 3126 ἰσχὺν
3620 3053 3720 3155 τοῦ
3745 3052 3969 3155 ἀγγέλου

2407 3158 2567 3212 οἱονεὶ
2597 3155 2948 3227 περιτειχίζει
2987 3172 3044 3208 σε
3075 3151 3335 3207 πάντοθεν
3366 3152 3431 3220 τῇ
3465 3151 3558 3203 ἀπ’
3599 3145 3777 3200 αὑτοῦ
3812 3147 3972 3211 ἀσφα-

2411 3251 2550 3322 λείᾳ.
2591 3249 2762 3303 Τοῦτο
2791 3248 2898 3319 γάρ
2945 3247 3195 3318 σημαίνει
3235 3245 3317 3309 τὸ,
3363 3244 3593 3305 Κύκλῳ.
3630 3241 3851 3306 Ὥσπερ
3878 3235 3970 3305 γὰρ

2415 3345 2462 3395 οί
2501 3342 2607 3394 τῶν
2635 3342 2841 3394 πόλεων
2892 3338 3185 3409 περίϐολοι,
3226 3335 3407 3403 κύκλῳ
3447 3333 3650 3392 πάσαις
3684 3329 3802 3399 (85)
3833 3344 3972 3396 περι-

2417 3433 2683 3502 κείμενοι,
2747 3430 3008 3483 πάντοθεν
3061 3428 3157 3491 τάς
3207 3427 3312 3480 τῶν
3351 3423 3623 3493 πολεμίων
3676 3419 3973 3491 προσϐολὰς

2413 3523 2762 3592 ἀπείργουσιν
2787 3537 2798 3549 ·
2847 3519 2987 3573 οὕτω
3031 3518 3124 3572 καὶ
3165 3520 3193 3570 6
3223 3515 3471 3585 ἄγγελος,
3510 3513 3603 3566 καὶ
3649 3510 3972 3583 προτειχίζει

2415 3616 2476 3665 ἐκ
2503 3613 2611 3665 τῶν
2639 3613 2989 3684 -ἕμπροσθεν,
3023 3612 3113 3665 καὶ
3141 3609 3582 3676 ὀπισθοφυλακεῖ,
3639 3604 3739 3657 καὶ
3780 3603 3898 3656 οὐδὲ
3917 3601 3974 3652 τὰ

2415 3703 2755 3775 ἑκατέρωθεν
2785 3704 3067 3772 ἀφύλακτα
3097 3700 3430 3756 καταλείπει.
3457 3696 3555 3751 Διά
3587 3694 3760 3749 τοῦτο
3784 3693 3974 3749 Πεσεῖτ

2416 3811 2509 3848 ται
2528 3796 2595 3849 ἐκ
2619 3797 2723 3849 τοῦ
2751 3798 2993 3860 κλίτους
3014 3810 3128 3847 σου
3153 3793 3368 3862 χιλιὰς,
3401 3790 3498 3844 καὶ
3538 3789 3764 3858 μυριὰς
3802 3788 3867 3839 ἐκ
3899 3783 3974 3836 ὄε-

751 3873 899 3938 ειῶν
924 3891 1078 3929 οόυ⁸
1111 3883 1247 3949 πρὸς
1285 3882 1341 3933 σὲ
1383 3881 1439 3933 δὲ
1483 3881 1601 3933 οὐδὲ
1652 3882 1830 3953 πληγή
1875 3899 2015 3945 τινος
2047 3881 2154 3935 τῶν
2201 3883 2310 3954 (86)
2375 3887 2583 3960 ἐχθρῶν
2632 3891 2822 3957 ὲγγιεῖ,
2869 3889 2948 3941 ὅτι
2997 3890 3106 3950 τοῖς
3157 3885 3402 3953 ἀγγέλοις
3465 3881 3630 3935 αὐτοῦ
3701 3875 3975 3932 ὲν-τελεῖτιιζ

754 3970 883 4038 περὶ
906 3969 1022 4021 σοῦ.

826 4062 879 4117 6.
923 4059 1085 4116 Vsus.
1124 4062 1177 4119 9.
1219 4061 1449 4123 Gustata.
1486 4077 1529 4116 et
1559 4068 1726 4119 videte
1758 4070 2004 4135 quoniam
2046 4073 2216 4124 suavis
2243 4081 2317 4125 est

759 4152 1035 4207 Dominus.
1073 4153 1252 4208 Multis
1289 4155 1340 4208 in
1387 4155 1517 4209 locis
1563 4157 1988 4222 observavimus,
2041 4161 2319 4215 facultates

763 4246 953 4297 anima:
1003 4243 1189 4299 iisdem
1246 4246 1554 4300 nominibus
1605 4256 1766 4316 atque
1814 4258 2035 4302 externa
2083 4251 2319 4303 membra

767 4335 1041 4404 appellari.
1059 4337 1191 4391 Cum
1211 4347 1387 4391 autem
1411 4339 1664 4393 Dominus
1689 4350 1868 4393 noster
1884 4340 2036 4406 panis
2055 4356 2212 4393 verus
2231 4342 2320 4406 sit,

766 4431 953 4496 c-tejns
975 4443 1101 4481 caro
1132 4444 1289 4483 verus
1324 4429 1509 4495 cibus;
1543 4445 1761 4484 necesse
1791 4440 1870 4484 est
1900 4430 2057 4501 149
2084 4431 2323 4499 volupta-

2493 4070 2544 4126 6.
2573 4070 2901 4128 Γεύσασθε,
2941 4065 3035 4118 καί
3063 4063 3215 4116 ἴδετε
3248 4061 3336 4113 ὅτι
3376 4055 3641 4127 χρηστὸς
3689 4056 3721 4106 ὀ
3756 4052 3974 4116 Κύριος.

2425 4161 2696 4229 Πολλαχοῦ
2751 4158 3130 4226 τετηρήκαμεν
3156 4193 3170 4215 ,
3224 4153 3304 4204 ὅτι
3358 4152 3470 4210 τοῖς
3527 4147 3727 4211 ἔξωθεν
3783 4141 3977 4212 μέλεσιν

2427 4251 2730 4320 ὁμωνύμως
2762 4248 2817 4299 αἱ
2842 4247 2938 4314 τῆς
2967 4244 3142 4312 ψυχῆς
3187 4235 3682 4309 προσαγορεύονται
3715 4233 3976 4300 δυνάμεις.

2445 4343 2594 4394 Ἐπεὶ
2626 4341 2681 4392 δὲ
2715 4339 2875 4408 ἄρτος
2903 4338 3046 4388 ἐστὶν
3078 4331 3328 4401 ἀληθινὸς
3361 4333 3387 4382 6
3411 4329 3614 4398 Κύριος
3637 4325 3822 4396 ἡμῶν,
3851 4321 3980 4390 καὶὴ

2433 4434 2566 4502 σὰρξ
2599 4430 2760 4484 αὑτοῦ
2792 4428 2996 4498 ἀληθής
3021 4429 3135 4478 ἐστι
3161 4423 3360 4494 βρῶσις
3381 4438 3394 4452 ·
3428 4419 3642 4486 ἀνάγκη
3675 4418 3778 4486 τὴν
3809 4417 3980 4486 ἡδονην

768 4528 879 4571 tem
926 4518 1127 4575 laetitia:
1158 4522 1310 4590 panis
1341 4536 1436 4589 per
1481 4529 1692 4586 gustum
1723 4521 2052 4588 spiritualem
2082 4521 2130 4574 in
2168 4522 2290 4574 nobi

2397 4554 2398 4566 ι
2429 4525 2525 4593 τῆς
2546 4522 2882 4593 εὐφροσύνης
2922 4518 3014 4572 τοῦ
3039 4519 3199 4589 ἄρτου
3240 4513 3329 4566 διὰ
3361 4511 3598 4581 γεύσεως
3631 4510 3771 4578 ἡμῖν
3804 4505 3980 4575 νοητῆς

767 4613 935 4681 gigni.
980 4613 1440 4678 Quemadmodum
1473 4617 1644 4668 mellis
1676 4626 1861 4668 natura
1893 4632 1994 4668 non
2038 4631 2187 4682 teque
2215 4631 2330 4668 ser-

773 4719 949 4769 mone,
988 4708 1185 4772 acipso
1223 4717 1408 4776 gustus
1443 4724 1600 4762 sensu
1639 4709 1875 4762 exhiberi
1909 4709 2199 4775 inexpertis
2233 4723 2328 4775 po-

776 4802 881 4846 test
908 4810 921 4845 :
947 4794 1026 4847 sic
1068 4809 1243 4863 neque
1271 4797 1508 4851 caelestis
1544 4798 1692 4851 verbi
1746 4798 1955 4852 bonitas
1997 4797 2329 4851 documentis

777 4885 922 4938 clare
952 4887 1144 4954 exponi
1193 4897 1390 4955 potest,
1423 4889 1546 4950 nisi,
1581 4890 1918 4958 dogmatibus
1956 4889 2198 4941 veritatis
2220 4889 2332 4941 diu-

777 4976 884 5028 tins
905 4977 1248 5042 examinatis,
1279 4977 1570 5031 bonitatem
1606 4979 1814 5032 Domini
1858 4980 2120 5046 possimus
2155 4991 2331 5032 nostra

851 5091 896 5122 "
928 5091 1070 5144 Psal.
1104 5107 1190 5153 xc,
1225 5090 1275 5143 7.

853 5227 965 5296 (8'5)
1006 5227 1098 5281 Sic
1120 5237 1322 5293 septem
1354 5243 1479 5280 mss.
1520 5228 1589 5279 At
1622 5226 1746 5278 editi
1781 5240 2016 5296 φρονειν.
2046 5222 2164 5296 Μοκ
2186 5223 2344 5296 quin-

783 5293 884 5365 que
935 5293 1062 5354 mss.
1109 5299 1216 5350 ἀπὸ
1263 5298 1470 5350 πασῶν.
1541 5298 1676 5349 Etliti
1737 5297 1801 5365 ἐκ
1846 5293 2055 5365 πασῶν.
2111 5293 2346 5365 Subinde

787 5362 1018 5436 quinque
1044 5385 1170 5421 mss.
1204 5366 1545 5420 δουλεύοντα.
1585 5366 1719 5418 ΕιΙὶιί
1775 5363 2152 5416 ἃουλεύσαντα,
2214 5362 2343 5431 Reg.

787 5440 1003 5504 quintus
1034 5437 1387 5494 δουλωθέντα.

857 5507 967 5576 (ὃί)
991 5507 1122 5578 Reg.
1147 5508 1414 5562 secundus
1444 5506 1728 5576 ὲνέδραμε.
1749 5504 1880 5573 Reg.
1909 5503 2096 5558 tertius
2125 5503 2343 5572 ἔδραμε.

791 5577 890 5632 Alii
928 5593 1064 5648 mss.
1099 5595 1221 5634 cum
1255 5579 1413 5631 editis
1445 5578 1736 5648 ἀνέδραμε.

864 5647 972 5716 (‘15)
1008 5650 1141 5704 Εάίιὶ
1176 5657 1226 5700 et
1257 5657 1365 5701 tres
1403 5664 1528 5701 mss.
1563 5641 1780 5709 πάσαις.
1805 5647 1904 5699 Alii
1939 5655 2047 5700 tres
2076 5659 2201 5698 mss.
2253 5641 2348 5697 πά-

794 5733 874 5793 σῃ.

2433 4617 2760 4684 ἐγγίνεσθαι.
2801 4616 2885 4676 Ὠς
2927 4611 3019 4664 τοῦ
3050 4610 3260 4681 μέλιτος
3286 4609 3319 4676 ἡ
3351 4603 3509 4673 φύσις
3535 4602 3595 4654 ού
3634 4598 3894 4652 τοσοῦτον
3919 4595 3979 4661 τῷ

2431 4707 2573 4775 λόγῳ
2598 4706 2816 4759 δύναται
2850 4703 3190 4774 παραστῆναι
3244 4698 3354 4768 (87)
3400 4698 3509 4756 τοῖς
3560 4692 3835 4761 ἀπείροις,
3877 4691 3979 4742 ὅσον

2433 4800 2524 4850 ἀπ’
2551 4799 2719 4867 αὐτῆς
2765 4799 2861 4864 τῆς
2912 4796 3049 4847 κατά
3102 4793 3198 4862 τὴν
3229 4789 3415 4859 γεῦσιν
3444 4784 3784 4854 αἰσθήσεως’
3833 4781 3979 4838 οὕτως

2435 4889 2550 4940 οὐδὲ
2590 4892 2620 4957 ἡ
2657 4887 2952 4957 χρηστότης
2978 4877 3088 4935 ’τοῦ
3128 4880 3375 4951 οὐρανίου
3409 4876 3565 4942 λόγου
3602 4871 3853 4943 ἐναργῶς
3893 4886 3978 4922 πα-

2442 4980 2725 5049 ραδοθῆναι
2758 4975 3118 5035 διδασκαλίαις
3149 4971 3256 5042 (88)
3279 4970 3517 5026 δύναται.
3547 4965 3639 5018 ἐὰν
3681 4963 3778 5034 μὴ,
3813 4962 3878 5014 τά
3901 4958 3980 5025 τῆς

2521 5222 2628 5289 (86)
2661 5220 2733 5273 lta
2770 5221 3166 5290 qttinquemss.
3196 5211 3359 5290 [aulo
3391 5210 3543 5290 aliter
3572 5206 3770 5290 legium:

2450 5268 2660 5351 ιὶςίᾟόο
2711 5268 2864 5345 ιιιοιιΙο
2901 5268 3080 5357 ε’πρὸς
3115 5287 3173 5336 σὲ
3202 5284 3257 5357 δὲ
3303 5283 3406 5357 οὐκ,
3443 5279 3626 5357 tnta}.
3653 5272 3788 5357 00.61%.
3823 5268 3974 5357 “liii

2450 5315 2534 5351 Hs.
2563 5315 2660 5344 um:
2711 5315 2864 5345 Inuuu
2901 5315 2913 5341 ;
2946 5315 3078 5349 παυς
3115 5315 3173 5336 ue
3202 5315 3257 5335 υς.
3303 5315 3400 5335 υυε.
3443 5315 3494 5344 ει
3521 5315 3613 5344 ι...-
3655 5315 3777 5325 --π
3829 5315 3961 5336 ,μην

2447 5380 2588 5424 τινος
2621 5361 2748 5420 τῶν,
2777 5371 2879 5413 etc.
2932 5336 3062 5425 lteg.
3096 5352 3451 5426 tertinsgrgpog
3494 5341 3806 5426 egessisse

2877 5410 3131 5482 mss.usex
3161 5427 3273 5486 τοῖς
3298 5410 3510 5484 ἔξωθεν.
3551 5413 3689 5468 Editi
3725 5414 3836 5473 τοῖς
3873 5410 3976 5473 ἔξω.

2451 5504 2566 5555 Mox
2591 5505 2694 5553 duo
2723 5517 2851 5554 mss.
2877 5497 3059 5566 ἐπειδὴ
3090 5497 3309 5571 ἄρτος.-
3601 5554 3611 5571 ,

2519 5572 2632 5636 (87)
2662 5572 2791 5638 Reg.
2826 5560 3435 5638 ψιίηιιιοπαραστῆσαξ,
3469 5571 3577 5636 non
3601 5560 3671 5638 ita
3702 5560 3870 5638 recte,

2524 5623 2632 5713 ζέε)
2663 5623 2770 5696 Si;
2788 5623 2988 5710 septem
3017 5623 3318 5692 mss-Edim"
3340 5623 3679 5684 διδασκαλίας
3702 5623 3889 5688 λόγοις,
