4068 6318
174 376 280 433 365

1302 371 1585 427 HOMILIA
1627 372 1692 426 IN
1732 371 2060 427 PSALMUBI
2102 370 2338 425 XXXlll.

3297 374 3399 430 $66

171 496 424 566 ἀληθείας
449 495 693 564 δόγματα
741 494 831 546 ἐπὶ
872 493 1030 546 πλέον
1069 492 1472 563 βασανίσαντες.
1500 492 1736 562 δυνηθῶ-

1863 508 2076 560 ρκοτιιιη
2113 492 2441 562 experientia
2472 490 2893 561 apprehendere.
2928 488 3150 542 (Inuum
3199 503 3395 555 autem,

174 602 277 655 μεν
308 587 373 655 τῇ
408 582 581 653 οἰκείᾳ
604 583 767 653 πείρᾳ
795 584 894 652 τὴν
922 582 1259 652 χρηστότητα
1288 580 1608 634 καταλαϐεῖν
1639 581 1731 633 τοῦ

172 676 399 745 Κυρίου.
431 677 741 728 Γεύσασθε
765 675 851 736 δὲ,
894 672 1031 737 εἷπε,
1075 675 1168 726 καὶ
1200 674 1317 743 οὐχὶ
1351 674 1697 744 ἐμπλήσθητε
1717 690 1729 703 ·

171 767 309 819 διότι
338 766 430 820 νῦν
458 768 553 836 μὲν
579 768 641 818 ἐκ
669 769 863 837 μέρους
888 766 1246 834 γινώσκομεν,
1274 767 1364 818 nati.
1383 766 1447 818 δι’
1473 766 1732 836 ἐσόπτρου

175 858 445 927 βλέπομεν
477 861 569 910 καὶ
602 858 917 929 αἰνίγματος
948 858 1047 927 τὴν
1069 857 1341 927 ἀλήθειαν·
1377 858 1493 926 ἣξει
1526 857 1579 909 δέ
1606 874 1734 909 ποτε

175 954 269 1004 δτε
297 954 325 1005 6
344 951 437 1004 νῦν
468 950 745 1022 ἀρραϐὼν,
772 951 865 1003 καὶ
890 951 950 1002 τὸ
976 950 1157 1018 γεῦμα
1193 950 1349 1003 τοῦτο
1392 952 1487 1019 τῆς
1520 950 1738 1019 χάριτος

175 1046 263 1107 είς
310 1044 618 1113 τελειότητα
657 1046 785 1115 ἡμῖν
833 1043 928 1112 τῆς
984 1043 1332 1104 ἀπολαύσεως
1394 1043 1735 1111 καταντήσει.

177 1135 459 1205 Ὠσπερδὲ
482 1138 528 1187 οί
549 1133 939 1204 πομαχοῦντες
958 1134 1048 1185 καὶ
1079 1134 1126 1185 οἱ
1159 1133 1447 1195 κακόσιτοι,
1474 1132 1739 1202 ἀποστρε-

178 1225 402 1293 φόμενοι
431 1225 497 1277 τὰ
536 1224 706 1287 σιτία,
746 1223 847 1275 ὑπὸ
879 1223 984 1276 τῶν
1016 1224 1213 1296 ἰατρῶν
1257 1222 1645 1292 θεραπεύονται
1679 1222 1739 1274 16

174 1316 526 1387 δυσάρεστον,
559 1316 930 1386 διεγειρόντων
965 1317 1063 1380 τὰς
1094 1315 1300 1387 ὀρέξεις
1331 1315 1421 1367 διά
1451 1332 1594 1377 τινος
1623 1318 1740 1367 ὲπι-

176 1407 481 1477 τηδεύσεως
505 1407 603 1475 τῆς
634 1409 689 1459 ὲν
715 1409 823 1470 τοῖς
851 1406 1149 1477 βρώμασιν,
1196 1406 1353 1469 ὥστε,
1390 1407 1492 1457 ὑπὸ
1524 1407 1619 1476 τῆς
1644 1423 1741 1458 κα.-

184 1497 405 1567 ρυκείας
448 1496 659 1566 ἐκείνης
707 1496 1090 1567 ὲρεθιζομένης
1134 1500 1231 1566 τῆς
1274 1497 1610 1567 αίσθήσεως,
1657 1498 1741 1551 ἀεὶ

183 1589 319 1658 πρὸς
350 1589 407 1639 16
443 1588 621 1640 πλεῖον
663 1588 770 1658 (89)
804 1589 1163 1642 ἐπιτείνεσθαι
1195 1590 1292 1653 τὰς
1320 1590 1561 1661 ὀρέξεις*
1603 1590 1743 1643 οὕτω

182 1682 277 1731 καὶ
303 1680 393 1731 ἐπὶ
425 1679 515 1731 τοῦ
544 1681 698 1748 λόγου
731 1683 828 1749 τῆς
863 1681 1137 1750 ἀληθείας,
1174 1682 1339 1751 Αὐτὴ,
1385 1683 1568 1751 φησὶν,
1603 1683 1744 1752 ὑμᾶς

180 1773 214 1839 ὴ
238 1774 400 1840 πεῖρα
425 1771 557 1842 πρὸς
574 1773 633 1825 τὸ
652 1774 943 1842 ἀκόρεστον
967 1772 1066 1841 τῆς
1085 1773 1239 1825 ὲπιθυ
1250 1774 1375 1843 μίας
1396 1776 1480 1827 ἀεὶ
1508 1791 1744 1845 προσκα-

1838 588 2034 656 inquit,
2065 602 2170 639 non
2206 596 2382 640 autem
2413 584 2763 652 impleamini.
2802 583 2932 637 Nam
2994 603 3131 637 Illittt‘
3186 585 3396 650 quidem

1838 691 1902 730 ex
1930 685 2083 744 parte
2108 676 2501 745 cognoscimus,
2536 686 2587 729 et
2615 691 2711 741 per
2744 677 3015 743 speculum
3062 695 3121 725 nr
3153 693 3243 743 per
3270 679 3402 730 aeni-

1837 784 1957 838 gma
2013 768 2258 822 videmus
2310 768 2589 822 veritatem
2612 767 2658 799 ”
2689 784 2701 816 :
2734 768 2915 821 veniet
2962 780 3137 819 autmu
3192 779 3401 837 tempus

1837 872 1959 911 cum
1996 871 2231 925 praesens
2266 856 2521 921 arrhabo,
2554 864 2606 908 et
2632 855 2718 908 hic
2746 856 2932 923 gratia:
2963 864 3145 923 gustus
3184 858 3247 909 ad
3280 871 3399 923 pcr-

1840 950 2034 1004 fectam
2076 947 2387 1001 fruitionem
2426 947 2583 1000 nobis
2609 955 2869 1001 vertetur.
2924 946 2990 999 Ut
3049 947 3190 1000 enim
3226 946 3260 999 ii
3303 947 3397 1015 qui

1840 1040 2123 1094 stomacho
2158 1039 2403 1092 laborant
2453 1048 2824 1107 nauseautque
2878 1050 3193 1091 aversantes
3226 1040 3395 1103 cibos,

1841 1134 1907 1186 ab
1940 1132 2040 1186 hac
2069 1132 2288 1186 molesta
2319 1129 2598 1185 atiectione
2625 1138 2883 1183 curantur
2914 1145 2939 1180 a
2968 1130 3206 1192 medicis,
3232 1130 3275 1183 si
3308 1145 3401 1196 ap-

1842 1224 2132 1292 petentiam
2169 1223 2406 1276 excitent
2436 1237 2528 1290 per
2556 1222 2846 1290 quemdam
2885 1221 3123 1274 ciborum
3167 1236 3399 1289 appara-

1844 1326 1986 1379 tum;
2017 1316 2147 1367 adeo
2184 1325 2259 1378 ut,
2292 1330 2451 1367 sensu
2496 1328 2592 1381 per
2627 1314 2770 1367 illam
2801 1314 3136 1367 condituram
3167 1313 3398 1379 irritato,

1845 1408 2149 1474 appetentia
2186 1407 2358 1474 magis
2380 1421 2446 1460 ac
2476 1406 2649 1475 magis
2687 1421 2900 1475 semper
2920 1415 3218 1476 augeatur:
3244 1404 3318 1459 ita
3348 1414 3403 1459 et

1843 1504 1896 1554 in
1925 1502 2090 1555 verbo
2115 1501 2374 1562 veritatis,
2412 1499 2548 1569 Ipsa,
2586 1502 2779 1569 inquit,
2802 1501 3134 1563 experientia
3164 1501 3230 1554 ad
3255 1500 3402 1555 insa-

1848 1590 2082 1644 tiabilem
2114 1591 2412 1657 apperitum
2448 1604 2544 1645 vos
2578 1605 2793 1659 semper
2818 1591 3147 1659 provocabit.
3177 1590 3403 1653 Idcirco.

1846 1684 1939 1743 ait,
1970 1679 2211 1743 Gustata,
2245 1693 2301 1734 ut
2333 1681 2471 1736 beati
2504 1683 2621 1735 sitis
2659 1697 2873 1749 semper
2901 1684 3197 1741 esurientes
3219 1682 3408 1736 sitien-

1849 1781 2033 1841 tesque
2056 1770 2341 1840 justitiam.
2370 1772 2566 1826 Beatus
2601 1774 2678 1826 vir
2715 1774 2804 1841 qui
2847 1784 3017 1841 sperat
3053 1774 3107 1826 in
3140 1789 3275 1827 eum.
3304 1771 3407 1839 Qui

182 1862 419 1915 λέσεται.
438 1863 535 1916 Διὰ
558 1864 734 1928 τοῦτο,
757 1865 907 1933 φησὶ,
926 1865 1255 1928 Γεύσασθε,
1272 1866 1356 1918 ἵνα
1389 1866 1642 1937 μακάριοι
1662 1867 1745 1933 γέ-

1871 1840 2041 1933 ngiter
2079 1864 2225 1918 verbi
2249 1864 2517 1918 desiderio
2541 1840 2772 1928 tenetur,
2800 1866 2850 1917 in
2876 1840 3016 1917 nulla
3045 1880 3099 1918 re
3118 1866 3219 1919 alia
3247 1879 3405 1933 quam

184 1955 348 2024 νησθε
364 1956 448 2009 ἀεὶ
462 1956 749 2018 πεινῶντες
762 1958 853 2007 καὶ
865 1956 1123 2024 διψῶντες
1138 1958 1233 2027 τὴν
1251 1958 1613 2028 δικαιοσύνην.
1634 1962 1750 2011 Ma-

184 2047 382 2114 κάριος
410 2048 641 2116 ἀνὴρός
656 2047 873 2107 ἐλπίζει
894 2050 986 2102 ἐπ’
1006 2052 1206 2103 αὐτόν.
1228 2052 1282 2097 ἠ
1309 2052 1394 2103 ἀεὶ
1418 2051 1474 2103 ἐν
1492 2050 1751 2119 ἐπιθυμίᾳ

183 2136 261 2189 ὢν
277 2137 367 2189 τοῦ
389 2138 563 2205 λόγου,
584 2138 829 2190 ὲπόύδὲν
847 2138 1030 2209 ἕτερον
1054 2139 1274 2209 θήσεται
1289 2142 1384 2210 τὴν
1408 2140 1639 2209 ἐλπίδαῆ
1660 2140 1751 2191 ἐπὶ

184 2228 277 2278 τὸν
305 2226 527 2295 Κύριον.
551 2226 846 2293 Φοϐήθητε
874 2229 978 2280 τὸν
1012 2231 1250 2296 Κύριον,
1275 2229 1494 2294 πάντες
1520 2232 1570 2281 οἱ
1598 2228 1752 2298 ἅγιοι

183 2317 373 2371 αὑτοῦ
394 2334 407 2348 ·
440 2317 528 2370 ὅτι
556 2321 664 2371 οὐκ
689 2319 858 2372 ἐστιν
886 2320 1188 2388 ὑστέρημα
1223 2322 1344 2385 τοῖς
1366 2319 1752 2388 φοϐουμένοις

183 2412 395 2463 αὐτόν.
441 2411 561 2464 Ἐὰν
592 2412 663 2482 μὴ
696 2413 854 2479 φόϐος
882 2413 1110 2485 παιδεύῃ
1138 2411 1289 2481 ἡμῶν
1327 2412 1420 2482 τὴν
1453 2412 1595 2482 ζωὴν
1619 2413 1750 2482 (90),

184 2501 467 2571 ἀμήχανον
495 2504 898 2573 κατορθωθῆναι
921 2506 1009 2556 τὸν
1034 2504 1300 2575 ᾲγιασμὺν
1334 2506 1389 2556 ἐν
1421 2504 1496 2575 τῷ
1525 2504 1750 2575 σώματι.

186 2593 558 2659 Καθήλωσον
610 2594 736 2661 γὰρ,
792 2596 941 2663 φησὶ,
996 2596 1062 2648 ἐκ
1110 2596 1214 2649 τοῦ
1258 2598 1443 2664 φόϐου
1485 2612 1599 2650 σου
1651 2598 1755 2662 τὰς

187 2682 424 2749 σάρκας
452 2701 589 2749 μου.
646 2684 728 2747 Ὡς
754 2684 859 2755 γὰρ
902 2688 949 2738 οί
994 2685 1095 2738 ὑπὸ
1132 2687 1238 2739 τῶν
1272 2687 1412 2757 ἥλων
1459 2688 1757 2759 διαπεπαρ-

192 2774 349 2842 μένοι
391 2774 456 2826 τὰ
506 2775 638 2845 μέλη
684 2776 777 2829 τοῦ
834 2776 1080 2848 σώματος
1122 2780 1348 2848 ἀκίνητα
1396 2781 1574 2849 ἔχουσι
1623 2781 1756 2850 πρὸς

192 2866 493 2936 ἐνέργειαν,
524 2868 693 2932 οὕτως
720 2872 768 2923 οἱ
798 2870 873 2941 τῷ
905 2871 1033 2940 θείῳ
1063 2872 1210 2941 φόϐῳ
1243 2872 1339 2942 τὴν
1372 2873 1546 2941 ψυχὴν
1574 2889 1755 2925 κατει-

190 2960 460 3029 λημμένοι
519 2963 698 3014 πᾶσαν
739 2962 833 3033 τὴν
888 2965 951 3015 ὲκ
998 2963 1103 3015 τῶν
1138 2962 1323 3015 παθῶν
1358 2965 1453 3034 τῆς
1486 2965 1757 3035 ἁμαρτίας

193 3051 474 3121 ἐνόχλησιν
507 3053 873 3122 διαφεύγουσι.
910 3054 997 3125 Τῷ
1020 3052 1109 3109 οὖν
1139 3055 1452 3126 φοϐουμένῳ
1488 3057 1585 3110 οὐκ
1614 3058 1758 3110 ἔστιν

1851 1957 1901 2009 in
1937 1955 2162 2010 Domino
2191 1971 2337 2024 spem
2375 1966 2613 2024 reponet.
2642 1955 2829 2025 (Vsus.
2866 1956 2978 2027 10.)
3005 1954 3202 2010 Timete
3227 1955 3411 2009 Domi-

1850 2063 1999 2110 num,
2029 2064 2204 2102 omnes
2261 2050 2429 2101 sancti
2463 2052 2577 2116 ejus
2610 2062 2628 2099 :
2654 2050 2902 2116 quoniam
2949 2065 3051 2101 non
3099 2056 3174 2101 est
3233 2048 3412 2116 inapia

1851 2140 2146 2193 timentibus
2202 2157 2341 2194 eum.
2396 2139 2509 2194 Nisi
2559 2140 2717 2193 timor
2770 2140 3067 2195 instituerit
3118 2139 3280 2193 vitam
3316 2154 3414 2192 no-

1852 2232 2412 2297 stram,sanclimonia
2434 2234 2483 2285 in
2507 2246 2733 2300 corpore
2758 2234 3060 2299 comparari
3082 2246 3182 2285 non
3216 2243 3411 2301 potest,

1853 2322 2085 2393 Conﬁge,
2135 2325 2325 2393 inquit,
2373 2326 2559 2377 timore
2606 2334 2694 2377 tuo
2724 2340 2905 2377 carnes
2946 2341 3084 2378 meas
3108 2326 3177 2381 ⁸⁸.
3212 2325 3414 2392 Quem-

1852 2416 2135 2470 admodum
2181 2416 2322 2471 enim
2351 2416 2441 2485 qui
2478 2417 2645 2471 clavis
2689 2417 2929 2471 transﬁxi
2980 2427 3125 2481 sunt,
3177 2419 3414 2471 membra

1853 2508 2096 2577 corporis
2134 2510 2200 2563 ad
2251 2510 2513 2577 agendum
2566 2510 2856 2564 immobilia
2906 2512 3251 2565 halient:sic
3283 2525 3418 2580 quo-

1854 2614 1971 2652 rum
2022 2600 2196 2652 anima
2246 2600 2431 2654 divino
2478 2602 2669 2655 timore
2721 2610 2968 2668 correpta
2997 2610 3102 2665 est,
3140 2601 3173 2655 ii
3205 2616 3416 2656 omnem

1856 2692 2313 2761 perturbationem
2358 2707 2423 2746 ex
2468 2694 2671 2761 peccati
2704 2692 3072 2748 aﬂ‘ectionibus
3104 2695 3421 2763 provenieu-

1859 2792 1964 2837 tem
1991 2786 2183 2838 vitant.
2204 2784 2433 2838 Timenti
2468 2786 2647 2854 itaque
2687 2802 2791 2840 non
2824 2794 2905 2840 est
2936 2786 3150 2852 inopia;
3186 2788 3287 2840 hoc
3313 2796 3419 2847 est,

1855 2875 1944 2941 qui
1975 2889 2070 2942 per
2094 2876 2339 2929 timorem
2368 2876 2434 2929 ab
2460 2876 2605 2929 omni
2632 2876 2884 2931 indecora
2916 2887 2967 2930 et
2995 2876 3226 2930 absurda
3251 2878 3419 2931 actio-

1859 2982 1924 3020 ne
1967 2976 2204 3032 arcetur,
2239 2968 2287 3021 ei
2338 2968 2471 3021 nihil
2513 2969 2666 3023 deest
2713 2972 2777 3022 ad
2814 2968 3109 3038 quamlibet
3144 2972 3420 3035 virtutem,

1860 3059 1953 3114 sed
1986 3060 2257 3127 perfectus
2287 3070 2391 3124 est,
2422 3060 2567 3114 nullo
2600 3060 2743 3114 bono
2775 3061 3023 3115 humame
3047 3071 3252 3115 natura:
3290 3076 3421 3115 con-

191 3145 518 3215 ὑστέρημα·
566 3147 832 3209 τουτέστι,
876 3148 1009 3217 πρὸς
1063 3149 1313 3217 οὐδεμίαν
1362 3152 1559 3220 ἀρετήν
1612 3152 1757 3203 ἐστιν

1861 3151 2091 3206 venienti
2118 3152 2428 3205 destitutus.
2450 3149 2519 3206 Ut
2538 3152 2677 3205 enim
2701 3152 2972 3221 perfectus
2998 3153 3049 3206 in
3069 3165 3295 3219 corpore
3321 3165 3423 3203 non

192 3235 419 3305 ἐλλιπὴς
472 3238 499 3288 6
539 3238 641 3287 ὑπὸ
685 3237 776 3288 τοῦ
830 3238 992 3304 φόϐου
1040 3238 1147 3289 ἀπὸ
1176 3239 1353 3309 πάσης
1389 3241 1589 3309 ἀτόπου
1618 3241 1757 3312 πρά-

195 3326 334 3389 ξεως
362 3326 716 3396 κωλυόμενος,
755 3327 886 3381 ἀλλὰ
930 3329 1131 3392 τέλειός
1179 3330 1314 3393 ἐστι,
1373 3330 1596 3401 μηδενὸς
1649 3332 1757 3383 τῶν

193 3418 595 3472 ἐπιϐαλλόντων
638 3424 702 3491 τῇ
746 3420 1055 3494 ἀνθρωπίνῃ
1084 3424 1241 3492 φύσει
1269 3424 1445 3477 καλῶν
1472 3423 1758 3475 ἀπολειπό-

196 3527 383 3580 μενος.
414 3512 500 3574 Ὠς
525 3512 631 3584 γὰρ
660 3515 759 3566 οὐκ
793 3514 906 3567 ἔστι
930 3515 1130 3580 τέλειος
1158 3518 1213 3567 ὲν
1246 3516 1322 3587 τῷ
1351 3515 1564 3586 σώματι
1594 3514 1702 3585 (91)
1730 3517 1757 3567 6

195 3605 258 3656 ἐν
285 3621 389 3656 τινι
426 3606 575 3675 μέρει
616 3607 721 3664 τῶν
756 3610 1065 3675 ἀναγκαίων
1094 3608 1453 3678 ἐλλιμπάνων,
1493 3607 1602 3661 ἀλλ’
1634 3609 1762 3661 ἀτε-

198 3695 304 3765 λής
348 3698 459 3748 ἐστι
524 3697 656 3750 καθ’
709 3699 736 3751 δ
790 3699 1052 3752 ἐλλείπειο
1108 3699 1247 3751 οὕτω
1288 3700 1376 3751 καὶ
1414 3702 1443 3752 6
1478 3701 1603 3770 περὶ
1639 3701 1763 3768 μίαν

202 3787 317 3840 τῶν
377 3787 597 3841 ἐντολῶν
654 3790 1129 3861 καταφρονητικῶς
1187 3790 1538 3859 διακείμενος,
1584 3790 1667 3842 διὰ
1708 3789 1766 3840 τὸ

203 3878 454 3948 ὑστερεῖν
511 3880 699 3949 αὐτῆς,
761 3881 950 3949 ἀτελής
1014 3884 1128 3932 ἐστι
1198 3882 1334 3934 κατᾶ
1392 3883 1450 3935 τὸ
1504 3882 1763 3935 ἐλλεῖπον.

1861 3251 1964 3304 est,
1993 3242 2075 3293 cui
2110 3242 2288 3309 aliqua
2320 3255 2447 3308 pars
2500 3242 2801 3296 necessaria
2851 3242 3011 3305 desit,
3047 3241 3141 3295 sed
3174 3239 3425 3309 imperfe-

1862 3346 1979 3389 ctus
2006 3344 2087 3388 est
2118 3335 2409 3388 secundum
2436 3348 2554 3387 eam
2586 3348 2704 3403 quae
2733 3334 2881 3389 deest
2906 3346 3113 3403 partem
3137 3355 3147 3388 :
3169 3332 3239 3387 ita
3262 3332 3424 3386 etiam

1861 3428 1953 3495 qui
2012 3426 2097 3480 vel
2147 3442 2308 3480 unum
2382 3436 2708 3495 praeceptum
2759 3435 3101 3495 aspernatur,
3147 3433 3427 3494 propterea

1865 3518 2007 3585 quod
2048 3532 2114 3571 eo
2165 3526 2338 3583 caret,
2377 3519 2722 3588 imperfectus
2771 3527 2856 3573 est
2881 3517 3030 3586 juxta
3078 3517 3129 3570 id
3159 3517 3300 3586 quod
3333 3516 3430 3569 dc-

1872 3609 2002 3662 licit.
2032 3607 2254 3672 Contra,
2303 3610 2395 3677 qui
2448 3608 2743 3677 perfectum
2781 3611 3027 3664 timorem
3066 3607 3320 3679 suscepit,
3368 3622 3431 3661 ac

1870 3699 2049 3754 omnia
2083 3700 2236 3755 timet
2265 3701 2655 3768 circumspecto
2673 3709 2839 3765 metu,
2866 3702 2995 3755 nihil
3024 3702 3287 3770 peccabit,
3309 3715 3431 3753 cum

1875 3790 2007 3843 nihil
2040 3800 2398 3856 contemnat;
2435 3790 2670 3859 inopiam
2713 3800 2889 3846 autem
2945 3806 3049 3845 non
3101 3788 3434 3857 experietur,

1873 3881 2125 3948 quoniam
2153 3890 2409 3950 perpetuo
2441 3881 2487 3934 ei
2520 3880 2671 3933 adest
2705 3881 2865 3933 timor
2899 3882 2951 3933 in
2986 3880 3255 3933 omnibus.

214 3970 279 4020 ὐ
339 3969 394 4020 δὲ
450 3972 538 4023 τὸν
588 3970 788 4023 τέλειον
856 3970 1015 4038 φόϐον
1079 3972 1417 4042 ἀνειληφὼς,
1481 3976 1573 4025 καὶ
1625 3976 1799 4025 πάντα
1869 3975 2263 4042 καταπτήσσων
2321 3972 2391 4024 δι’
2455 3971 2758 4035 εὐλάϐειαν,
2820 3971 2971 4024 οὐδὲν
3032 3972 3129 4041 μὲν
3190 3972 3438 4043 ἁμαρτή-

206 4080 365 4115 σεται
422 4064 498 4134 τῴ
565 4064 789 4135 μηδενὸς
854 4068 1156 4138 ὑπερορᾷν·
1228 4069 1321 4137 ούχ
1387 4067 1495 4134 ἔξει
1552 4068 1607 4121 δὲ
1658 4069 1960 4139 ὑστέρημα,
2031 4067 2106 4137 τῷ
2148 4067 2239 4120 ἐπὶ
2288 4068 2463 4121 πάντα
2516 4068 2756 4139 διαρκῶς
2825 4070 3073 4138 παρεῖναι
3149 4066 3297 4138 αὐτῷ
3348 4067 3439 4119 τδν

202 4156 397 4226 φόϐον.

282 4249 337 4302 7.
368 4251 651 4305 Πλούσιω
685 4251 1069 4320 ἐπτώχευσαν
1102 4254 1199 4306 καὶ
1232 4254 1588 4308 ἐπείνασαν·
1623 4258 1675 4308 οἱ
1708 4252 1774 4306 δὲ
1807 4256 1848 4308 D

201 4338 593 4406 éxfntoﬁrtec
649 4340 757 4393 τὸν
818 4342 1034 4406 Κύριον
1091 4343 1200 4394 οὐκ
1263 4341 1774 4407 ἐλαττωθήσονται

202 4429 439 4493 παντὸς
483 4431 725 4499 ἀγαθοῦ.
763 4430 1121 4500 Οἱκοδομείτω
1170 4432 1267 4501 μὲν
1312 4433 1456 4501 ἡμᾶς
1497 4432 1589 4485 καὶ
1642 4433 1776 4503 πρὸς

202 4522 311 4588 τὴν
340 4525 732 4593 καταφρόνησιν
777 4522 869 4576 τοῦ
913 4523 1221 4592 σωματικοῦ
1258 4524 1482 4577 πλούτου
1536 4526 1563 4575 6
1599 4524 1773 4592 λόγος,

205 4615 275 4666 τὸ
310 4613 560 4667 ἀϐέϐαιον
601 4617 696 4684 τῆς
739 4616 845 4668 τῶν
892 4615 1185 4687 χρημάτων
1216 4618 1527 4686 περιουσίας
1567 4616 1775 4669 ἐκδιδά-

211 4727 384 4763 σκων.
412 4707 835 4779 Εὐμετάπτωτος
864 4709 969 4777 γὰρ
994 4710 1022 4759 6
1053 4706 1296 4769 πλοῦτος,
1324 4709 1416 4759 καὶ
1438 4707 1596 4759 οἱονεὶ
1626 4706 1777 4777 κῦμα

290 4863 524 4919 “lCor.
546 4882 661 4929 xnt,
696 4865 781 4919 12.
856 4863 902 4896 ⁵⁸
934 4863 1070 4917 Psal.
1098 4879 1282 4925 cxvm,
1317 4863 1435 4915 120.

292 5019 406 5090 (89)
434 5019 508 5074 Ita
562 5020 796 5088 quinque
849 5034 975 5073 mss.
1028 5017 1165 5072 Editi
1198 5037 1326 5074 vero
1362 5019 1498 5090 πρὸς
1526 5019 1586 5071 τὸ
1628 5018 1778 5071 πλεῖ-

219 5110 370 5147 στον.

293 5162 407 5232 (90)
446 5159 691 5215 Nonnuili
748 5174 877 5214 mss.
942 5158 1102 5228 φόϐος
1152 5161 1309 5231 ἡμῶν
1370 5158 1611 5213 παιδεύει
1686 5158 1782 5230 τὴν

220 5235 390 5285 ζωήν.

216 5262 407 5370 ⁸ἰυίέίῖ)
432 5301 608 5372 Editio
633 5299 800 5372 Paris.
830 5299 1031 5363 τέλειος
1063 5301 1121 5353 ὲν
1144 5299 1219 5369 τῷ
1250 5301 1482 5372 σώματι,
1517 5298 1775 5372 perfectus

215 5391 270 5423 ιη
306 5368 547 5436 corpore.
574 5370 746 5424 Ειιίιίυ
771 5370 933 5423 Basil.
954 5382 1011 5424 et
1036 5368 1199 5423 nostri
1241 5368 1485 5425 undecim
1545 5383 1672 5421 mss.
1698 5368 1777 5419 τέ-

216 5444 368 5503 λειος
393 5441 555 5512 ἐντῷ
582 5438 789 5512 Κυρίῳ,
811 5441 1063 5512 perfectus
1098 5442 1150 5492 in
1183 5439 1423 5494 Domino.
1456 5440 1511 5493 In
1537 5453 1641 5512 quo
1676 5440 1779 5512 pri-

220 5528 374 5567 rnum
411 5507 578 5563 miror
605 5507 887 5563 lectionem
922 5511 1311 5564 Basileensem.
1352 5527 1510 5577 quam
1546 5507 1773 5576 ineptis-

220 5585 421 5635 simam
441 5595 559 5634 esse
586 5595 741 5634 nemo
768 5579 1110 5643 iniiciabitur,
1144 5581 1191 5632 in
1236 5589 1309 5633 tot
1352 5580 1625 5633 codicibus
1668 5586 1774 5628 tam

221 5660 542 5706 constanter
570 5651 792 5713 reperiri
818 5666 829 5701 :
858 5650 1067 5715 deinde,
1098 5665 1200 5718 qua
1233 5652 1574 5709 auctoritate,
1604 5660 1775 5718 quove

226 5723 538 5776 testimonio
565 5718 766 5775 editum
786 5720 855 5789 sit
878 5736 905 5773 a
926 5715 1266 5789 typographis
1296 5718 1688 5771 l‘arisiensibus
1714 5715 1773 5767 ἐν

224 5790 307 5864 τις)
336 5791 562 5861 σώματι,
591 5806 709 5845 cum
748 5788 860 5857 ejus
908 5790 1151 5846 lectionis
1205 5805 1463 5857 nusquam
1529 5789 1629 5842 ulla
1684 5788 1775 5839 liat

1950 4252 2001 4305 7.
2038 4251 2199 4308 Vens.
2236 4252 2322 4305 11.
2370 4249 2564 4303 Divite:
2602 4259 2851 4319 eguerunt
2893 4258 2941 4302 et
2994 4248 3316 4309 esurierunt;
3358 4247 3442 4298 in-

1879 4345 2136 4415 quirente:
2159 4352 2329 4394 autem
2366 4340 2640 4394 Dominum
2668 4356 2769 4393 non
2796 4340 3095 4391 minuentur
3120 4338 3263 4390 omni
3288 4337 3438 4391 bona.

1882 4433 1979 4487 llic
2027 4447 2206 4487 sermo
2250 4430 2590 4482 abundantia:
2647 4427 2969 4496 pecuniaria:
3028 4426 3442 4483 inconstantiam

1882 4527 2138 4586 edocens,
2172 4535 2270 4575 nos
2301 4518 2463 4573 etiam
2495 4520 2561 4573 ad
2603 4518 2913 4589 corporales
2943 4519 3160 4574 divitias
3181 4532 3444 4589 spernen-

1884 4616 1979 4669 dus
2018 4614 2263 4669 aedificet.
2299 4611 2430 4665 Nam
2485 4611 2642 4667 facile
2684 4612 2991 4666 dilabuntur
3021 4611 3240 4672 divitiae,
3275 4621 3329 4664 et
3358 4610 3443 4663 in-

1883 4718 1995 4761 star
2035 4707 2189 4760 unda:
2247 4706 2296 4759 vi
2336 4715 2617 4759 ventorum
2679 4703 2781 4757 huc
2817 4702 2943 4759 illuc
2970 4703 3143 4758 solent
3182 4700 3443 4759 ditﬂuere.

1886 5017 2107 5080 mentio,
2144 5032 2317 5083 neque
2346 5016 2484 5084 apud
2527 5016 2811 5084 Ducazum,
2847 5028 3019 5081 neque
3069 5013 3232 5081 (qnml
3287 5013 3444 5084 equi-

1887 5092 2005 5141 dent
2033 5082 2392 5157 sciam)apud
2415 5100 2736 5155 quemquam
2769 5082 2952 5157 alium.
3011 5084 3284 5157 Sus-picari
3326 5083 3450 5157 ior-

1892 5171 2033 5211 tas-se
2089 5152 2606 5227 ροεεὶϊψιὶερίειυ,
2644 5168 2808 5207 unum
2862 5152 3095 5227 aliquem
3142 5153 3436 5227 librarium

1891 5221 2147 5297 scriptum
2184 5221 2447 5295 reperisse
2476 5226 2527 5278 in
2552 5224 3030 5297 aliquocodice‘éy
3060 5221 3198 5292 χρῷ,
3234 5222 3288 5274 in
3319 5238 3449 5297 for-

1889 5291 2032 5361 pore,
2066 5299 2158 5351 sed
2189 5291 2257 5351 de
2299 5312 2415 5362 suo,
2440 5296 2580 5363 quod
2636 5294 2747 5346 vitii
2804 5292 3009 5360 aliquid
3036 5291 3258 5363 subesse
3316 5291 3451 5345 falso

1882 5360 2245 5430 existimaret,
2301 5360 2407 5434 pro
2442 5360 2500 5418 ἓν
2559 5363 2675 5436 χρῷ
2728 5364 2969 5430 posuisse
3031 5360 3447 5436 svﬂ‘ttpKupitp,

1886 5439 2118 5507 hincque
2151 5432 2347 5507 factum
2378 5432 2746 5507 essenterror
2777 5449 2842 5487 ex
2877 5432 3190 5507 uno__c_o_itice
3226 5434 3279 5483 in
3310 5432 3450 5485 alios

1884 5522 2001 5560 sese
2031 5501 2400 5561 transfuderit.
2432 5504 2498 5560 Ut
2526 5515 2577 5557 ut
2611 5506 2722 5559 haec
2763 5513 2909 5564 sunt,
2938 5501 3070 5555 nihil
3100 5504 3151 5553 in
3185 5510 3449 5554 coutextu

1885 5581 2193 5630 mutandum
2228 5577 2554 5629 censuimus.
2592 5573 2667 5626 En
2710 5576 2899 5641 magis.
2940 5573 3079 5641 quod
3117 5572 3189 5641 ad
3232 5584 3449 5641 sensum

1884 5648 2011 5699 nihil
2053 5649 2269 5709 referat,
2304 5648 2415 5700 sive
2463 5648 2517 5698 ὲν
2578 5644 2717 5715 χρῷ,
2760 5639 2870 5699 sive
2920 5642 2975 5693 ὲν
3006 5640 3083 5715 τῷ
3128 5639 3340 5715 σώματι
3375 5639 3450 5695 ιθ-

1882 5735 2040 5789 ςιῚΊὸ.
