4068 6318
689 338 798 393 367

2000 355 2056 411 S.
2102 357 2346 413 BASlLiI
2387 362 2600 419 MAch
3830 374 3910 431 368

682 458 789 512 Aut
822 459 960 516 forte
999 464 1161 518 etiam
1201 465 1424 521 divitem
1449 469 1578 523 dicit
1608 472 1857 540 p0puium
1879 473 2253 542 Israeliticnni,

2361 481 2466 533 ὑπὸ
2493 484 2591 552 τῆς
2615 486 2726 553 (9'2)
2764 486 2881 555 βίας
2911 486 3020 537 τῶν
3055 487 3268 557 ἀνέμων
3300 487 3483 542 ἄλλοτε
3518 489 3664 558 rgo;
3689 488 3816 542 ἄλλα
3846 491 3914 560 μὲ-

682 563 915 613 quurum
949 563 1032 606 est
1055 556 1274 624 adoptio
1313 573 1376 614 ac
1407 559 1622 615 divinus
1646 562 1841 629 cultus,
1871 581 2097 634 quorum
2133 580 2258 623 sunt

683 644 1094 709 promissiones,
1129 661 1196 701 ex
1249 651 1444 716 quibus
1479 662 1606 706 sunt
1645 665 1824 723 patres
1852 657 1917 712 ⁵⁸.
1963 659 2024 712 lli
2077 661 2258 730 itaque

684 733 754 783 ub
785 745 1066 801 peccatum
1101 738 1152 792 in
1197 740 1478 799 Dominum
1512 746 1808 803 admissum
1842 764 2126 820 eguerunt.
2153 754 2254 820 Qui

688 838 814 878 vero
847 824 1060 882 illorum
1094 830 1212 887 loco
1257 834 1617 904 inquisierunt
1657 839 1960 910 Dominum,
1995 860 2098 899 non
2147 847 2255 899 mi-

687 929 920 1009 nui-mur
979 923 1124 976 omni
1174 925 1331 981 bono.
1382 928 1542 1000 150
1587 932 1859 1002 Eguerunt
1896 949 2072 992 autem
2124 955 2255 1009 quo-

683 1007 972 1065 dammodo
1011 1025 1063 1067 et
1093 1017 1423 1074 esurierunt.
1469 1022 1762 1093 Postquam
1785 1029 1928 1083 enim
1958 1007 2254 1100 paneinivi-

687 1111 751 1155 ta:
778 1103 822 1134 ³⁷
851 1106 1261 1176 interfecerunt,
1301 1115 1448 1170 venit
1478 1132 1642 1188 super
1678 1121 1821 1189 ipsos
1865 1122 2032 1178 fames
2059 1126 2210 1192 panis
2235 1145 2248 1180 :

683 1203 737 1247 «ιι
770 1205 1048 1265 postquam
1089 1200 1216 1256 fonti
1255 1219 1406 1273 aqum
1443 1211 1577 1264 viva:
1622 1213 1666 1243 ⁸⁸
1713 1223 1956 1268 struxere
2010 1216 2249 1280 insidias,

685 1291 916 1345 accessit
956 1293 1023 1348 ad
1053 1294 1173 1351 illos
1203 1297 1347 1365 sitis,
1374 1317 1438 1356 ac
1484 1306 1806 1374 supplicium
1859 1307 1980 1362 sitis
2007 1310 2146 1379 ipsos
2173 1312 2253 1365 in-

682 1381 866 1436 vasit:
910 1382 1078 1442 fames
1127 1401 1328 1454 autem,
1376 1410 1480 1447 non
1527 1399 1679 1464 panis
1735 1401 2038 1462 sensibilis,
2078 1419 2252 1471 neque

680 1472 797 1524 sitis
842 1488 1017 1544 aquze,
1061 1480 1152 1533 sed
1192 1482 1359 1536 fames
1413 1488 1661 1540 audiendi
1694 1491 1912 1542 verbum
1949 1493 2152 1546 Domini
2185 1495 2248 1546 ⁵⁸.

684 1563 950 1632 Ic‘guerunt
977 1569 1146 1639 itaque
1167 1584 1212 1625 et
1247 1576 1563 1631 esuriernnt.
1602 1578 1669 1631 At
1699 1594 1821 1632 vero
1855 1582 1946 1649 qui
1979 1598 2043 1636 ex
2078 1589 2251 1654 genti-

681 1657 780 1710 lms
818 1658 1103 1718 Dominum
1138 1667 1412 1736 inquirere
1440 1672 1762 1736 didicerunt,
1795 1689 1899 1727 non
1942 1677 2253 1731 minuentur

681 1750 790 1806 nlio
825 1754 984 1810 bono.
1019 1755 1324 1814 Periectum
1359 1765 1578 1818 omnino
1613 1767 1807 1820 bonum
1841 1767 1982 1822 Deus
2014 1770 2126 1838 ipse
2146 1780 2250 1834 est,

2366 593 2430 646 ρη
2467 577 2723 644 πεφυκὼς
2754 581 3061 650 μεταρρεῖν.
3099 581 3206 633 Καὶ
3239 581 3484 633 πλούσιον
3511 581 3669 646 λέγει
3695 581 3825 648 τάχα
3847 583 3914 634 τὸν

2375 670 2620 740 Ἰσραήλ·
2654 666 2728 724 ὧν
2759 675 2789 744 ἡ
2824 672 3062 726 υἱοθεσία
3099 674 3191 726 καὶ
3223 677 3252 744 ἡ
3285 675 3521 745 λατρεία,
3574 667 3654 725 ὧν
3686 676 3738 724 αἱ
3773 674 3912 738 iter

2362 760 2556 830 γελίαι,
2591 761 2648 825 ἐξ
2669 755 2742 815 ὧν
2771 766 2817 816 οἱ
2847 763 3094 834 πατέρες.
3126 759 3282 817 Οὗτοι
3310 765 3484 816 τοίνυν
3509 762 3602 815 διὰ
3628 762 3727 831 τὴν
3755 763 3825 823 είς
3844 763 3912 813 τὴν

2361 850 2564 920 Κύριον
2593 853 2865 924 ἁμαρτίαν
2890 851 3254 921 ἐπτώχευσαν.
3285 855 3344 906 ΟΞ
3373 855 3428 906 δὲ
3458 855 3573 908 ἀντ’
3605 851 3822 904 ἐκείνων
3843 853 3913 902 ἐκ·

2362 942 2691 1012 ζητήσαντες
2733 945 2821 997 τὸν
2855 944 3053 1014 Κύριον
3097 945 3194 996 οὐκ
3237 945 3704 1016 ἐλαττωθήσονται
3746 945 3912 1006 παντὸς

2362 1035 2585 1103 ἀγαθοῦ.
2639 1037 3015 1107 Ἐπτι’.·χευσαν
3069 1036 3123 1088 δέ
3175 1054 3288 1097 πως
3339 1039 3430 1089 καὶ
3468 1039 3580 1106 (95)
3627 1038 3910 1090 ἐπείνασαν.

3778 1125 3913 1199 ἦλθεν

2361 1221 2444 1271 ἐπ’
2476 1221 2668 1284 αὐτοὺς
2691 1223 2717 1273 ὁ
2748 1222 2902 1291 λιμὸς
2936 1222 3026 1274 τοῦ
3056 1223 3215 1292 ἄρτου
3241 1239 3252 1250 ’
3287 1223 3378 1274 καὶ
3403 1223 3588 1292 ἐπειδὴ
3619 1221 3912 1274 ἐπεϐούλευ-

2375 1129 2588 1198 Ἐπειδὴ
2623 1131 2725 1200 γὰρ
2761 1130 3084 1180 ἀπέκτειναν
3125 1129 3214 1180 τὸν
3247 1130 3406 1199 ἄρτον
3439 1131 3536 1199 τῆς
3575 1131 3745 1198 ζωῆς,

2363 1331 2458 1365 σαν
2491 1315 2553 1381 τῇ
2590 1316 2733 1382 πηγῇ
2764 1313 2856 1365 τοῦ
2888 1313 3072 1376 ὓδατος
3101 1313 3192 1364 τοῦ
3222 1312 3437 1376 ζῶντος,
3480 1309 3647 1383 ἦλθεν
3695 1314 3911 1381 αὖτοῐςή

2360 1405 2504 1474 δίψα.
2541 1406 2638 1456 καὶ
2672 1405 2900 1476 ἐπετέθη
2939 1406 3046 1475 (94)
3072 1407 3250 1468 αὐτοῖς
3283 1407 3314 1475 ἡ
3347 1408 3408 1458 ἐκ
3451 1406 3548 1474 τῆς
3581 1405 3744 1475 δίψης
3777 1405 3911 1456 κόλα-

2364 1515 2475 1561 σις·
2506 1497 2659 1566 λιμὸς
2684 1497 2738 1550 δὲ
2772 1499 2888 1567 οὺχ)
2912 1499 3072 1568 ἄρτου
3097 1497 3373 1566 αἰσθητοῦ,
3402 1497 3519 1549 οὐδὲ
3556 1497 3689 1565 δίψα
3727 1497 3908 1558 ὕδατος,

2359 1591 2492 1645 ἀλλὰ
2516 1591 2668 1660 λιμὸς
2689 1591 2780 1644 τοῦ
2807 1592 3034 1644 ἀκοῦσαι
3067 1591 3218 1659 λόγον
3243 1591 3462 1660 Κυρίου.
3509 1590 3911 1657 Ἑπτώχευι-αν

2352 1684 2468 1753 μὲν
2499 1679 2610 1737 οὖν
2649 1683 2742 1734 καὶ
2777 1685 3122 1736 ἐπείνασαν.
3171 1686 3230 1735 Οἱ
3264 1683 3440 1753 μέντοι
3470 1683 3577 1734 ἀπὸ
3609 1682 3721 1733 τῶν
3767 1682 3910 1733 ἐθν-ςῖεν

2363 1775 2621 1844 μαθόντες
2655 1773 2899 1843 ὲκζητεῖν
2947 1775 3036 1826 τὸν
3087 1776 3285 1846 Κύριον
3326 1774 3423 1826 οὐκ
3466 1773 3909 1842 ἐλαττωθήσονται

680 1857 790 1910 quo
829 1860 935 1899 non
967 1849 1275 1905 minuentur
1304 1865 1561 1924 quotquot
1590 1861 1885 1926 exquirunt
1916 1835 2108 1931 ipsum.
2137 1863 2250 1918 Non

2360 1867 2555 1928 παντὸς
2584 1865 2805 1934 ἀγαθοῦ.
2847 1866 2917 1918 Τὸ
2957 1867 3264 1919 παντέλειον
3286 1866 3484 1933 ἀγαθὸν
3523 1866 3690 1928 αὑτός
3730 1867 3909 1916 ἐστινό

682 1935 825 1987 enim
885 1939 1013 1992 mihi
1067 1943 1333 2010 quispiam
1372 1948 1692 2014 ineruditus,
1723 1954 1812 2021 qui
1846 1969 2158 2023 perversum
2188 1958 2253 2012 de

683 2024 822 2080 bono
849 2044 911 2082 ac
964 2032 1103 2087 malo
1127 2033 1389 2102 judicium
1420 2040 1576 2108 ferat,
1603 2044 1798 2098 bonum
1839 2048 2078 2102 nominet
2109 2065 2251 2108 eum.

685 2119 771 2186 qui
803 2120 1124 2188 voluptatem
1164 2133 1545 2198 temporariam
1583 2144 1746 2205 atque
1776 2154 1878 2192 una
1903 2155 2025 2193 cum
2062 2156 2254 2209 corpo-

682 2209 756 2264 ris
787 2216 1132 2284 corruptione
1179 2230 1548 2279 transeuntem
1596 2229 1773 2284 habet.
1817 2231 1917 2297 Qui
1947 2233 2090 2287 enim
2137 2249 2255 2287 cor-

680 2317 873 2369 poreas
899 2321 1026 2374 opes
1058 2318 1112 2364 et
1155 2316 1544 2384 prierogativas
1575 2321 1881 2389 corporales
1907 2324 1958 2376 in
2009 2324 2131 2377 boni
2166 2341 2255 2379 0r-

681 2397 856 2451 dinem
927 2402 1152 2471 redigit,
1193 2405 1235 2458 is
1289 2412 1641 2465 reverendum
1697 2425 1753 2467 et
1801 2413 1898 2468 soli
1954 2415 2060 2470 Deo
2125 2432 2253 2470 con-

681 2491 904 2548 veniens
957 2511 1152 2552 nomen
1213 2501 1277 2552 ad
1336 2517 1424 2557 res
1477 2504 1611 2559 viles
1660 2515 1716 2561 et
1771 2507 1966 2564 nullius
1993 2512 2249 2564 momenti

681 2583 956 2648 transfert,
991 2597 1045 2641 et
1070 2590 1229 2646 simul
1257 2593 1308 2647 in
1335 2599 1774 2654 contrarietatem
1809 2600 2012 2657 incidet
2045 2605 2252 2673 gravis-

679 2674 892 2730 simam.
938 2680 1044 2732 Aut
1086 2683 1230 2736 enim
1267 2686 1409 2740 dicet
1455 2690 1749 2756 apostolos,
1781 2700 2064 2761 propterea
2111 2698 2252 2764 quod

681 2780 788 2818 non
845 2767 1206 2836 inquisierunt
1263 2773 1582 2843 Dominum,
1637 2790 1920 2836 assecutos
1969 2797 2076 2836 non
2133 2799 2253 2838 esse

681 2861 983 2928 corporalia
1009 2862 1149 2918 bona
1192 2882 1206 2919 :
1234 2878 1327 2920 aut
1352 2868 1396 2922 si
1422 2885 1544 2924 eum
1573 2872 1929 2942 inquirentes,
1958 2875 2083 2930 talia
2113 2878 2252 2932 bona

682 2963 787 3002 non
812 2965 1213 3024 compararunt,
1233 2956 1569 3029 Scripturam
1607 2962 1774 3032 ipsam
1807 2967 2104 3031 accusabit,
2136 2983 2253 3036 quae

681 3039 812 3094 dicit
840 3057 935 3098 eos
972 3047 1062 3116 qui
1106 3047 1394 3105 Dominum
1439 3054 1740 3123 inquirunt,
1771 3056 1912 3111 bono
1972 3060 2118 3114 nullo
2156 3062 2250 3114 de-

2355 1956 2484 2018 Θεός
2507 1975 2518 1986 υ
2553 1950 2612 2008 οῦ
2637 1958 2734 2008 οὐκ
2766 1956 3222 2026 ἐλαττωθήσονται
3257 1958 3453 2018 πάντες
3491 1959 3536 2009 οἱ
3576 1955 3907 2024 ἐκζητοῦντες

2355 2049 2532 2101 αὐτόν.
2562 2050 2651 2120 Μὴ
2694 2052 2800 2120 γάρ
2840 2049 2928 2118 μοί
2963 2066 3042 2110 τις
3079 2049 3419 2113 ἀπαίδευτος,
3451 2049 3762 2119 ἀδιάκριτον
3790 2048 3907 2117 ἔχων

2365 2140 2444 2191 μὸν
2476 2139 2602 2209 περ).
2635 2139 2726 2192 τοῦ
2754 2137 2956 2208 ἀγαθοῦ
3002 2138 3094 2191 καὶ
3132 2137 3300 2190 κακοῦ
3348 2139 3507 2191 τόπον
3549 2138 3687 2208 (95),
3731 2137 3905 2202 ἀγαθὸν

2354 2229 2663 2299 ἑνομαζέτω
2739 2232 2828 2284 τὸν
2894 2232 3221 2302 πρόσκαιρον
3284 2231 3468 2301 ἔχοντα
3529 2231 3627 2301 τὴν
3687 2230 3903 2283 ἀπόλαυ-

2356 2339 2438 2374 σιν
2472 2321 2582 2390 (96)
2636 2322 2728 2374 καὶ
2761 2325 2824 2392 τῇ
2877 2322 3049 2393 φθορᾷ
3095 2321 3186 2374 τοῦ
3234 2321 3476 2391 σώματος
3515 2322 3902 2392 συναπερχομέ-

2353 2433 2468 2484 νην.
2506 2417 2562 2467 Ὀ
2585 2415 2690 2486 γὰρ
2717 2416 2807 2467 τὸν
2833 2415 3138 2484 σωματικὸν
3169 2414 3394 2466 πλοῦτον
3424 2416 3514 2466 καὶ
3544 2415 3610 2466 τὰ
3641 2413 3903 2484 σωματικὰ

2353 2509 2740 2578 προτερήματα
2776 2507 2852 2566 εἰς
2885 2507 2980 2575 τὴν
3010 2506 3102 2558 τοῦ
3132 2505 3335 2574 ἀγαθοῦ
3362 2505 3511 2571 τάξιν
3539 2510 3814 2573 κατάγων.
3836 2508 3901 2567 εἰς

2355 2597 2652 2669 πράγματα
2682 2595 2867 2664 εὐτελῆ
2891 2597 2983 2648 καὶ
3012 2597 3220 2659 οὐδενὸς
3253 2596 3412 2664 λόγου
3443 2597 3568 2660 ἀξια
3599 2598 3719 2665 ἄγει
3747 2597 3802 2648 τὸ
3833 2613 3903 2648 σε·

2358 2690 2485 2760 μνὶν
2511 2689 2601 2740 καὶ
2629 2687 2773 2756 μόνῳ
2809 2685 2925 2755 Θεῷ
2960 2687 3163 2757 πρέπον
3197 2688 3384 2757 ὄνομα,
3410 2690 3502 2740 καὶ
3532 2689 3644 2758 ἅμα
3675 2687 3903 2740 ἐναντιώ-

2360 2797 2484 2850 ματι
2517 2777 2878 2848 χαλεπωτάτῳ
2902 2781 3295 2848 περιπεσεῖται.
3323 2779 3391 2830 Ἦ
3414 2777 3521 2849 γὰρ
3543 2781 3667 2840 τοὺς
3699 2776 3902 2830 ἀποστό-

2355 2872 2478 2934 λους
2519 2873 2649 2940 ἐρεῖ,
2687 2871 2834 2941 παρά
2889 2871 2949 2922 τὸ
3007 2871 3081 2939 μὴ
3127 2870 3422 2940 ὲκζητῆσαι
3465 2870 3553 2922 τὸν
3591 2871 3809 2941 Κύριον,
3841 2869 3901 2938 μὴ

2352 2964 2708 3033 τετυχηκέναι
2765 2962 2872 3014 τῶν
2918 2963 3240 3032 σωματικῶν
3290 2962 3538 3030 ἀγαθῶν·
3594 2963 3624 3032 ἢ
3671 2964 3718 3014 εἰ
3764 2963 3899 3030 ἐκζηο

2352 3055 2570 3117 τοῦντες
2597 3055 2967 3122 ἀπετύγχανον
2996 3054 3102 3106 τῶν
3125 3054 3377 3105 τοιούτων
3403 3053 3636 3122 ἀγαθῶν,
3663 3055 3760 3124 τῆς
3783 3054 3818 3104 Γ
3823 3071 3900 3122 ρα-

679 3134 853 3192 stitui.
881 3137 989 3192 Sed
1018 3148 1074 3194 et
1103 3142 1468 3210 inquisierunt
1501 3147 1669 3201 sancti
1693 3146 2002 3210 Dominum.
2033 3161 2087 3205 et
2114 3166 2253 3205 cmu-

681 3227 1033 3250 ημηηηῃ,
1075 3234 1109 3250 ί.
1288 3236 1344 3248 ..
1467 3237 1546 3250 ..-
1734 3248 1740 3250 .

2360 3150 2460 3219 φῆς
2505 3147 2675 3216 αὐτῆς
2729 3147 3091 3215 κατηγορήσει
3147 3143 3406 3213 λεγούσης
3457 3145 3681 3215 μηδενὸς
3722 3144 3898 3211 ἀγαθοῦ

681 3227 1039 3292 prehensione
1063 3234 1178 3303 ejus
1210 3236 1299 3303 qui
1333 3237 1620 3306 inquisitus
1665 3248 1767 3303 est,
1797 3255 1903 3296 non
1938 3256 2251 3308 caruerunt,

683 3336 856 3391 neque
881 3323 1034 3379 bonis
1063 3326 1115 3378 in
1144 3337 1346 3383 teterna
1371 3331 1557 3399 requie
1588 3333 1836 3401 repositis
1865 3341 1993 3388 sunt
2020 3335 2252 3404 spoliati.

683 3414 959 3482 Siquidem
978 3419 1043 3472 de
1073 3419 1176 3472 illis
1201 3421 1354 3476 bonis
1375 3421 1478 3476 diei
1507 3426 1720 3493 proprie
1745 3428 1911 3495 possit
1930 3426 2080 3493 illud,
2101 3427 2258 3482 Umm'

681 3512 836 3563 bona.
860 3508 992 3564 Nam
1021 3526 1296 3581 corporea:
1325 3514 1629 3584 voluptates
1665 3517 1782 3584 plus
1809 3519 2066 3574 molestiae
2093 3536 2252 3588 quam

679 3602 1030 3670 iucunditatis
1066 3603 1284 3667 habent.
1301 3603 1592 3660 Procreant
1615 3608 1758 3662 enim
1778 3609 1974 3678 nuptias
1995 3611 2253 3665 sterilita-

682 3708 810 3760 tem,
833 3694 1167 3759 viduitatem,
1188 3703 1406 3765 stupra;
1439 3698 1762 3762 agricultura
1782 3700 2250 3769 infecunditatem;

680 3793 982 3838 mercatura
1005 3786 1302 3852 naufragia;
1323 3786 1518 3841 divitia:
1535 3788 1777 3854 insidias;
1794 3789 1996 3844 deliciae
2011 3792 2255 3846 satietas-

679 3891 785 3945 qne
806 3885 862 3930 et
891 3877 1124 3931 assidua
1145 3880 1449 3947 voluptates
1477 3881 1694 3934 morbos
1732 3883 1908 3937 varios
1942 3898 2006 3937 ac
2044 3885 2250 3938 diversa

682 3967 1028 4024 aﬂ'ectionum
1078 3984 1298 4038 genera.
1363 3971 1557 4026 Paulus
1614 3975 1797 4041 utique
1846 3983 1900 4028 et
1949 3974 2254 4044 inquirebat

685 4063 992 4126 Dominum,
1023 4072 1076 4116 et
1125 4061 1255 4116 nihil
1297 4064 1345 4117 ei
1383 4065 1551 4118 defuit
1590 4065 1873 4122 bonorum.
1909 4066 2103 4122 Verum
2135 4070 2256 4139 quis

680 4155 923 4223 corporis
953 4154 1250 4217 molestias,
1284 4156 1333 4208 in
1369 4157 1564 4223 quibus
1594 4172 1688 4227 per
1719 4166 1885 4212 totam
1915 4176 2066 4214 suam
2091 4162 2251 4215 vitam

683 4245 837 4308 vixit,
869 4258 1254 4300 annumeraret
1284 4249 1306 4300 ?
1336 4247 1442 4301 Ter
1468 4249 1633 4316 virgis
1670 4265 1843 4304 cursus
1867 4259 1968 4313 est,
1988 4253 2154 4306 semel
2174 4264 2257 4307 est

687 4339 975 4409 lapidatus,
1001 4349 1082 4394 ter
1111 4331 1456 4409 naufragium
1509 4342 1653 4406 fecit,
1699 4353 1911 4398 noctein
1944 4361 2007 4399 ac
2036 4345 2176 4398 diem
2203 4347 2253 4397 in

685 4431 951 4494 profundo
984 4433 1111 4500 egit,
1144 4433 1196 4486 in
1221 4433 1503 4488 itineribus
1534 4449 1697 4504 szrpe,
1724 4438 1773 4490 in
1803 4437 1944 4491 fame
1965 4444 2019 4490 et
2053 4438 2162 4501 siti,
2202 4438 2252 4491 in

2359 3239 2704 3293 ἐλαττοῦσθαι
2732 3239 2854 3300 τοὺς
2882 3235 3243 3306 ὲκζητοῦντας
3269 3235 3358 3289 τὸν
3386 3237 3607 3308 Κύριον.
3645 3238 3801 3290 Ἀλλά
3825 3237 3900 3288 καὶ

2359 3329 2638 3401 ὲξεζήτουν
2667 3330 2714 3382 οἱ
2744 3329 2885 3395 ἅγιοι
2911 3328 2999 3380 τὸν
3031 3327 3249 3398 Κύριον,
3280 3329 3373 3380 κα).
3400 3330 3498 3400 τῆς
3518 3329 3682 3381 αὑτοῦ
3709 3329 3797 3382 τοῦ
3819 3329 3895 3398 ζη-

2355 3424 2615 3493 τουμένου
2638 3420 2989 3491 καταλήψεως
3015 3421 3111 3471 οὒκ
3140 3419 3480 3488 ἠλαττοῦντο,
3507 3420 3624 3473 οὐδὲ
3650 3421 3758 3472 τῶν
3788 3421 3898 3472 ἀπο-

2358 3517 2622 3586 κειμένων
2654 3516 2710 3570 ὲν
2741 3517 2804 3584 τῇ
2836 3514 3027 3582 αδωνίᾳ
3056 3513 3355 3566 ἀναπαύσει
3389 3515 3499 3583 (97)
3526 3515 3743 3581 ἀγαθῶν
3773 3516 3899 3565 ἑστε-

2360 3609 2616 3678 ρήθησαν.
2655 3607 2789 3677 Περὶ
2837 3606 3058 3659 ἐκείνων
3103 3605 3208 3676 γὰρ
3256 3605 3460 3673 λέγοιτο
3495 3607 3558 3658 ἂν
3601 3608 3798 3676 κυρίως
3832 3605 3895 3667 τὸ,

2354 3701 2585 3764 Παντὸς
2641 3699 2883 3768 ἀγαθοῦ.
2951 3700 3014 3752 Ai
3063 3699 3168 3769 γὰρ
3236 3701 3538 3768 σωματικαὶ
3596 3699 3899 3759 ἀπολαύσεις

2357 3794 2535 3846 πλεῖον
2566 3792 2626 3845 τὸ
2656 3790 2910 3861 ὀδυνηρὸν
2936 3790 3115 3859 ἔχουσι
3162 3790 3254 3842 τοῦ
3297 3790 3482 3859 ἡδέος·
3532 3791 3580 3843 οἱ
3619 3793 3781 3860 γάμοι
3819 3790 3899 3850 τὰς

2355 3883 2629 3946 ἀπαιδίας,
2663 3881 2760 3945 τάς
2781 3881 3028 3952 χηρείας,
3064 3882 3160 3944 τὰς
3191 3882 3482 3953 διαφθοράς
3503 3899 3515 3912 ⁸
3565 3885 3620 3935 at
3661 3885 3899 3952 γεωργίαι

2354 3975 2452 4045 τὴν
2490 3973 2768 4043 ἀκαρπίαν
2790 3988 2802 3999 ·
2843 3972 2898 4023 αἱ
2929 3971 3188 4041 ἐμπορίαι
3217 3973 3284 4024 τὰ
3312 3973 3542 4040 ναυάγια
3562 3988 3574 4000 ·
3623 3973 3671 4024 οἱ
3709 3971 3898 4024 πλοῦτοι

2355 4067 2452 4130 τὰς
2488 4066 2779 4128 ἐπιϐουλάς
2804 4082 2816 4094 °
2850 4066 2903 4118 ai
2937 4064 3140 4133 τρυφαὶ
3184 4066 3276 4116 καὶ
3303 4067 3348 4116 ot
3377 4065 3548 4136 κόροι,
3585 4067 3677 4118 καὶ
3717 4068 3768 4117 ai
3793 4081 3898 4116 συν·

2356 4159 2498 4225 εχεῖς
2529 4154 2851 4216 ἀπολαύσεις
2883 4153 2942 4205 τὸ
2971 4152 3209 4205 ποικίλον
3239 4153 3346 4205 τῶν
3373 4154 3723 4222 νοσημάτων,
3748 4154 3832 4207 καὶ
3852 4151 3899 4203 τὺ

2357 4245 2630 4307 πολυειδὲς
2689 4242 2795 4295 τῶν
2856 4241 3058 4294 παθῶν.
3117 4241 3322 4304 Παῦλος
3377 4243 3556 4310 μέντοι
3611 4244 3703 4293 καὶ
3740 4241 3901 4309 ἐξεζή.

2356 4359 2435 4393 τει
2469 4338 2577 4409 (98)
2611 4338 2702 4389 τὸν
2726 4335 2947 4405 Κύριον,
2981 4335 3072 4386 καὶ
3099 4333 3248 4386 οὐδὲν
3281 4332 3427 4402 αὑτῷ
3449 4333 3628 4386 ἔλειπε
3659 4334 3764 4384 τῶν
3790 4335 3897 4399 ἀγα-

2358 4432 2484 4486 θῶν.
2520 4429 2709 4484 Καίτοι
2762 4427 2842 4488 τίς
2887 4427 2951 4478 ἂν
2991 4425 3411 4496 ἐξαριθμήσαιτο
3448 4424 3515 4476 τὰ
3555 4423 3648 4475 τοῦ
3679 4423 3900 4493 σώματτις

685 4524 898 4589 ieiuniis
925 4539 1086 4592 saepe,
1121 4525 1172 4578 in
1213 4525 1397 4581 labore
1423 4539 1475 4583 et
1516 4545 1776 4593 aerumna,
1812 4531 1862 4584 in
1915 4532 2251 4586 necessitati-

2360 4521 2581 4592 ὀχληρὰ.
2636 4513 2715 4582 οἷς
2773 4516 2921 4588 παρά
2956 4517 3131 4569 πάντα
3169 4517 3259 4568 τὸν
3302 4516 3491 4568 ἑαυτοῦ
3536 4516 3647 4585 βίον
3691 4515 3896 4583 συνέζη;

686 4619 783 4671 bus
807 4631 949 4686 smpe
975 4618 1040 4671 “.
1073 4618 1256 4689 Usque
1287 4620 1352 4673 ad
1384 4632 1680 4676 extremam
1711 4624 1899 4678 horam
1921 4634 1978 4678 et
2009 4626 2254 4679 esuriens

687 4717 867 4773 nomo,
898 4719 952 4763 et
975 4710 1257 4774 sitiens,et
1287 4713 1461 4766 nudus
1482 4731 1544 4768 ac
1570 4715 1812 4784 colaphis
1839 4731 2009 4770 caesus
2035 4717 2100 4782 ³⁸,
2122 4731 2254 4784 quo-

754 4829 800 4860 "
832 4828 986 4884 ηοω.
1040 4846 1117 4890 rx,
1160 4829 1253 4888 45.
1333 4829 1548 4885 "Joan.
1595 4847 1668 4894 v1,
1707 4831 1795 4885 ιδ.

686 4898 726 4929 ⁸⁸
755 4898 923 4955 lCor.
957 4915 1029 4964 iv,
1056 4899 1144 4954 Η.

762 5037 875 5109 (92)
915 5039 1048 5109 Reg.
1097 5039 1368 5093 secundus
1403 5038 1511 5091 ἀπὸ
1541 5037 1657 5107 τῆς.
1691 5036 1809 5091 Mox
1843 5038 1971 5092 editi
2003 5037 2264 5107 πεφυκός.

687 5114 758 5163 At
791 5119 999 5178 septem
1029 5124 1163 5165 mss.
1205 5109 1486 5176 πεφυκώς.

760 5179 872 5252 (95)
921 5179 1084 5235 Deest
1135 5179 1230 5233 καί
1267 5181 1339 5252 (in
1395 5181 1663 5252 aliquibus
1733 5193 1862 5232 mss.

689 5249 918 5320 quartus
953 5260 1008 5306 et
1041 5261 1228 5306 sextus
1254 5251 1285 5319 ή
1315 5249 1490 5320 λιμός.

761 5321 872 5391 (οι)
905 5321 980 5374 Ita
1005 5337 1138 5392 mss.
1170 5315 1285 5375 non
1305 5315 1482 5390 pauci.
1515 5319 1652 5375 Editi
1686 5315 1850 5392 ἦλθεν
1885 5319 1971 5370 ἐπ’
2005 5319 2198 5382 αὐτοὺς
2235 5318 2266 5386 ἡ

690 5393 838 5462 δῖψα.
875 5391 1126 5462 ἐπετέθη.

761 5460 1029 5535 (95)_llla,
1062 5460 1376 5535 ἀδιάκριτον
1409 5461 1636 5535 ἔχων....
1667 5462 1850 5525 τόπον,
1879 5461 1975 5535 εἰς
2005 5460 2266 5535 interpre—

697 5544 839 5586 tatur
865 5531 1247 5610 Combeiisius,
1312 5531 1472 5586 Haud
1501 5549 1684 5610 sanum
1711 5535 1914 5610 habent
1947 5531 2262 5610 judicium“:

696 5621 855 5680 quam
883 5607 1386 5680 interpretationem
1426 5605 1562 5680 satis
1589 5604 1890 5680 probatum
1949 5603 2011 5654 iri
2044 5601 2263 5680 .intell'i-

698 5674 945 5741 gentibus
975 5686 1122 5744 puto,
1173 5692 1294 5726 cum
1333 5675 1417 5727 vix
1476 5673 1694 5727 dubium
1752 5689 1874 5726 esse
1918 5671 2102 5740 possit,
2137 5672 2260 5738 quin

701 5748 799 5796 imi;
844 5745 956 5800 luco
1019 5761 1118 5797 vnx
1173 5745 1334 5809 τέκος
1398 5763 1490 5814 pro
1559 5760 1683 5798 νοω
1738 5744 2014 5814 κριτήριον
2093 5745 2260 5810 posita

699 5829 788 5868 Mi.

1943 5178 2058 5233 Mox
2116 5177 2268 5246 Regii

1884 4834 1928 4863 ⁸⁸
1960 4831 2115 4886 Joan.
2177 4848 2248 4895 tv,
2295 4833 2358 4885 10
2392 4849 2541 4900 seqq.

2359 4617 2489 4686 'l‘pi;
2528 4610 2873 4684 ὲρῤαϐδίσθη,
2924 4608 3067 4672 ἅπαξ
3121 4608 3397 4678 ὲλιθάσθη,
3434 4610 3552 4679 τρὶς
3600 4610 3897 4678 ἐναιεάγησε,

2361 4708 2698 4778 νυχθήμερον
2758 4706 2814 4754 ὲν
2845 4702 2922 4772 τῷ
2957 4701 3099 4772 βυθῷ
3147 4703 3462 4773 πεποίηκεν,
3499 4705 3556 4754 ἐν
3599 4703 3900 4772 ὁδοιπορίαις

2636 4830 2680 4861 δ’
2708 4828 2869 4878 Amos
2937 4839 3050 4885 vnn,
3098 4824 3184 4876 il.
3258 4822 3302 4852 ‘°
3334 4820 3374 4874 ll
3417 4823 3539 4876 Cor.
3603 4838 3678 4884 ιι,
3709 4821 3796 4887 25,
3826 4819 3898 4872 ‘27.

2445 5034 2554 5100 (96)
2585 5033 2722 5085 Editi
2764 5043 2817 5083 et
2851 5032 3013 5083 imstri
3052 5031 3297 5082 undecim
3335 5045 3461 5083 mss.
3519 5030 3610 5100 τὸν
3668 5028 3902 5100 πρόσκαι-

2378 5124 2466 5175 ρον
2489 5105 2677 5174 ἕχοντα
2693 5103 2789 5172 τὴν
2803 5102 3118 5154 ἀπόλαυσιν.
3149 5101 3250 5175 Sed
3283 5101 3362 5175 vir
3380 5099 3731 5175 doctissimus
3759 5099 3900 5175 idem:

2374 5168 2476 5245 que
2501 5168 2991 5245 ebulidentissiums
3015 5171 3376 5245 tlombelisius
3397 5185 3493 5220 suo
3532 5169 3768 5245 periculo
3821 5168 3900 5245 legi

2375 5237 2486 5298 vult
2517 5246 2575 5296 τὸ
2606 5244 2934 5313 πρόσκαιρον
2971 5242 3110 5311 ἕχον,
3148 5253 3277 5298 etc...
3329 5240 3378 5292 id
3408 5241 3550 5313 quod
3584 5240 3655 5290 ita
3681 5241 3788 5305 ipse
3826 5237 3902 5288 La-

2377 5319 2483 5369 tine
2513 5310 2763 5375 reddidit,
2805 5310 3322 5377 Bbwnthuncupet,
3362 5310 3500 5375 quod
3535 5318 3902 5370 temporaria—aut

2377 5387 2527 5438 habet
2564 5386 2967 5451 jncmulimwm.
2999 5384 3099 5435 Alii
3129 5379 3510 5451 quidlibetsibi
3562 5379 3721 5451 licere
3775 5392 3903 5442 puta-

2377 5450 2586 5512 τρι-ἰηῑῖ
2615 5465 2668 5506 at
2704 5456 2853 5507 nubis
2885 5455 3066 5521 religio
3098 5451 3259 5504 fuerit
3281 5450 3545 5502 editorum
3570 5450 3723 5502 simul
3753 5461 3803 5502 et
3846 5452 3904 5497 tot

2375 5528 2620 5596 codicum
2657 5541 2783 5577 mss.
2819 5525 3493 5596 auctor-itatemspernere.
3623 5589 3635 5596 .
3734 5588 3746 5596 ι
3818 5588 3826 5596 .

2447 5597 2556 5666 (97)
2588 5594 2716 5661 Reg.
2753 5596 2940 5648 tertius
2962 5593 3156 5662 αἰωνία
3184 5588 3496 5652 ἀπολαύσει,
3531 5599 3583 5643 et
3623 5589 3694 5642 ita
3733 5588 3904 5656 legitur

2377 5669 2426 5720 in
2467 5667 2712 5732 margine
2733 5667 2860 5730 Reg.
2897 5666 3139 5719 secundi.

2445 5739 2552 5797 (98;
2579 5729 2650 5788 ita
2698 5751 2787 5791 scx
2815 5729 2928 5789 mss
2985 5737 3043 5787 Λι
3080 5733 3200 5786 editi
3235 5729 3428 5802 ἓξῆτει.

2371 5809 2490 5859 ἐῖ-ῖῖιί
2506 5825 2578 5858 τει

2425 5849 2481 5859 ,ι’
2523 5849 2599 5858 .-.ι

2491 5861 2498 5873 I

3481 5731 3604 5800 Reg.
3664 5729 3905 5783 secundus
