4068 6318
183 356 281 410 369

1307 355 1588 412 IIOMlLlA
1627 358 1691 411 IN
1730 357 2058 412 PSALMUM
2098 357 2333 412 XXXIII.

3305 359 3412 414 570

183 475 450 538 πολλάκις,
482 477 538 527 ὲν
569 474 709 545 λιμῷ
731 474 823 526 καὶ
839 473 976 542 δίψει
1012 473 1142 543 (99),
1167 475 1222 525 ὲν
1251 475 1521 543 νηστείαις
1542 475 1733 528 πολλά-

1847 475 2003 527 modo
2057 490 2160 527 non
2205 475 2545 529 minuebatur
2591 466 2963 539 corporalibus
2996 465 3198 520 bonis?
3233 465 3415 521 Evclio

183 587 284 633 κις,
314 571 369 620 ὲν
399 568 551 638 κόπῳ
578 567 670 619 καὶ
707 565 907 636 μόχθῳ,
940 569 995 618 ὲν
1019 567 1282 633 ἀνάγκαις
1319 566 1593 631 πολλάκις.
1625 567 1738 621 Μέ-

181 679 267 732 χρι
331 660 430 730 τῆς
472 659 701 728 ἐσχάτης
749 657 894 727 ὥρας
937 659 1027 711 καὶ
1077 657 1275 710 πεινῶν
1318 656 1615 727 ἄνθρωπος,
1649 659 1739 710 καὶ

180 751 361 820 διψῶν,
390 751 481 802 καὶ
502 747 876 819 γυμνητεύων,
909 749 1002 803 καὶ
1026 747 1469 818 κολαφιζόμενος,
1504 749 1618 813 πῶς
1637 752 1737 803 οὐκ

1846 565 2026 634 igitur,
2057 582 2260 635 quatso,
2287 577 2520 620 mentem
2557 564 2625 618 ad
2657 563 2707 616 id
2737 563 2877 629 quod
2910 573 3035 614 vere
3068 556 3267 612 bonum
3305 565 3410 621 est,

1845 666 1901 709 ut
1938 668 1990 711 et
2023 658 2312 728 Scriptum
2342 657 2752 712 consensionem
2797 651 3080 720 intelligas,
3112 658 3167 705 et
3195 664 3262 704 ne
3285 665 3415 705 con-

1836 748 1991 815 jicias
2023 759 2074 802 te
2103 750 2155 801 in
2194 747 2354 801 ullam
2388 747 2663 802 sententia:
2702 741 3125 810 ambiguitatem.

180 841 466 912 ἠλαττοῦτο
510 839 617 891 τῶν
660 841 982 910 σωματικῶν
1044 840 1300 909 άγαθῶν;
1371 842 1632 910 Ἀνάγαγε
1680 839 1773 895 οὖν
1816 858 1903 911 μοι
1943 842 2040 910 τὴν
2082 841 2318 896 διάνοιαν
2364 840 2455 892 ἐπὶ
2496 840 2556 892 τὸ
2617 838 2785 901 ὅντως
2809 834 3035 905 ἀγαθὸν,
3073 835 3159 886 ἵνα
3193 831 3286 886 καὶ
3313 829 3411 902 τὴν

180 935 490 1004 συμφωνίαν
514 934 611 1002 τῆς
633 936 849 1009 Γραφῆς
872 935 1128 1004 ἐπιγνῷς,
1157 937 1250 989 καὶ
1282 937 1501 990 σεαυτὸν
1538 937 1609 1008 μὴ
1638 936 1948 1010 καταϐάλῃς
1969 941 2034 1008 τῇ
2065 938 2362 1008 ἀμφιϐολίᾳ
2382 935 2481 1005 τῆς
2507 935 2731 997 ἐννοίας·
2757 937 2760 940 λ

244 1026 296 1080 8.
333 1025 526 1090 Δεῦτε,
566 1026 758 1091 τέκνα,
795 1025 1091 1081 ἀκούσατέ
1121 1045 1240 1096 μου
1262 1045 1274 1058 ’
1301 1030 1484 1096 φόϐον
1519 1031 1737 1097 Κυρίου

177 1116 389 1181 διδάξω
445 1118 614 1187 ὑμᾶς.
689 1119 1019 1172 Ἐνδιαθέτου
1066 1120 1141 1191 (l)
1196 1120 1508 1174 διδασκάλου
1565 1120 1734 1190 φωνὴ,

175 1206 643 1277 προσ-καλουμένου
680 1211 756 1271 είς
790 1209 1023 1278 μάθησιν
1051 1207 1135 1260 διὰ
1166 1209 1436 1279 πατρικῆς
1468 1210 1738 1278 εὐσπλαγ-

177 1301 343 1368 χνίας.
367 1301 474 1353 Καὶ
498 1302 605 1372 γάρ
629 1303 813 1356 τέκνον
839 1299 955 1354 ὲστὶ
987 1303 1361 1372 πνευματικὸν,
1377 1303 1467 1354 τοῦ
1490 1303 1738 1358 διδασκά-

176 1391 263 1443 λου
294 1393 324 1444 6
352 1393 614 1466 μαθητής.
662 1397 717 1448 '0
743 1395 850 1465 γάρ
878 1395 1025 1466 παρά
1048 1412 1189 1457 τινος
1213 1394 1309 1465 τὴν
1339 1397 1612 1465 μόρφωσιν
1637 1397 1736 1466 τῆς

177 1483 451 1548 εὐσεϐείας
486 1487 790 1556 δεχόμενος,
827 1482 978 1548 οὗτος
1002 1487 1162 1539 οἱονεὶ
1196 1487 1571 1541 δια-πλάττεται
1609 1489 1735 1558 παρ’

175 1577 357 1638 αὐτοῦ,
390 1579 480 1630 καὶ
523 1581 600 1640 εἰς
632 1577 886 1630 σύστασιν
921 1578 1129 1645 ἄγεται,
1177 1576 1363 1647 ὥσπερ
1399 1579 1488 1630 καὶ
1518 1579 1734 1650 ὑπὸτῆς

175 1669 542 1740 κυοφορούσης
593 1673 657 1724 τὰ
688 1673 744 1722 ὲν
775 1672 910 1740 αὐτῇ
953 1669 1391 1741 διαμορφούμενα
1431 1671 1503 1740 (9.)
1535 1672 1728 1744 βρέφη.

1913 1029 1965 1084 8.
1999 1029 2153 1086 Vens.
2184 1031 2264 1085 l2.
2313 1027 2346 1048 ¹’
2384 1029 2510 1091 nite,
2544 1027 2662 1094 ﬁlii,
2689 1026 2867 1078 audite
2889 1041 3005 1088 me;
3034 1023 3272 1076 timorem
3307 1018 3410 1072 Do-

1845 1122 1970 1173 mini
2003 1123 2192 1176 docebo
2234 1139 2339 1176 vos.
2367 1119 2617 1175 Benevoli
2655 1116 2897 1186 magistri
2945 1131 3042 1168 vox
3084 1125 3186 1178 est,
3220 1113 3286 1166 ad
3328 1108 3416 1166 di-

1843 1212 2121 1281 sciplittam
2183 1222 2406 1281 paterna
2457 1209 2931 1267 commiseratione
2981 1205 3278 1258 invitantis.
3312 1203 3408 1257 Et-

1842 1305 1983 1358 enim
2023 1302 2318 1373 discipulus
2358 1301 2498 1357 (ilius
2532 1297 2830 1370 spiritualis
2883 1284 2967 1352 est
3011 1294 3272 1362 magistri.
3304 1291 3409 1360 Qui

1844 1395 1983 1448 enim
2011 1395 2079 1446 ab
2119 1394 2294 1462 aliquo
2327 1392 2809 1448 conformationem
2842 1387 3057 1459 pietatis
3083 1385 3326 1456 suscipit,
3359 1383 3407 1437 is

1845 1489 1985 1544 velut
2021 1488 2340 1543 informatur
2387 1489 2452 1542 ab
2505 1488 2644 1555 ipso,
2674 1495 2727 1539 et
2773 1485 3151 1556 compingitur,
3185 1483 3410 1554 perinde

1842 1592 1898 1634 nt
1958 1597 1987 1635 a
2041 1591 2350 1652 praegnante
2408 1579 2671 1645 infantes,
2725 1578 2815 1646 qui
2871 1578 2922 1629 in
2970 1591 3032 1630 ea
3080 1574 3405 1629 formantur.

1842 1674 1996 1729 Unde
2025 1675 2186 1728 etiam
2223 1673 2418 1728 Paulus
2477 1681 2642 1726 totam
2674 1669 2988 1725 Galatarum
3025 1667 3336 1729 Ecclesium,
3375 1681 3404 1720 a

175 1759 332 1812 Ὅθεν
386 1762 480 1814 καὶ
514 1761 722 1823 Παῦλος
755 1760 881 1831 ὅλην
928 1761 1022 1832 τὴν
1064 1761 1384 1833 Ἐκκλησίαν
1421 1762 1527 1815 τῶν
1560 1765 1596 1815 Γ
1601 1763 1732 1816 αλα-

1838 1765 2106 1836 prioribus
2145 1765 2442 1834 disciplinis
2480 1764 2762 1832 dilapsam,
2799 1771 2853 1815 et
2881 1759 3033 1830 151
3071 1757 3221 1825 quasi
3244 1757 3404 1812 abor-

169 1849 294 1912 τῶν,
332 1851 394 1901 ὲκ
419 1850 526 1903 τῶν
558 1851 836 1922 προτέρων
861 1850 1218 1904 διαπεσοῦσαν
1252 1852 1606 1922 μαθημάτων,
1638 1855 1732 1907 καὶ

173 1943 329 1996 οἱονεὶ
348 1943 742 2013 άμϐλωθεῖσαν,
765 1945 923 1996 πάλιν
952 1945 1364 2015 ἀναλαμϐάνων,
1396 1945 1486 1998 καὶ
1514 1947 1732 2018 μορφῶν

174 2034 373 2088 ἄνωθεν
430 2036 487 2087 ὲν
540 2037 719 2099 αὐτοῖς
771 2036 858 2088 τὸν
911 2036 1161 2108 Χριστὸν,
1207 2037 1370 2090 τέκνα
1417 2037 1597 2106 ἔλεγε·
1640 2039 1733 2090 καὶ

171 2123 352 2193 ἐπειδὴ
391 2127 507 2194 μετ’
539 2124 729 2194 ὀδύνης
769 2126 861 2178 καὶ
890 2125 1115 2194 θλίψεως
1149 2126 1380 2179 ἐποιεῖτο
1408 2127 1513 2179 τῶν
1536 2128 1734 2196 ἐσφαλ-

175 2216 344 2286 μένων
401 2217 499 2287 τὴν
537 2215 924 2285 ἐπανόρθωσιν,
969 2216 1178 2270 ὠδίνειν
1212 2217 1360 2285 ἔλεγε
1389 2221 1451 2289 τῇ
1479 2219 1619 2291 ψυχῇ
1647 2219 1733 2273 διὰ

170 2306 263 2374 τὴν
311 2304 402 2357 ἐπὶ
443 2307 553 2366 τοῖς
600 2304 931 2357 ὰποπεσοῦσι
969 2304 1158 2376 λύπην.
1208 2306 1418 2360 Τεκνία
1448 2326 1585 2377 μου,
1626 2309 1733 2372 οὓς

170 2396 353 2449 πάλιν
373 2395 584 2459 ὠδίνω,
614 2395 784 2465 ἄχρις
812 2393 882 2452 οὗ
904 2398 1189 2468 μορφωθῇ
1215 2401 1466 2468 Χριστὸς
1485 2403 1553 2454 ὲν
1573 2401 1727 2470 ὑμῖν.

170 2488 342 2542 Δεῦτε
363 2484 476 2551 οὖν,
501 2487 696 2551 τέκνα,
729 2488 1024 2542 ἀκούσατέ
1037 2508 1176 2558 μου.
1207 2491 1271 2544 Τί
1299 2509 1426 2546 ποτε
1459 2493 1564 2564 ἄρα
1591 2493 1732 2547 διδά-

171 2595 316 2632 σκειν
359 2579 539 2649 μέλλει
588 2581 615 2632 6
666 2581 1029 2650 πνευματικὸς
1070 2581 1225 2652 ήμῶν
1256 2586 1474 2655 πατήρ;
1520 2587 1730 2651 Φόϐον,

171 2673 318 2740 φησι,
355 2673 576 2739 Κυρίου
602 2671 820 2736 διδάξω
833 2671 1007 2742 ὑμᾶς.
1049 2675 1264 2745 Ἐπειδὴ
1293 2677 1404 2729 ἄνω
1435 2677 1732 2748 προσέταξε

170 2760 446 2828 φοϐεῖσθαι
483 2761 572 2813 τὸν
603 2761 827 2832 Κύριον,
861 2763 952 2814 καὶ
997 2763 1058 2816 τὸ
1103 2766 1168 2818 ἐκ
1201 2765 1292 2818 τοῦ
1334 2767 1498 2834 φόϐου
1546 2769 1733 2839 κέρδος

169 2851 461 2916 ὑπέδειξεν,
510 2851 697 2916 εἰπὼν,
746 2853 864 2906 Ὀτι
907 2854 1016 2907 οὐκ
1055 2854 1227 2909 ἐστιν
1264 2858 1566 2929 ὑστέρημα
1609 2860 1732 2927 τοῖς

168 2942 556 3011 φοϐουμένοις
585 2944 788 2996 αὐτόν·
824 2943 918 2998 νῦν
958 2946 1050 2998 καὶ¹
1082 2947 1430 3002 διδασκαλίαν
1479 2951 1600 3004 τινὰ
1636 2951 1728 3006 τοῦ

169 3034 308 3089 θείου
355 3036 518 3104 φόϐου
573 3038 700 3107 ἡμῖν
743 3038 1091 3109 παραδίδωσι.
1129 3042 1200 3094 Τὸ
1231 3043 1326 3112 μὲν
1355 3044 1482 3115 γὰρ,
1521 3047 1601 3098 ὅτι
1627 3045 1730 3118 χρὴ

1839 1859 2000 1911 tivam
2038 1857 2230 1911 iterum
2269 1856 2561 1916 suscitans,
2585 1869 2647 1908 ac
2686 1855 2861 1908 denuo
2898 1855 2948 1904 in
2986 1851 3088 1904 illis
3132 1848 3406 1903 Christum

1837 1949 2094 2011 formans,
2124 1948 2261 2001 ﬁlios
2288 1946 2590 2016 appellabat
2611 1963 2622 1998 :
2643 1954 2696 1999 et
2725 1945 2976 2012 quoniam
3002 1940 3404 2008 collapsoscum

1835 2041 2019 2095 dolore
2064 2050 2117 2095 et
2163 2038 2409 2110 angustia
2442 2037 2794 2100 emendabat,
2827 2035 3016 2101 spiritu
3053 2031 3321 2103 parturire
3348 2042 3410 2084 se

1834 2133 1990 2195 dixit,
2021 2132 2088 2185 ob
2124 2143 2439 2199 conceptam
2469 2130 2534 2184 de
2557 2128 2716 2198 lapsis
2755 2125 3050 2180 tristitiam.
3074 2122 3258 2176 Filioli
3281 2122 3404 2185 mei,

1832 2239 1959 2291 quos
1994 2223 2182 2276 iterum
2221 2226 2477 2290 parturio,
2518 2221 2680 2273 donec
2708 2219 2964 2286 formetur
2995 2217 3048 2269 in
3091 2215 3228 2268 vobis
3250 2212 3408 2267 Citri-

1831 2311 2024 2364 etus“.
2077 2309 2253 2364 Venite
2299 2309 2477 2381 igitur,
2506 2309 2626 2378 ﬁlii,
2650 2309 2829 2361 audite
2859 2324 2958 2361 me.
3006 2305 3143 2372 Quid
3192 2306 3406 2359 tandem

1837 2416 1932 2456 nos
1961 2401 2261 2470 spiritualis
2311 2411 2492 2456 noster
2521 2410 2674 2471 pater
2721 2401 2914 2454 docere
2959 2399 3070 2452 vult
3093 2399 3116 2456 ?
3143 2397 3406 2450 Timorem

1838 2493 2070 2559 Domini,
2101 2493 2295 2560 inquit,
2335 2493 2526 2546 docebo
2557 2509 2665 2547 vos.
2697 2491 2986 2560 Postquam
3028 2489 3406 2559 superiusjus-

1834 2586 1904 2642 sit
1947 2586 2232 2641 Dominum
2293 2587 2518 2653 timere,
2553 2585 2870 2653 lucrnmque
2909 2583 3051 2651 quod
3101 2596 3168 2636 ex
3213 2582 3408 2642 timore

1833 2680 2161 2749 percipitur,
2193 2679 2428 2734 ostendit
2467 2679 2550 2733 bis
2605 2677 2783 2732 verbis
2821 2692 2834 2727 :
2878 2674 3141 2740 Quoniam
3185 2689 3288 2727 non
3330 2681 3406 2726 est

1832 2773 2007 2839 inopia
2058 2771 2353 2825 timentibus
2391 2788 2506 2825 eum
2541 2787 2560 2835 ;
2591 2778 2701 2823 tum
2761 2769 2979 2823 demum
3041 2766 3198 2820 nobis
3242 2765 3408 2819 tradit

1832 2864 2065 2932 aliquam
2094 2863 2258 2917 divini
2293 2863 2501 2917 timoris
2541 2860 2863 2915 doctrinam.
2897 2857 3030 2913 Nam
3078 2859 3218 2926 quod
3253 2867 3406 2913 recte

1830 2956 2009 3010 valere
2039 2963 2306 3024 nporteat,
2333 2953 2622 3024 cujuslibet
2646 2953 2726 3007 vel
2774 2953 2952 3006 idiotae
2991 2950 3149 3004 fuerit
3177 2950 3358 3006 dicere
3387 2968 3402 3004 :

1835 3046 2102 3117 quomodo
2153 3061 2281 3100 vero
2325 3049 2690 3116 comparanda
2742 3045 2949 3101 sanitas
2998 3043 3092 3108 sit,
3128 3042 3256 3098 illud
3291 3042 3404 3112 jam

169 3129 450 3196 ὑγιαίνειν,
483 3129 678 3192 παντός
723 3131 869 3184 ἐστιν
913 3133 1104 3198 εἰπεῖν,
1135 3135 1226 3186 καὶ
1257 3135 1349 3187 τοῦ
1382 3135 1588 3189 ἰδιώτου
1612 3156 1625 3170 ο
1670 3137 1730 3191 τὸ

1838 3139 2104 3210 pr0prium
2133 3147 2218 3194 est
2256 3138 2427 3204 illius,
2465 3138 2556 3208 qui
2586 3146 2757 3191 artem
2794 3137 3056 3190 medicam
3083 3135 3249 3189 novit.
3289 3133 3403 3187 Non

166 3221 242 3282 δὲ,
271 3219 388 3282 πῶς
412 3218 516 3290 χρὴ
555 3219 854 3290 κτήσασθαι
893 3221 989 3292 τὴν
1021 3223 1228 3290 ὑγείαν,
1269 3223 1424 3276 τοῦτο
1457 3225 1586 3279 ἴδιον
1630 3226 1727 3298 ἤδη

165 3309 256 3362 τοῦ
285 3311 384 3381 τὴν
419 3310 666 3380 ἰατρικὴν
687 3311 879 3382 τέχνην
905 3313 1286 3382 ἐπισταμένου.
1322 3316 1396 3368 Ού
1433 3318 1538 3380 πᾶς
1571 3318 1730 3386 φόϐος

166 3403 366 3472 ἀγαθόν
397 3405 509 3456 ἐστι
539 3403 632 3456 καὶ
657 3405 937 3474 σωτήριον,
972 3405 1085 3458 ἀλλ’
1137 3406 1249 3459 ἔστι
1287 3424 1370 3470 τις
1404 3409 1497 3461 καὶ
1539 3409 1730 3482 ἐχθρὸς

170 3496 347 3564 ςὸϐος,
377 3496 435 3549 ὃν
459 3495 754 3566 ἀπεύχεται
777 3500 805 3550 6
824 3499 1112 3571 Προφήτης
1137 3503 1450 3569 ἐγγενέσθαι
1476 3505 1639 3558 αὐτοῦ
1663 3510 1728 3578 τῇ

166 3587 328 3656 ψυχῇ,
367 3586 565 3654 λέγων·
625 3587 754 3639 Ἆπὸ
789 3590 973 3656 φόϐου
1013 3591 1228 3659 ἐχθροῦ
1267 3593 1341 3664 (3)
1375 3595 1588 3658 ἐξελοῦ
1620 3597 1733 3664 τὴν

167 3676 377 3744 ψυχήν
399 3693 539 3744 μου.
585 3676 806 3746 Ἐχθρὸς
835 3679 942 3749 γὰρ
972 3680 1132 3747 φόϐος
1158 3683 1186 3733 ό
1215 3680 1442 3735 θανάτου
1471 3688 1601 3755 ἡμῖν
1625 3686 1731 3739 δει-

167 3767 282 3819 λίαν
308 3767 573 3838 ὲμποιῶν,
603 3769 631 3819 6
665 3768 969 3838 προσώπων
1017 3772 1286 3843 ὑπεροχὰς
1332 3779 1732 3847 καταπτήσσειν

167 3859 312 3927 ἡμᾶς
337 3858 667 3912 ἀναπείθων.
701 3860 824 3922 Πῶς
849 3861 956 3932 γὰρ
989 3865 1016 3914 6
1046 3863 1217 3917 ταῦτα
1238 3864 1568 3936 φοϐούμενος
1587 3868 1733 3939 δυνή-

171 3964 318 3998 σεται
357 3949 414 3999 ὲν
449 3945 626 4016 καιρῷ
660 3949 957 4018 μαρτυρίου
1001 3951 1160 4020 μέχρι
1205 3952 1432 4006 θανάτου
1471 3956 1606 4026 πρὸς
1637 3959 1733 4029 τὴν

169 4041 440 4111 ἁμαρτίαν
469 4040 919 4111 ἀντικαταστῆναι
953 4042 1049 4114 (4),
1081 4045 1172 4096 καὶ
1205 4045 1493 4101 ἀποδοῦναι
1522 4050 1597 4119 τῷ
1623 4052 1732 4104 Κυ-

170 4131 267 4202 ρίῳ
320 4130 421 4201 τὴν
475 4131 714 4201 ὀφειλὴν,
760 4131 838 4201 τῷ
890 4134 1028 4204 ὑπὲρ
1079 4135 1233 4206 ήμῶν
1291 4139 1612 4194 ἀποθανόντι
1642 4145 1734 4196 καὶ

169 4222 480 4294 ἐγερθέντι;
510 4224 618 4275 Καὶ
644 4226 670 4276 6
694 4224 797 4277 ὑπὸ
818 4225 1082 4296 δαιμόνων
1109 4229 1404 4302 εὑπτόητος
1430 4234 1520 4287 τὸν
1547 4234 1735 4306 ἐχθρὸν

169 4316 278 4385 ἔχει
305 4315 470 4385 φόϐον
499 4317 557 4368 ὲν
584 4318 776 4388 ἐαυτῷ.
803 4319 912 4373 Καὶ
934 4320 1089 4384 ὅλως,
1115 4325 1142 4374 6
1169 4325 1406 4389 τοιοῦτος
1431 4329 1592 4397 φόϐος
1612 4331 1736 4382 άπι-

171 4407 321 4470 στίας
370 4406 544 4459 ἔοικεν
600 4407 818 4476 ἔγγονον
872 4405 1012 4464 εἶναι
1060 4413 1248 4477 πάθος.
1283 4415 1475 4482 Οὐδεὶς
1506 4420 1612 4491 γὰρ
1650 4439 1737 4474 πι-

1831 3234 1973 3286 enim
1998 3231 2173 3300 quivis
2213 3232 2371 3284 timor
2401 3232 2574 3284 bonus
2613 3238 2696 3284 est
2724 3238 2817 3282 aut
2859 3225 3135 3289 salutaris,
3185 3225 3294 3280 imo
3323 3234 3406 3278 est

1830 3325 1988 3378 etiam
2019 3323 2237 3392 quidam
2276 3321 2486 3376 hostilis
2515 3323 2694 3385 timor,
2731 3335 2889 3390 quem
2923 3323 3243 3386 deprecatur
3269 3315 3404 3370 Pro-

1831 3418 2008 3485 pheta,
2037 3430 2104 3470 ne
2139 3415 2307 3484 ipsius
2355 3415 2550 3467 anima:
2598 3411 2842 3474 accedat,
2873 3409 3060 3464 dicens
3098 3423 3114 3462 :
3146 3409 3188 3463 Α
3221 3408 3406 3460 timore

1831 3508 2039 3560 inimico
2063 3508 2203 3574 eripe
2230 3505 2458 3559 animam
2490 3503 2742 3557 meum“.
2784 3502 3038 3556 Inimicus
3067 3501 3210 3555 enim
3244 3500 3407 3553 timor

1832 3608 1913 3650 est
1943 3597 2032 3666 qui
2066 3597 2224 3650 nobis
2253 3596 2392 3666 parit
2417 3597 2606 3649 mortis
2638 3605 2858 3659 metum,
2883 3594 3159 3662 nobisque,
3183 3601 3240 3645 ut
3278 3604 3404 3661 per-

1833 3704 2082 3742 sonarum
2130 3689 2419 3758 dignitates
2458 3688 2834 3750 fortnidemus,
2873 3686 3083 3740 suadet.
3120 3683 3406 3750 Quomodo

1833 3782 1970 3834 enim
2009 3781 2101 3848 qui
2149 3781 2334 3834 istltazc
2367 3780 2586 3844 metuit,
2625 3778 2821 3848 poterit
2863 3785 3106 3845 tempore
3157 3773 3408 3845 martyrii

1834 3873 1897 3925 ad
1930 3881 2155 3925 mortem
2184 3885 2354 3940 usque
2389 3881 2612 3939 peccato
2651 3870 2921 3933 resistere,
2960 3883 3022 3922 ac
3053 3866 3293 3921 Domino.
3310 3866 3412 3935 qui.

1835 3978 1929 4031 pro
1955 3961 2107 4016 nobis
2128 3972 2372 4016 mortuus
2398 3971 2554 4017 estet
2592 3963 2908 4025 resurrexit,
2939 3961 3179 4015 debitum
3224 3955 3404 4013 exsol-

1837 4071 1958 4109 vere
1983 4055 2005 4108 ?
2035 4055 2099 4108 Et
2127 4055 2214 4124 qui
2241 4071 2268 4108 a
2310 4056 2640 4110 dzemonibns
2677 4055 2835 4109 facile
2865 4063 3219 4125 perterretur,
3249 4053 3301 4106 in
3344 4066 3404 4106 se

1837 4149 1952 4217 ipso
1978 4147 2252 4202 inimicum
2288 4149 2533 4202 timorem
2565 4149 2742 4201 habet.
2773 4148 2836 4201 Et
2872 4163 2976 4202 uno
3007 4147 3189 4209 verbo,
3224 4145 3406 4214 hujus-

1837 4240 1977 4294 tnodi
2025 4241 2183 4294 timor
2227 4241 2559 4309 perturbatio
2608 4240 2850 4309 quaedam
2904 4254 2971 4292 ex
3030 4236 3405 4292 incredulitate

1838 4341 2092 4400 prognata
2133 4333 2344 4386 videtur
2376 4346 2515 4387 esse.
2558 4330 2726 4385 Nemo
2777 4330 2918 4384 enim
2959 4329 3051 4398 qui
3085 4327 3185 4383 sibi
3215 4327 3406 4382 adesse

1839 4423 2012 4477 credit
2055 4422 2246 4477 fortem
2296 4423 2693 4487 auxiliatorem,
2735 4421 2885 4475 timet
2932 4420 3164 4489 aliquem
3193 4432 3402 4481 eorum,

172 4495 378 4550 στεύων
414 4497 629 4567 ἰσχυρὸν
677 4499 825 4569 αὐτῷ
864 4505 1115 4571 παρεῖναι
1148 4509 1236 4556 τὸν
1271 4479 1467 4577 βοηθὸν
1496 4479 1733 4577 φοϐεῖται

1842 4515 1933 4583 qui
1973 4515 2144 4584 ipsum
2191 4516 2515 4569 conturbare
2556 4521 2838 4567 conantur.
2877 4511 3063 4566 Timor
3086 4521 3263 4563 autem
3309 4509 3408 4579 qui

169 4586 274 4638 ἀπό
301 4604 448 4649 τινος
475 4587 583 4639 τῶν
612 4589 1027 4661 ἐπιχειρούντων
1055 4596 1614 4669 αὑτὸν¹ἐκταράσσειν.
1642 4603 1740 4655 Φό-

172 4679 262 4742 ϐος
294 4681 352 4733 δὲ
389 4683 417 4734 ό
456 4681 740 4751 σωτήριος,
777 4684 868 4735 καὶ
915 4684 1076 4751 φόϐος
1122 4687 1392 4758 ἁγιασμοῦ
1441 4694 1737 4762 ποιητικὸς,

174 4773 331 4840 φόϐος
361 4774 390 4824 6
417 4773 535 4825 κατ’
564 4774 921 4843 ἐπιτήδευσιν,
948 4778 1040 4830 καὶ
1072 4778 1190 4848 οὐχὶ
1227 4781 1366 4834 κατὰ
1394 4784 1559 4848 πάθος
1591 4787 1741 4854 ἐγγι-

172 4865 392 4935 νόμενος
425 4865 491 4932 τῇ
525 4863 690 4935 ψυχῇ,
727 4866 977 4939 ποῖός
1016 4870 1128 4922 ἐστι
1153 4870 1326 4940 βούλει
1362 4874 1737 4947 διηγήσωμαι;

243 5023 286 5054 ⁸³
330 5022 452 5079 Gal.
487 5038 559 5088 tv,
589 5023 671 5080 l9.
750 5025 794 5056 “
817 5025 959 5082 Psal.
988 5043 1120 5086 thu
1145 5070 1159 5095 ,
1189 5031 1240 5087 2.

250 5160 545 5237 (99)_§Ioib.
567 5163 773 5237 primus
801 5166 900 5237 nat
919 5165 1068 5237 δίψῃ.

248 5221 324 5299 (1)
349 5221 482 5285 ’νοιι
504 5221 804 5296 ἐνδιάθετος
838 5235 965 5288 ιιιίΙιί
986 5221 1096 5290 Ἰίδε
1137 5236 1250 5291 loco
1282 5240 1420 5293 idem
1455 5242 1633 5295 valere
1663 5244 1741 5296 vi-

178 5302 518 5381 detnrﬂquod
573 5321 680 5381 vox
713 5304 1007 5381 ἐμπαθὴς]
1053 5309 1294 5381 magistri
1351 5311 1491 5362 intus
1541 5313 1737 5381 aﬂ'ecti,

179 5372 426 5432 iuuantis,
449 5372 699 5427 benevoli.
733 5372 838 5428 Sed
873 5372 1028 5441 paulo
1071 5372 1224 5430 aliter
1272 5382 1435 5432 sentit
1473 5372 1739 5436 Couibeli;

181 5443 313 5522 sius,
333 5443 486 5509 cujus
514 5445 626 5498 haec
647 5455 823 5522 sunt:
868 5444 1167 5522 ἐνδιαθέτου
1189 5447 1556 5522 διδασκάλου,
1587 5455 1736 5520 quasi

179 5509 442 5592 ἐμψύχου,
475 5527 546 5592 eat
569 5515 743 5592 animo
773 5514 1025 5592 loquentis
1062 5519 1294 5585 magistri
1325 5536 1421 5572 vox
1453 5537 1468 5573 :
1504 5509 1700 5576 sincere
1720 5539 1738 5576 :

181 5584 290 5632 sive.
320 5584 504 5642 etiam,
528 5584 694 5649 intus,
729 5590 782 5636 in
811 5586 984 5638 corde.

248 5650 323 5734 (ξ)
345 5651 427 5734 Ita.
449 5667 702 5734 SEXJIISS.
734 5655 870 5734 Editi
903 5671 1030 5710 vero
1056 5658 1423 5730 κυοφορούσης
1465 5661 1532 5714 τά
1562 5662 1734 5734 βρέφη

177 5719 240 5774 τὰ
370 5721 505 5796 αύτῇ
533 5721 987 5796 διαμορφούμενα.

257 5791 333 5862 (3i
370 5792 528 5847 Βεσςιε
571 5808 631 5845 ac
678 5791 806 5849 s'rite
839 5791 1120 5854 annotavit
1160 5799 1511 5856 Conibefisius
1572 5803 1732 5858 inter-

1845 4607 2095 4662 salutaris
2127 4617 2230 4673 est,
2251 4617 2304 4660 et
2324 4607 2482 4661 litnor
2504 4608 2592 4675 qui
2617 4606 2827 4661 confert
2851 4604 3209 4668 sanctitatem,
3242 4601 3404 4656 tintor

1847 4699 1936 4768 qui
1962 4701 2026 4753 de
2057 4701 2341 4766 industria,
2375 4710 2428 4754 et
2469 4717 2572 4754 non
2605 4700 2898 4754 secundum
2929 4695 3263 4752 all'ectionem
3288 4692 3412 4746 ani-.

1851 4808 1937 4846 mo
1966 4794 2180 4858 accidit,
2211 4796 2290 4848 vis
2314 4808 2575 4863 exponam
2603 4793 2776 4862 qualis
2806 4791 2914 4845 sit?
2938 4789 3018 4844 Ad
3050 4786 3262 4856 aliquod
3287 4799 3406 4854 pec-

1849 4892 2025 4938 catum
2069 4884 2266 4952 impelli
2305 4893 2354 4938 te
2403 4899 2523 4938 cum
2553 4883 2773 4950 videris,
2815 4881 3136 4936 horrendum
3187 4875 3314 4931 illud
3351 4887 3404 4930 et

1848 5186 2051 5241 pretem
2104 5185 2340 5228 veterem
2403 5174 2772 5242 imprudenter
2819 5169 3098 5242 Vulgatam
3158 5179 3404 5222 secutum

1849 5238 2038 5305 fuisse,
2099 5261 2195 5299 nec
2231 5246 2419 5312 psalmi
2447 5238 2604 5296 verba
2626 5243 2716 5296 hic
2751 5242 2884 5294 verti
2939 5238 3206 5312 debuisse.
3269 5255 3299 5289 a
3341 5243 3405 5312 tt-

1849 5332 1988 5367 more
2020 5309 2242 5377 inimici,
2276 5315 2389 5376 sed,
2423 5331 2455 5364 η
2491 5315 2673 5366 timore
2702 5313 2935 5364 inimico.
2967 5309 3068 5361 lies
3095 5310 3162 5359 ita
3201 5309 3408 5376 perspi-

1847 5399 1944 5437 cua
1975 5395 2081 5446 est,
2117 5394 2173 5436 ut
2229 5400 2401 5446 netno,
2443 5387 2667 5450 opinor,
2722 5383 2884 5436 homo
2918 5381 3006 5448 qui
3051 5378 3192 5433 hunc
3231 5379 3406 5433 locum

1846 5464 2050 5508 attente
2078 5454 2284 5521 legerit,
2320 5470 2381 5507 ea
2409 5457 2474 5508 de
2509 5470 2566 5507 re
2587 5453 2926 5521 dubitaturos
2958 5450 3049 5503 sit.

1918 5526 1995 5595 (4)
2026 5519 2154 5590 Reg:
2180 5524 2447 5576 secundus
2469 5523 2822 5593 καταστῆναι.
2841 5519 2958 5574 Mox
2982 5535 3110 5574 mss.
3137 5535 3226 5574 sex
3251 5520 3405 5592 ἐγερ-

1847 5593 2014 5652 θέντι.
2044 5595 2179 5648 Editi
2206 5609 2332 5647 vero
2356 5595 2647 5649 ἀναστάντι

1918 5667 1994 5734 (5)
2034 5668 2102 5719 Ita
2135 5675 2365 5733 quatuor
2390 5681 2517 5723 mss.
2548 5682 2668 5721 cum
2723 5662 2958 5719 editione
3001 5660 3161 5715 Basil.
3226 5659 3405 5715 Editio

1845 5751 1968 5793 rem
1998 5737 2063 5791 l‘a
2075 5737 2162 5791 ris.
2189 5735 2391 5798 ὁποῖος.
