4068 6318
598 288 696 345 37!

1938 290 1993 342 S.
2035 285 2281 342 BASlLll
2323 288 2534 343 MAGNI

3782 291 3892 343 37?

596 390 934 454 intolerabile
974 393 1172 449 Christi
1199 394 1453 458 tribunal,
1487 410 1688 465 quaeso,
1718 399 1892 468 cogita
1921 419 1933 455 :
1977 402 2029 455 in
2060 418 2167 471 quo

2290 402 2436 452 Οταν
2470 399 2666 472 μέλλῃς
2692 399 2782 451 ὲπί
2809 416 2928 452 τινα
2950 399 3125 470 ὁρμᾷν
3149 399 3442 470 ἁμαρτίαν,
3469 401 3645 472 ὲννόη
3658 402 3767 453 σόν
3796 421 3887 471 μοι

595 490 847 563 pnesidet
897 488 1110 555 quidem
1142 488 1307 555 judex
1343 491 1395 541 in
1443 489 1550 543 alto
1588 489 1821 558 quodam
1860 500 1912 545 et
1954 495 2165 548 sublimi

602 581 1004 645 throno,omnis
1035 594 1164 633 vero
1188 590 1432 633 creatura
1474 582 1542 635 ob
1572 582 1862 652 gloriosum
1895 585 2008 653 ejus
2046 602 2169 641 eon-

601 681 839 739 spectum
872 672 1298 724 eontremiscens
1324 682 1495 735 astat;
1531 672 1640 727 imo
1670 689 1800 727 vero
1825 674 2059 729 futurum
2089 686 2171 732 est

598 772 661 817 ut
697 761 890 829 singuli
933 762 1281 824 adducamur,
1312 777 1496 817 eorum
1532 779 1649 833 quae
1678 766 1730 817 in
1765 767 1871 818 vita
1905 768 2171 834 egerimus

604 868 830 907 examen
858 854 1109 906 subituri.
1144 855 1341 908 Deinde
1368 856 1437 921 ei,
1474 858 1564 924 qui
1596 858 1760 911 multa
1797 859 1934 911 mala
1964 876 2059 925 per
2092 862 2171 913 vi-

606 956 715 1000 tam
746 949 1155 1015 perpetraverit,
1188 949 1479 1003 horribiles
1502 950 1717 1017 quidam
1758 965 1819 1005 ac
1855 952 2052 1006 morosi
2086 968 2177 1005 an-

607 1039 709 1109 geli
748 1040 1018 1105 assident,
1066 1042 1241 1108 ignem
1295 1056 1359 1094 ex
1410 1042 1581 1094 oeulis
1624 1044 1961 1108 emittentes,
1996 1044 2174 1113 ignem

607 1134 901 1201 spirantes,
957 1146 1175 1203 propter
1217 1137 1382 1188 animi
1425 1136 1791 1201 acerbitatem,
1849 1139 1990 1190 nocti
2028 1138 2173 1192 vultu

608 1226 829 1288 similes,
862 1228 930 1281 ob
970 1226 1121 1281 faciei
1166 1228 1510 1282 tetricitatem
1559 1239 1611 1282 et
1658 1230 1935 1283 hominum
1974 1231 2172 1285 odium.

611 1314 798 1368 Postea
831 1314 1010 1370 animo
1054 1316 1144 1370 tibi
1179 1317 1351 1385 litigas
1386 1318 1695 1372 barathrum
1726 1321 2068 1389 profundum,
2099 1330 2175 1375 te-

612 1409 807 1463 nebras
834 1408 1294 1477 impenetrabiles,
1334 1410 1507 1478 ignem
1556 1406 1855 1480 splendoris
1884 1422 2176 1479 expertem,

2271 494 2446 544 ὲκεῖνο
2474 494 2533 545 τὸ
2569 492 2792 562 φρικτὸν
2822 493 2912 545 καὶ
2950 491 3268 545 ἀνύποιστον
3304 493 3396 545 τοῦ
3423 493 3687 563 Χριστοῦ
3720 494 3884 547 δικα-

2272 585 2510 654 στήριον,
2563 586 2618 636 ὲν
2651 578 2695 651 ᾧ
2735 582 3128 656 προκαθέζεται
3178 583 3274 652 μὲν
3319 586 3409 636 ἐπὶ
3454 586 3668 656 θρόνου
3732 584 3886 649 τινὸς

2274 673 2478 743 ὑψηλοῦ
2502 674 2594 727 καί⁹
2626 674 2931 746 ἐπηρμένου
2962 675 2990 726 6
3018 673 3229 745 κριτὴς,
3262 674 3577 745 παρέστηκε
3613 675 3682 727 δὲ
3720 679 3881 728 πᾶσα

2272 768 2304 836 ἡ
2332 767 2505 828 κτίσις
2528 767 2906 837 ὑποτρέμουσα
2944 767 3041 837 τὴν
3072 766 3386 833 ἐπιφάνειαν
3420 766 3593 818 αὑτοῦ
3634 769 3753 836 τὴν
3791 768 3877 818 ἓν·

2271 854 2450 920 δοξον’
2485 856 2823 927 παράγεσθαι
2866 857 2921 909 δὲ
2956 856 3215 926 μέλλομεν
3254 857 3371 908 καθ’
3404 857 3497 910 ἕνα
3536 860 3632 919 είς
3668 857 3872 920 ἐξέτα-

2277 966 2357 1001 σιν
2401 949 2508 1002 τῶν
2557 949 2896 1018 βεϐιωμένων
2946 950 3095 1018 ἡμῖν.
3141 944 3273 1001 Εἶτα
3306 949 3382 1018 τῷ
3415 949 3589 1001 πολλὰ
3637 950 3871 1021 πονηρὰ

2276 1040 2595 1108 πεποιηκότι
2632 1039 2769 1091 κατὰ
2794 1039 2881 1091 τὸν
2905 1038 3015 1108 βίον
3046 1038 3262 1108 φοϐεροί
3287 1056 3429 1102 τινες
3459 1042 3547 1093 καὶ
3574 1045 3868 1108 κατηφεῖς

2277 1134 2632 1202 παρίστανται
2662 1131 2899 1198 ἄγγελοι,
2932 1131 3041 1201 πῦρ
3072 1129 3375 1199 βλέποντες,
3406 1132 3510 1202 πῦρ
3538 1133 3867 1185 ἀναπνέον-

2276 1240 2385 1285 τες,
2428 1223 2513 1276 διά
2540 1224 2639 1293 τὴν
2685 1222 2905 1290 πικρίαν
2939 1222 3037 1289 τῆς
3064 1224 3450 1293 προαιρέσεως,
3487 1222 3654 1275 νυκτὶ
3686 1221 3865 1273 ἐοικὸ-

2276 1329 2366 1374 τες
2407 1311 2475 1364 τὰ
2502 1312 2782 1381 πρόσωπα,
2833 1310 2920 1363 διὰ
2948 1312 3005 1363 τὸ
3033 1314 3268 1381 κατηφὲς
3306 1314 3398 1365 καὶ
3435 1312 3860 1382 μισάνθρωπον.

2279 1404 2408 1460 Εἶτα
2462 1406 2730 1478 βάραθρον
2772 1404 2927 1475 βαθὺ,
2970 1406 3061 1458 καὶ
3107 1406 3296 1468 σκότος
3327 1405 3721 1470 ἁδιεξόδευτον,
3770 1406 3862 1456 καὶ

613 1501 721 1553 vim
752 1500 966 1569 quidem
1000 1503 1189 1555 urendi
1230 1501 1283 1554 in
1317 1503 1552 1556 tenebris
1592 1498 1895 1571 habéntem,
1924 1503 2017 1558 sed
2066 1503 2181 1556 luce

2290 1498 2389 1568 πῦρ
2414 1498 2658 1568 ἀλαμπὲς
2676 1515 2688 1527 ·
2723 1500 2779 1549 έν
2806 1497 2880 1565 τῷ
2916 1496 3093 1548 σκότει
3114 1499 3211 1567 τὴν
3247 1498 3342 1567 μὲν
3367 1497 3675 1565 καυστικὴν
3700 1496 3864 1546 δύνα-

615 1591 926 1667 destitutum
956 1610 969 1645 :
1006 1591 1235 1646 subinde
1273 1592 1533 1647 vermium
1567 1596 1832 1663 quoddam
1886 1609 2054 1664 genus
2094 1609 2184 1649 ve-

2290 1608 2374 1659 μιν
2397 1590 2536 1659 ἕχον,
2577 1589 2637 1641 τὸ
2665 1588 2720 1640 δὲ
2746 1588 2944 1656 φέγγος
2984 1588 3351 1657 ἀφῃρημένον.
3386 1584 3516 1639 Εἶτα
3546 1586 3858 1653 σκωλήκων

614 1694 872 1736 uenatum
908 1697 972 1735 ac
1005 1682 1368 1747 carnivorum,
1414 1685 1577 1738 edens
1635 1685 2036 1749 insatiabiliter,
2086 1698 2181 1737 nec

2290 1681 2434 1747 γένος
2460 1680 2659 1733 ἰοϐόλον
2697 1680 2789 1731 καὶ
2823 1678 3183 1749 σαρκοφάγον,
3204 1679 3488 1749 ἀπλήστως
3520 1677 3731 1739 ἐσθίον,
3767 1676 3859 1727 καὶ

617 1785 854 1839 unquam
892 1773 1235 1838 exsatiatum,
1270 1773 1635 1830 intolerabiles
1675 1777 1886 1830 dolores
1917 1777 2185 1830 morsibus

2291 1772 2551 1840 μηδέποτε
2595 1772 3005 1840 κορεννύμενον,
3040 1770 3341 1838 ἀφορήτους
3368 1770 3553 1830 ὀδύνας
3582 1766 3857 1836 ἐμποιοῦν

617 1861 917 1915 inducens:
953 1871 1223 1930 postremo
1277 1864 1596 1933 supplicium
1649 1869 1883 1920 omnium
1929 1868 2185 1938 gravissi-

618 1968 789 2021 mum,
821 1954 1080 2023 probrum
1122 1955 1249 2009 illud
1281 1966 1334 2008 et
1362 1957 1593 2012 dedecus
1624 1959 2026 2026 sempiternum.
2062 1960 2184 2015 Haec

618 2044 767 2107 time,
796 2052 851 2097 et
887 2044 992 2097 hoc
1018 2045 1211 2097 timore
1232 2045 1491 2111 eruditus,
1530 2048 1679 2116 quasi
1705 2047 1856 2104 freno
1893 2051 2120 2119 quodam
2155 2067 2181 2103 a

618 2134 800 2202 pravis
832 2134 1281 2201 concupiscentiis
1331 2144 1475 2190 tuam
1520 2139 1708 2194 cohibe
1743 2141 1999 2195 animam.
2032 2140 2185 2195 Hunc

619 2225 830 2280 Domini
859 2225 1103 2280 timorem
1141 2227 1296 2297 152
1346 2229 1637 2284 docturuur
1665 2246 1723 2285 se
1769 2247 1864 2286 nos
1910 2244 2059 2302 pater
2098 2232 2187 2288 ille

619 2320 903 2390 promisit;
963 2336 1068 2375 non
1117 2322 1587 2376 indiscrimiuatim
1622 2323 1836 2391 quidem
1877 2324 2183 2387 docturum,

622 2411 714 2464 sed
749 2425 863 2475 eos,
889 2412 982 2479 qui
1031 2412 1079 2465 ei
1121 2413 1429 2468 auscultare
1474 2414 1697 2480 volunt,
1728 2430 1831 2467 non
1884 2415 1972 2468 diu
2025 2415 2189 2469 colla-

624 2515 769 2569 psos,
815 2502 907 2554 sed
943 2515 1060 2565 eos,
1097 2502 1187 2570 qui
1222 2511 1441 2571 propter
1483 2504 1673 2558 salutis
1722 2503 2046 2559 desiderium
2095 2520 2184 2559 ac-

624 2598 850 2643 currunt
874 2608 886 2643 :
916 2605 1019 2644 non
1050 2600 1321 2646 extraneos
1350 2610 1381 2645 a
1401 2591 1739 2648 Testamentis
1762 2595 1827 2659 “,
1853 2595 1945 2648 sed
1968 2609 2080 2657 eos,
2100 2595 2189 2663 qui

582 2755 586 2759 _
626 2697 692 2735 ex
738 2680 1060 2751 baptismate
1097 2683 1261 2737 verbo
1302 2685 1602 2755 adoptionis
1642 2687 1689 2740 ei
1726 2687 1994 2753 conjuncti
2045 2696 2187 2741 sunt.

624 2773 936 2841 Pu-Opterea,
977 2775 1173 2845 inquit,
1212 2776 1421 2840 venite;
1456 2778 1558 2829 hoc
1582 2784 1681 2839 est,
1721 2793 1815 2845 per
1857 2778 1993 2830 bona
2026 2792 2189 2844 opera

627 2863 1049 2934 appropinquate
1080 2867 1146 2919 ad
1181 2881 1286 2934 me,
1324 2866 1438 2931 lilii,
1470 2866 1615 2936 digni
1647 2867 1813 2921 habiti
1842 2868 1933 2935 qui
1987 2882 2079 2934 per
2114 2882 2193 2920 re-

628 2958 1024 3026 generationem
1060 2958 1152 3012 ﬁlii
1200 2957 1334 3012 lueis
1378 2960 1573 3013 essetis
1597 2959 1661 3013 “.
1693 2959 1908 3023 Audite,
1966 2975 2062 3013 vos
2102 2960 2192 3029 qui

2285 1862 2350 1930 τῇ
2381 1862 2737 1931 καταὸρώσει.
2775 1858 2906 1914 Εἶτα
2938 1862 3033 1931 τὴν
3066 1860 3250 1911 πασῶν
3274 1861 3664 1931 χαλεπωτάτην
3695 1860 3857 1911 κόλα-

2287 1968 2391 2016 σιν,
2425 1952 2514 2003 τὸν
2533 1951 2827 2020 ὀνειδισμὸν
2858 1953 3057 2003 ἐκεῖνον
3083 1950 3174 2002 καὶ
3201 1950 3297 2018 τὴν
3321 1949 3575 2018 αἰσχύνην
3596 1952 3703 2020 τὴν
3729 1949 3859 2002 αἰώ-

2284 2060 2415 2095 νιον.
2444 2042 2625 2093 Ταῦτα
2664 2042 2827 2109 φοϐοῦ
2850 2059 2861 2071 ·
2905 2044 2998 2096 καὶ
3033 2042 3202 2111 τούτῳ
3233 2040 3309 2109 τῷ
3339 2040 3486 2109 φόϐῳ
3527 2042 3857 2111 παιδευόμε-

2285 2153 2392 2199 νος,
2430 2135 2592 2187 οἱονεὶ
2626 2134 2823 2203 χαλινῷ
2852 2154 2955 2188 τινι
2989 2136 3260 2188 ἀνάκοπτε
3292 2134 3385 2202 τὴν
3413 2133 3586 2204 ψυχὴν
3617 2136 3728 2188 ἀπὸ
3758 2135 3855 2202 τῆς

2286 2228 2420 2298 πρὸς
2449 2226 2515 2278 τὰ
2546 2224 2722 2293 φαῦλα
2751 2225 3057 2294 ἐπιθυμίας.
3080 2226 3278 2279 Τοῦτον
3311 2224 3398 2276 τὸν
3426 2224 3585 2291 φόϐον
3625 2226 3721 2277 τοῦ
3754 2227 3858 2276 Ku-

2289 2320 2401 2389 ρίου
2431 2318 2698 2371 διδάσκειν
2725 2318 2868 2386 ἡμᾶς
2893 2319 2921 2369 6
2943 2318 3117 2387 πατὴρ
3146 2316 3529 2387 ἐπηγγείλατο·
3556 2316 3658 2384 οὐχ
3672 2315 3855 2375 ἀτελῶς

2284 2411 2573 2476 διδάσκειν,
2614 2409 2747 2462 ἀλλά
2772 2410 2895 2471 τοὺς
2925 2409 3137 2462 ἀκούειν
3173 2408 3334 2462 αὐτοῦ
3365 2424 3630 2480 προαιρου
3641 2407 3852 2477 μένους’

2288 2500 2348 2550 οὐ
2384 2502 2509 2563 τοὺς
2542 2499 2756 2570 μακρὰν
2791 2499 3163 2560 ἀποπεσόντας
3186 2499 3283 2568 (6),
3323 2498 3455 2551 ἀλλὰ
3478 2500 3600 2561 τοὺς
3646 2497 3712 2548 δι’
3740 2498 3858 2548 ὲπι-

2290 2589 2484 2660 θυμίαν
2518 2592 2608 2643 τοῦ
2640 2589 3317 2660 σωθῆναι-προστρέχοντας
3340 2608 3351 2620 ·
3380 2592 3438 2643 οὐ
3470 2590 3610 2653 τοὺς
3644 2588 3856 2653 ξένους

2290 2682 2407 2736 τῶν
2434 2680 2756 2748 Διαθηκῶν,
2796 2682 2927 2735 ἀλλά
2961 2685 3083 2743 τοὺς
3129 2684 3192 2733 ὲκ
3224 2683 3314 2735 τοῦ
3344 2684 3720 2754 βαπτίσματος
3758 2684 3853 2750 τῆς

2290 2776 2560 2838 υἱοθεσίας
2601 2776 2995 2844 οίκειουμένους
3031 2773 3107 2842 τῷ
3145 2773 3305 2843 λόγῳ.
3356 2776 3451 2826 Διά
3482 2776 3659 2838 τοῦτο,
3702 2776 3851 2844 φησὶ,

2289 2867 2441 2921 δεῦτε
2459 2886 2471 2898 ·
2500 2866 2764 2929 τουτέστι,
2793 2865 2878 2918 διὰ
2900 2864 3003 2916 τῶν
3026 2862 3240 2930 ἀγαθῶν
3266 2863 3439 2932 ἔργων
3466 2864 3719 2929 ὲγγίσατέ
3745 2882 3849 2932 μοι,

2294 2961 2475 3020 τέκνα,
2533 2961 2635 3012 υἱοὶ
2687 2957 2863 3028 φωτὸς
2917 2956 3167 3024 γενέσθαι
3203 2954 3289 3007 διά
3314 2954 3410 3023 τῆς
3444 2954 3852 3021 παλιγγενεσίας

632 3062 791 3099 aures
821 3047 998 3099 cordis
1032 3048 1241 3100 habetis
1276 3057 1520 3117 apertas;
1550 3052 1788 3105 timorem
1814 3050 2022 3104 Domini
2050 3052 2187 3104 doce

2298 3050 2737 3113 καταξιωθέντες.
2797 3050 3107 3113 Ἀκούσατε,
3165 3049 3213 3101 οἱ
3256 3047 3466 3117 ἔχοντες
3510 3045 3579 3098 τὰ
3630 3040 3741 3098 ὦτα
3778 3047 3848 3115 (7)

634 3138 695 3192 bo
744 3154 827 3192 vos
860 3155 878 3202 ;
906 3153 1027 3191 eum
1074 3138 1322 3193 videlicet
1360 3154 1519 3209 quem
1568 3143 1719 3198 vobis
1755 3143 2043 3213 aliquanto.
2069 3152 2195 3197 ante

629 3232 1030 3301 descripsimus.

703 3410 757 3465 9.
794 3410 955 3465 Vens.
987 3410 1071 3463 15.
1103 3408 1231 3475 Quis
1258 3421 1331 3464 est
1354 3411 1508 3465 homo
1534 3412 1620 3481 qui
1647 3410 1751 3465 vult
1780 3411 1956 3474 vitam,
1976 3411 2194 3479 diligens

632 3502 744 3555 dies
772 3502 945 3554 uidere
973 3502 1175 3553 bonos?
1207 3501 1261 3553 Si
1294 3502 1436 3569 quis,
1470 3503 1666 3569 inquit,
1719 3502 1829 3555 vult
1870 3502 2056 3568 vitam,
2090 3520 2194 3557 non

636 3606 977 3645 communem
1010 3591 1172 3657 hanc,
1232 3606 1393 3661 quam
1423 3600 1477 3645 et
1506 3592 1659 3645 bruta
1690 3594 1897 3657 vivunt,
1946 3595 2039 3647 sed
2076 3608 2193 3647 eam

637 3698 757 3753 qua:
790 3698 914 3737 vere
962 3684 1069 3737 vita
1119 3693 1223 3746 est,
1274 3694 1327 3738 et
1363 3692 1536 3737 morte
1574 3698 1677 3737 non
1728 3685 2017 3737 dirimitur.
2049 3686 2197 3740 Nunc

636 3775 803 3838 enim,
825 3774 1016 3841 inquit,
1041 3776 1329 3841 morimini,
1356 3775 1420 3828 Et
1452 3777 1556 3830 vita
1581 3786 1759 3830 nostra
1790 3787 1862 3829 est
1891 3777 2197 3832 abscondita

638 3882 756 3918 cum
788 3863 995 3918 Christo
1023 3866 1075 3917 in
1101 3865 1241 3919 Deo:
1286 3883 1402 3921 cum
1429 3884 1545 3920 vero
1573 3866 1812 3923 Christus
1855 3871 2153 3937 apparuerit
2180 3909 2194 3934 ,

638 3958 741 4008 vita
778 3965 956 4008 nostra
978 3996 994 4022 ,
1032 3964 1153 4009 tunc
1182 3966 1229 4009 et
1259 3972 1347 4010 vos
1379 3958 1693 4025 apparebitis
1729 3974 1842 4009 cum
1862 3959 1973 4022 ipso
2008 3961 2060 4009 in
2090 3959 2198 4026 glo-

640 4048 719 4100 ria
752 4048 816 4102 ".
850 4048 1016 4117 Igitur
1070 4063 1198 4102 vere
1242 4048 1348 4102 vita
1405 4058 1488 4103 est
1523 4048 1791 4111 Christus,
1824 4060 1877 4101 et
1927 4060 2108 4101 nostra
2146 4050 2197 4103 in

642 4141 760 4203 ipso
805 4138 1151 4192 conversatio
1181 4140 1293 4192 vita
1326 4137 1455 4193 vera
1496 4147 1599 4194 est.
1631 4138 1893 4192 Similiter
1927 4148 2103 4191 autem
2146 4146 2199 4192 et

648 4232 764 4284 dies
815 4230 904 4283 alii
945 4240 1070 4284 sunt
1102 4230 1251 4297 boni,
1286 4246 1420 4299 quos
1471 4233 1524 4285 in
1556 4234 1911 4301 promissione
1950 4234 2200 4301 proponit

640 4319 925 4391 Propheta.
946 4322 1073 4387 Quis
1100 4332 1176 4377 est
1202 4328 1356 4377 homo
1382 4325 1469 4394 qui
1500 4324 1605 4377 vult
1633 4326 1807 4385 vitam,
1841 4325 2062 4394 diligens
2090 4326 2199 4378 dies

2295 3145 2394 3212 τῆς
2444 3142 2665 3212 καρδίας
2730 3143 3085 3212 ἀνεῳγμένα·
3138 3143 3327 3194 Φόϐον
3372 3141 3591 3207 Kvpt'ov
3640 3137 3847 3201 διδάξω

2296 3234 2480 3305 ὑμᾶς·
2528 3232 2736 3296 τοῦτον,
2772 3234 2830 3285 ὃν
2868 3236 3043 3305 μικρῷ
3085 3233 3317 3306 πρόσθεν
3359 3234 3385 3284 6
3414 3233 3570 3300 λόγος
3600 3231 3725 3300 ὑμῖν
3756 3232 3851 3282 ὐπ-

2296 3333 2553 3405 έγραψεν.

2366 3428 2416 3480 9.
2468 3422 2559 3490 Τίς
2610 3424 2766 3476 ἐστιν
2819 3420 3121 3486 ἄνθρωπος
3171 3424 3203 3473 ό
3257 3420 3447 3473 θέλων
3487 3419 3672 3482 ζωὴν,
3712 3419 3840 3486 ἀγα.

2299 3514 2428 3567 πῶν
2469 3513 2691 3581 ἡμέρας
2744 3509 2889 3563 ἰδεῖν
2919 3509 3183 3576 ἀγαθάς;
3243 3510 3310 3561 Et
3355 3528 3437 3572 τις
3488 3508 3649 3572 θέλει,
3706 3510 3843 3578 φησι,

2300 3605 2462 3675 ζωὴν,
2498 3604 2557 3656 οὐ
2608 3603 2707 3672 τὴν
2756 3599 2937 3670 κοινὴν
2976 3596 3174 3667 ταύτην
3211 3599 3274 3668 ἢν
3325 3600 3417 3650 καὶ
3449 3600 3515 3651 τὰ
3560 3601 3727 3667 ἄλογα
3766 3599 3844 3669 ζῇ,

2298 3694 2433 3749 ἀλλά
2452 3694 2549 3766 τὴν
2572 3693 2737 3754 ὅντως
2768 3689 2909 3760 ζωὴν
2933 3689 3027 3759 τὴν
3072 3686 3285 3755 θανάτῳ
3318 3686 3390 3754 μὴ
3416 3686 3844 3757 διακοπτομένην.

2298 3788 2409 3841 Νῦν
2442 3786 2569 3858 γὰρ,
2593 3785 2774 3853 φησιν,
2801 3781 3189 3847 ἀποθνήσκετε,
3227 3776 3335 3831 Kal
3368 3779 3404 3843 ἡ
3443 3774 3550 3838 ζωὴ
3580 3775 3743 3844 ἡμῶν
3772 3779 3840 3844 (8)

2299 3879 2614 3948 κέκρυπται
2643 3876 2761 3928 σὺν
2796 3872 2873 3937 τῷ
2899 3870 3128 3939 Χριστῷ
3151 3870 3217 3921 ἐν
3252 3868 3328 3933 τῷ
3352 3865 3499 3932 Θεῷ·
3538 3866 3683 3920 ὅταν
3718 3866 3780 3919 δὲ
3820 3871 3847 3920 d

2298 3970 2547 4038 Χριστός
2618 3962 2956 4035 φανερωθῇ,
3018 3964 3056 4029 ἠ
3125 3960 3234 4027 ζωὴ
3294 3960 3494 4029 ἡμῶν,
3568 3960 3699 4012 τότε
3762 3958 3847 4010 καί

2298 4060 2465 4126 ὑμεῖς
2492 4059 2612 4110 σὺν
2640 4054 2798 4117 αὐτῷ
2828 4052 3322 4122 φανερωθήσεσθε
3361 4053 3429 4104 ὲν
3454 4051 3621 4119 δόξῃ.
3659 4050 3847 4104 Οὐκοῦν

2301 4150 2395 4202 καὶ
2426 4151 2459 4219 ἡ
2488 4147 2651 4217 ὅντως
2682 4143 2792 4213 ζωὴ
2820 4146 2847 4195 6
2876 4142 3125 4212 Χριστὸς,
3157 4142 3250 4193 καὶ
3279 4144 3311 4208 ἡ
3346 4142 3589 4210 ἡμετέρα
3619 4144 3674 4191 ὲν
3706 4142 3841 4209 αὑτῷ

2299 4240 2537 4310 διαγωγὴ
2573 4237 2681 4307 ζωή
2713 4238 2858 4288 ἐστιν
2888 4233 3130 4304 ἀληθινή.
3175 4233 3403 4301 Ὁμοίως
3436 4232 3492 4283 δὲ
3521 4233 3616 4285 καὶ
3646 4234 3699 4284 αἱ
3724 4234 3841 4300 ἡμέ-

2306 4352 2392 4405 ραι
2418 4332 2567 4385 ἄλλαι
2589 4329 2725 4382 είσὶν
2754 4326 2952 4394 ἀγαθαὶ
2978 4365 2991 4388 ,
3020 4325 3085 4388 ἀς
3117 4328 3173 4378 ὲν
3202 4323 3504 4393 ἐπαγγελία
3542 4323 3847 4395 προτίθησιν

640 4413 816 4467 uidere
854 4414 1050 4467 bonos?
1084 4414 1205 4469 Dies
1233 4416 1376 4469 enim
1425 4414 1584 4483 hujus
1625 4416 1829 4481 saeculi,
1874 4417 1996 4469 mali
2026 4425 2151 4471 sunt
2181 4435 2187 4470 :

2299 4428 2326 4479 6
2358 4424 2665 4496 Προφήτης.
2706 4422 2796 4485 Τίς
2840 4421 3008 4473 ἐστιν
3048 4417 3352 4484 ἄνθρωπος
3390 4419 3421 4468 ό
3466 4414 3657 4470 θέλων
3694 4415 3845 4481 ζωὴν,

643 4504 907 4574 siquidem
937 4505 1118 4560 ethoc
1146 4508 1424 4575 saeculum,
1457 4521 1708 4561 mensura
1742 4523 1859 4559 cum
1893 4508 1961 4561 sit
1994 4508 2195 4570 mundi,

642 4600 709 4649 de
740 4612 846 4666 quo
878 4597 1076 4651 dictum
1131 4607 1214 4651 est
1246 4615 1259 4652 :
1304 4598 1532 4652 Mundus
1568 4608 1704 4651 totus
1763 4601 1815 4650 in
1849 4601 2075 4670 maligno
2104 4617 2199 4667 po-

642 4688 778 4740 situs
809 4698 883 4741 est
914 4688 957 4719 "
986 4731 999 4755 ,
1041 4698 1245 4743 natura:
1278 4692 1492 4755 mundi,
1515 4706 1674 4760 quem
1709 4690 1989 4743 dimetitur
2012 4732 2027 4755 ,
2068 4692 2200 4744 assi-

645 4777 885 4833 tnilatur.
920 4778 984 4835 Hi
1012 4791 1191 4835 autem
1221 4782 1333 4836 dies
1366 4793 1545 4851 partes
1580 4792 1707 4836 sunt
1739 4784 1896 4851 hujus
1920 4785 2197 4850 temporis.

646 4872 984 4939 Quapropter
1025 4873 1155 4927 dicit
1202 4873 1538 4942 Apostolus:
1594 4873 1921 4927 Redimentes
1981 4885 2200 4942 tempus,

643 4962 892 5029 quoniam
945 4964 1058 5017 dies
1105 4966 1230 5018 mali
1271 4977 1389 5019 sunt
1445 4966 1510 5018 °°.
1543 4965 1782 5031 Itemque
1810 4964 1971 5020 Jacob
2005 4986 2017 5021 :
2058 4966 2200 5031 Dies,

647 5055 842 5120 inquit,
869 5071 1121 5109 annorum
1151 5074 1377 5111 meorum
1430 5058 1583 5124 pauci
1612 5067 1659 5110 et
1688 5057 1815 5108 mali
1849 5068 1967 5110 sunt
2000 5059 2064 5112 ‘9.
2091 5058 2198 5111 Ita-

721 5191 764 5222 “
797 5188 987 5254 Ephes.
1022 5191 1189 5255 ",12.
1267 5192 1310 5224 ⁸⁵
1343 5192 1359 5244 ι
1390 5190 1579 5245 Thess.
1615 5207 1665 5251 ν,
1704 5191 1757 5244 5.

652 5274 824 5326 xevu,
866 5258 899 5312 9

722 5416 799 5483 (6)
847 5417 991 5481 Τοὺς
1010 5414 1247 5484 μακρὰν
1268 5416 1719 5480 ἀποπεσόντας,
1763 5425 1910 5469 verte
1947 5432 1961 5471 :
2006 5426 2089 5469 eos
2128 5415 2215 5484 qui

652 5488 833 5555 procul
873 5488 1003 5554 lapsi
1038 5498 1177 5539 sunt.
1207 5485 1415 5543 ΜΑῐιΑΝ.

726 5556 801 5624 (7)
832 5556 902 5609 lla
929 5550 1086 5616 Vmss.,
1122 5572 1223 5610 non
1252 5559 1424 5624 pauci.
1458 5557 1595 5611 Edili
1620 5557 1828 5625 ἔχοντες
1852 5550 1987 5609 ὦτα.
2014 5554 2210 5608 Ibidem

655 5628 802 5681 (Zoili.
839 5627 1040 5691 primus
1069 5626 1405 5697 ﬁvstpypéva.

727 5699 799 5768 (8)
826 5696 916 5754 Sic
957 5714 1085 5752 mss.
1122 5695 1357 5753 et'editio
1377 5696 1539 5755 Basil.
1574 5714 1691 5753 cttm
1720 5696 1930 5765 vulgato
1955 5695 2197 5764 Scriptu-

1852 5189 1906 5238 .“
1936 5189 2137 5244 Culoss.
2172 5207 2250 5253 Ill,
2280 5190 2329 5253 5,
2365 5192 2417 5245 4.

2308 4515 2552 4585 ἀγαπῶν
2594 4513 2818 4581 ἡμέρας
2856 4510 3001 4564 ἰδεῖν
3023 4508 3286 4579 (ig-addc;
3332 4509 3394 4559 Αἱ
3429 4507 3537 4576 γὰρ
3560 4507 3655 4559 τοῦ
3679 4507 3846 4568 talum;

2308 4610 2492 4663 τούτου
2521 4607 2721 4677 ἡμέραι
2774 4602 3039 4673 πονηραὶ,
3090 4601 3274 4670 ἐπειδὴ
3318 4600 3410 4651 καὶ
3448 4602 3474 4651 6
3520 4598 3654 4651 αίὼν
3695 4591 3841 4659 οὗτος,

2307 4703 2398 4755 τοῦ
2448 4702 2650 4769 κόσμου
2686 4700 2880 4767 μέτρον
2913 4697 3204 4766 ὑπάρχων,
3245 4696 3370 4763 περὶ
3414 4687 3471 4745 οῦ
3508 4694 3739 4762 εἴρηται,
3776 4695 3843 4745 ὅτι

2320 4794 2370 4845 Ὀ
2388 4795 2611 4860 κόσμος
2635 4790 2777 4853 ὅλος
2802 4788 2869 4839 ἐν
2888 4785 2967 4852 τῷ
2995 4782 3233 4852 πονηρῷ
3251 4784 3451 4843 κεῖται,
3479 4781 3817 4853 συναφομοιοῦ

2307 4901 2395 4936 ται
2427 4884 2491 4951 τῇ
2542 4881 2697 4949 φύσει
2725 4877 2818 4931 τοῦ
2853 4878 3053 4946 κόσμου
3080 4876 3137 4928 ὃν
3161 4877 3431 4946 ὲκμετρεῖ.
3476 4875 3633 4945 Μέρη
3677 4876 3728 4927 δὲ
3767 4873 3841 4926 τοῦ

2311 4971 2500 5041 χρόνου
2541 4970 2727 5021 τούτου
2767 4969 2822 5022 αἱ
2870 4967 3071 5037 ἡμέραι
3106 4959 3284 5017 αῦται.
3334 4965 3428 5017 Διά
3460 4965 3616 5016 τοῦτό
3651 4964 3842 5030 φησινό

2319 5058 2663 5119 Ἀπόστολος’
2709 5054 3211 5125 Ἐξαγοραζόμενοι
3256 5054 3362 5105 τὸν
3410 5052 3640 5118 καιρὸν,
3682 5051 3759 5102 δτι
3795 5054 3842 5103 al

2521 5189 2563 5220 ⁸⁷
2602 5187 2793 5241 lJoau.
2835 5203 2889 5252 v,
2916 5186 3002 5241 l9.
3117 5184 3160 5214 ⁸³
3187 5183 3385 5253 Ephes.
3417 5198 3467 5249 v,
3495 5181 3579 5234 16.
3661 5181 3701 5213 “
3731 5180 3841 5236 Gen.

2323 5432 2393 5468 rm
2418 5426 2581 5469 textu.
2615 5413 2788 5468 Editio
2819 5412 2991 5467 Paris.
3053 5409 3164 5482 ζωὴ
3195 5410 3369 5481 ὑμῶν.
3420 5406 3514 5482 illa
3548 5421 3667 5473 qua
3714 5405 3843 5482 paulo

2321 5487 2457 5538 infra
2489 5487 2761 5553 leguntur,
2800 5485 2918 5537 τότε
2942 5482 3035 5535 καὶ
3066 5474 3348 5552 ὑμεῖς’σὺν
3379 5477 3525 5547 αὐτῷ
3562 5474 3843 5553 φανερωθήτ

2321 5556 2477 5608 σεσθε
2512 5545 2568 5608 ἐν
2606 5545 2756 5626 δόξῃ,
2787 5556 2981 5628 desunt
3008 5545 3221 5628 quidem
3266 5553 3318 5603 in
3347 5545 3744 5628 qnatuurmss"
3765 5545 3841 5601 sed

2320 5629 2660 5697 reperiuntur
2704 5620 2769 5682 "in
2808 5625 2924 5681 aliis
2954 5623 3174 5693 perinde
3195 5632 3354 5690 atque
3386 5620 3436 5675 in
3465 5620 3641 5674 editis.
