4068 6318
178 333 304 391 375
1309 342 1593 396 HOMILIA
1632 343 1698 397 IN
1740 346 2070 403 PSALMUM
2110 353 2340 408 XXXIII.
3300 365 3404 417 574

179 459 408 529 ἡμέραι
437 461 690 526 πονηραί
713 464 848 515 εισι.
882 463 990 514 Καὶ
1015 465 1042 514 6
1083 461 1275 516 Ἰακὼϐ
1303 463 1358 515 δὲ
1394 464 1490 534 (9),
1523 472 1589 518 At
1623 466 1758 532 ἠμέ-

1805 476 1832 530 λ
1865 482 1967 536 que
1997 484 2136 522 nunc
2159 469 2210 522 in
2244 473 2351 524 vita
2393 487 2496 524 non
2526 487 2733 538 sumus,
2767 474 2860 528 sed
2905 475 2957 526 in
2989 485 3176 528 morte.
3212 474 3411 530 Idcirco

178 565 314 616 ραι,
353 548 506 616 φησὶ,
530 547 643 603 τῶν
663 551 810 604 ἑτῶν
824 569 943 619 μου
967 554 1168 621 μικραὶ
1195 553 1290 605 καὶ
1315 556 1589 622 πονηραί.
1621 556 1760 610 Οὐκ-

1865 561 2028 614 etiam
2058 561 2251 614 orabat
2279 565 2588 629 Apostolus,
2618 565 2802 618 dicens
2832 585 2844 619 :
2903 567 3032 632 Quis
3079 582 3155 620 nte
3177 567 3413 620 liberabit

183 637 293 692 οὖν
360 637 453 693 νῦν
504 641 601 711 μὲν
634 643 732 694 οὐκ
767 643 930 712 ἐσμὲν
966 644 1024 696 ὲν
1079 645 1220 714 ζωῇ,
1269 645 1382 698 ἀλλ’
1423 648 1480 698 ὲν
1524 647 1754 720 Θανάτῳ.

1862 659 1927 705 de
1960 669 2179 721 corpore
2203 656 2383 706 mortis
2408 657 2564 726 hujus
2588 657 2675 709 ὀἳ
2700 656 2816 708 Alia
2838 669 3011 711 autem
3039 658 3280 726 quaedam
3310 658 3416 710 vita

182 727 288 778 Διὸ
315 730 410 783 καὶ
439 729 637 800 ηὔχετο
656 732 685 782 6
713 731 1048 799 Ἀπόστολος,
1073 735 1275 802 λέγων·
1314 737 1406 800 Τίς
1419 753 1497 805 με
1512 738 1760 802 ῥύσεται

1861 751 1967 808 est,
1995 746 2061 797 ad
2091 758 2252 811 quam
2279 754 2468 796 vocant
2495 763 2591 800 nos
2627 747 2813 801 istltmc
2837 747 3031 810 verba;
3057 757 3110 800 et
3140 760 3283 800 nunc
3307 746 3419 813 qui-

180 813 262 867 ὲκ
310 820 415 872 τοῦ
458 816 728 886 σώματος
771 822 875 876 τοῦ
910 824 1163 877 θανάτου
1199 825 1446 888 τούτου;
1496 826 1658 900 Ἀλλη
1703 831 1759 882 δέ

1861 831 1980 884 dem
2038 833 2152 886 dies
2213 834 2381 886 nostri
2425 835 2546 885 mali
2582 846 2738 902 sunt,
2765 835 2852 890 alii
2879 849 3007 888 vero
3036 837 3251 903 quidam
3294 844 3419 889 sunt

182 907 280 969 τίς
306 911 419 960 ὲστι
448 907 581 980 ζωὴ,
622 913 755 987 πρὸς
788 915 856 986 ἢν
895 917 1046 969 καλεῖ
1079 918 1223 986 ἡμᾶς
1260 920 1287 971 6
1318 919 1471 985 λόγος
1491 935 1504 948 ⁶
1541 921 1633 972 καὶ
1665 921 1760 974 νῦν

1862 924 2009 988 boni,
2050 939 2184 993 quos
2208 940 2309 977 nox
2343 939 2448 978 non
2491 925 2779 978 intercidit.
2804 928 2917 982 Erit
2940 927 3082 981 enim
3107 927 3246 982 Deus
3275 927 3419 996 ipso-

186 998 298 1067 μὲν
339 999 392 1049 αἱ
436 1001 634 1073 ήμέραι
666 1005 820 1075 ήμῶν
865 1006 1118 1076 πονηραὶ,
1156 1008 1308 1062 ἄλλαι
1348 1008 1404 1062 δέ
1443 1011 1583 1073 τινές
1625 1014 1759 1065 είσιν

1864 1031 1978 1069 rum
2009 1017 2096 1070 lux
2127 1017 2476 1084 sempiterna,
2509 1030 2601 1070 eos
2629 1017 2812 1085 gloriae
2836 1034 2945 1074 suae
2974 1020 3090 1074 luce
3120 1017 3412 1072 illustrans.

181 1088 418 1156 ἀγαθαὶ,
454 1092 517 1156 ἃς
543 1094 639 1158 νὺξ
685 1097 745 1146 οὐ
787 1095 1097 1151 διακόπτει·
1140 1099 1290 1151 ἔσται
1323 1100 1428 1170 γὰρ
1453 1102 1481 1152 6
1506 1100 1635 1165 Θεὸς
1664 1102 1760 1154 αὑ-

1864 1104 1939 1158 Νο
1967 1107 2129 1176 igitur
2162 1121 2283 1160 cum
2327 1107 2562 1160 audieris
2608 1105 2723 1160 dies
2766 1105 2957 1166 bonos,
2997 1114 3316 1172 praesentem
3343 1104 3417 1158 is-

182 1178 307 1233 τῶν
332 1182 443 1251 φῶς
471 1184 683 1236 αἰώνιον
704 1225 717 1246 ,
751 1186 1117 1258 καταλάμπων
1155 1189 1324 1254 αὑτὰς
1371 1191 1448 1263 τῷ
1478 1195 1615 1262 φωτὶ
1660 1194 1757 1264 τῆς

1863 1210 1969 1251 tam
1997 1200 2158 1252 vitam
2183 1199 2465 1253 existimes
2490 1199 2581 1252 tibi
2616 1197 2920 1267 proponiin
2945 1198 3412 1266 promissionibus.

185 1272 391 1327 ἑαυτοῦ
418 1275 593 1344 δόξης.
631 1276 720 1346 Μὴ
748 1279 943 1344 τοίνυν,
975 1281 1103 1334 ὅταν
1126 1282 1364 1357 ἀκούσῃς
1382 1285 1606 1357 ἡμερῶν
1625 1287 1760 1352 ἀγα-

1865 1289 1996 1343 Nam
2022 1305 2156 1357 quos
2185 1292 2300 1345 dies
2318 1289 2396 1344 sol
2423 1287 2694 1343 sensibilis
2723 1289 2947 1358 peragit,
2985 1289 3019 1340 ii
3045 1296 3167 1340 sunt
3191 1290 3414 1344 caduci:

186 1366 329 1427 θῶν,
363 1366 458 1436 τὴν
495 1367 724 1448 ἐνταῦθα
765 1389 846 1426 σοι
881 1374 1106 1446 νομίσῃς
1156 1376 1299 1446 ζωὴν
1328 1379 1383 1428 ὲν
1413 1378 1759 1445 ἐπαγγελίαις

1861 1381 1995 1435 nihil
2032 1390 2210 1434 autem
2240 1382 2501 1436 caducum
2549 1381 2744 1451 poterit
2784 1394 2903 1434 esse
2955 1380 3280 1433 conveniens
3323 1382 3417 1434 do-

186 1456 538 1527 προκεῖσθαι.
577 1461 816 1534 Φθαρταὶ
848 1467 954 1535 γάρ
976 1470 1111 1520 είσιν
1143 1462 1324 1528 αὗται,
1360 1466 1424 1528 ἀς
1448 1469 1476 1519 6
1509 1468 1760 1536 αίσθητὺς

1860 1490 1986 1526 num
2017 1473 2382 1540 cormplionis
2417 1473 2640 1540 experti.
2673 1470 2882 1525 Etenim
2933 1472 2976 1523 si
3020 1470 3194 1523 anima
3229 1484 3417 1524 corru-

184 1547 348 1617 ἥλιος
384 1550 778 1620 ἀπεργάζεται·
825 1559 972 1610 οὐδὲν
1026 1558 1083 1610 δὲ
1138 1557 1372 1628 φθαρτὸν
1419 1557 1760 1630 ἁρμοζόντως

1860 1566 2025 1635 ptioni
2086 1577 2427 1632 nequaquam
2473 1560 2704 1615 obnoxia
2750 1569 2867 1623 est,
2909 1574 3008 1612 nec
3036 1560 3197 1612 etiam
3235 1571 3420 1611 corru-

185 1642 260 1697 ἂν
289 1645 458 1717 δῶρον
485 1649 692 1714 γένοιτο
727 1647 804 1716 τῷ
850 1647 1128 1717 ἀφθάρτῳ.
1177 1648 1239 1700 Εί
1281 1649 1386 1720 γάρ
1421 1648 1693 1721 ἄφθαρτος
1725 1650 1756 1720 ἡ

1859 1656 2028 1725 ptioui
2067 1653 2299 1707 obnoxia
2332 1652 2534 1704 fuerint
2570 1651 2735 1717 ipsius
2768 1651 2924 1704 dona.
2968 1647 3211 1702 Prwterit
3241 1657 3415 1700 autem

182 1735 361 1807 ψυχὴ,
392 1740 640 1810 ἄφθαρτα
665 1739 829 1810 αὐτῆς
870 1740 961 1791 καὶ
996 1738 1064 1792 τὰ
1090 1741 1420 1810 χαρίσματα.
1471 1742 1579 1794 Καὶ
1606 1745 1757 1808 Παρ-

1813 1815 1821 1817 ν
1859 1749 2031 1817 ﬁgura
2061 1747 2217 1816 hujus
2254 1746 2438 1798 mundi
2473 1745 2539 1797 '".
2576 1741 2724 1809 Quod
2764 1742 2806 1794 si
2843 1741 2927 1795 lex
2961 1741 3205 1796 umbram
3257 1741 3419 1795 habet

186 1826 328 1894 ἄγει
374 1828 440 1879 τὸ
486 1827 694 1897 σχῆμα
740 1829 844 1882 τοῦ
889 1830 1117 1897 κόσμου
1141 1830 1370 1881 τούτου.
1404 1830 1464 1880 Εἰ
1507 1830 1563 1880 δὲ
1604 1815 1792 1882 σκιὰνε

1813 1815 1830 1864 ³
1860 1813 2161 1890 Iuturorurn
2208 1838 2467 1890 bonorum
2491 1835 2539 1878 π’
2561 1875 2576 1899 ,
2605 1833 2825 1904 eliiugas
2855 1831 3014 1885 velim
3049 1831 3228 1885 animo
3279 1831 3419 1885 Sab-

183 1916 308 1984 ἔχει
337 1919 364 1970 6
393 1918 554 1988 νόμος
583 1918 690 1971 τῶν
734 1918 1031 1990 μελλόντων
1069 1918 1285 1986 ἀγαθῶν
1307 1958 1323 1982 ,
1365 1919 1474 1971 νόει
1521 1918 1609 1988 μοί
1639 1935 1757 1971 τινα

1859 1929 1977 1982 bata
2016 1929 2256 1995 quaedam
2307 1928 2560 1994 jucunda,
2617 1935 2825 1989 sancta,
2866 1939 2931 1977 ex
2980 1923 3195 1976 aeternis
3229 1921 3417 1976 diebus

185 2004 447 2060 Σάϐϐατα
475 2007 716 2079 τρυφερά
737 2049 751 2072 ,
789 2007 919 2076 ἅγια
940 2047 953 2074 ,
984 2009 1047 2062 ὲκ
1088 2008 1195 2061 τῶν
1239 2008 1469 2061 αἰωνίων
1513 2006 1756 2077 ἡμερῶν,

1860 2019 2112 2084 conﬂata,
2146 2029 2430 2071 nascentes
2456 2018 2630 2080 lunas,
2662 2019 2792 2070 festa
2830 2037 2844 2072 :
2879 2017 2973 2070 sed
3019 2014 3255 2080 intellige
3300 2014 3372 2066 ita
3400 2050 3415 2077 ,

183 2099 504 2169 νεομηνίας,
549 2102 770 2172 ἑορτάςο
806 2101 900 2154 καὶ
938 2101 1044 2155 νόει
1072 2119 1161 2172 μοι
1202 2101 1364 2166 ἀξίως
1397 2099 1489 2154 τοῦ
1525 2115 1760 2168 πνευμα-

1861 2120 1916 2164 ut
1947 2110 2116 2178 legem
2142 2107 2475 2177 spiritualem
2502 2108 2674 2160 decet.
2701 2105 2886 2175 (Vnus.
2921 2103 3031 2172 II.)
3069 2101 3294 2155 Prohibe
3317 2102 3418 2155 lin-

184 2190 349 2243 τικοῦ
382 2193 568 2261 νόμου.
613 2194 859 2247 Παῦσον
893 2193 1006 2259 τὴν
1042 2192 1329 2262 γλῶσσάν
1359 2207 1471 2246 σου
1507 2190 1625 2246 ἀπὸ
1653 2208 1757 2244 κα-

1858 2219 2013 2272 guunt
2044 2213 2186 2254 tuam
2213 2217 2243 2252 a
2267 2199 2427 2262 malo,
2448 2209 2494 2252 et
2526 2199 2667 2251 labia
2687 2207 2777 2251 tua
2812 2211 2875 2249 ne
2904 2195 3188 2264 loquantur
3215 2194 3413 2246 dolum.

187 2281 329 2346 κοῦ,
372 2283 467 2335 καὶ
508 2285 681 2352 χείλη
717 2299 833 2338 σου
878 2285 983 2338 τοῦ
1021 2285 1106 2352 μὴ
1141 2282 1403 2350 λαλῆσαι
1445 2283 1646 2336 δόλον.
1696 2285 1756 2335 Εἰ

1860 2295 1914 2349 Si
1942 2296 2019 2348 vis
2053 2294 2104 2347 in
2141 2291 2329 2346 diebus
2357 2304 2478 2344 esse
2509 2290 2681 2350 bonis,
2708 2290 2751 2341 si
2779 2288 2956 2357 diligis
2989 2286 3174 2352 vitam,
3217 2299 3417 2355 praece-

182 2372 374 2440 -βούλει
413 2376 469 2426 ἐν
515 2377 636 2438 ταῖς
672 2376 903 2447 ἡμέραις
947 2376 1195 2443 γενέσθαι
1241 2378 1357 2437 ταῖς
1407 2374 1669 2442 ἀγαθαῖς,
1709 2375 1756 2424 εἰ

1859 2396 2004 2453 ptum
2029 2386 2151 2439 vitae
2171 2383 2389 2451 perﬁce.
2417 2380 2520 2445 Qui
2543 2380 2708 2442 enim,
2741 2378 2948 2446 inquit,
2967 2379 3136 2446 diligit
3162 2394 3262 2441 me,
3281 2393 3417 2443 pra:—

183 2463 411 2534 ἀγαπᾷς
427 2463 523 2533 τὴν
543 2464 706 2535 ζωὴν,
734 2467 955 2539 ποίησον
975 2467 1073 2536 τὴν
1101 2465 1318 2537 ἐντολὴν
1338 2465 1434 2534 τῆς
1455 2464 1598 2534 ζωῆς
1624 2462 1752 2534 (10).

1857 2484 2002 2542 cepta
2052 2490 2165 2526 mea
2218 2474 2437 2526 servabit
2475 2472 2540 2524 ⁷³.
2576 2470 2813 2524 Primum
2862 2477 3041 2520 autem
3095 2475 3413 2535 praeceptum

198 2555 257 2606 '0
321 2557 423 2627 γάρ
465 2558 710 2627 ἀγαπῶν
765 2576 841 2628 με
865 2600 879 2623 ,
947 2559 1118 2631 φησὶ,
1171 2557 1276 2622 τὰς
1311 2554 1583 2620 -έντολάς
1638 2571 1757 2623 μου

1855 2576 1955 2628 est,
2001 2565 2287 2635 prohibere
2332 2564 2564 2632 linguam
2596 2577 2624 2615 a
2650 2562 2810 2623 malo,
2841 2571 2893 2614 et
2917 2559 3080 2624 labia,
3107 2573 3172 2616 ne
3200 2559 3417 2626 loquan-

183 2646 457 2713 τηρήσει.
490 2649 685 2720 Πρώτη
719 2650 774 2702 δὲ
806 2651 991 2720 ἐντολὴ
1023 2651 1080 2703 τὸ
1103 2690 1116 2712 ,
1147 2649 1349 2701 παῦσαι
1388 2648 1483 2718 τὴν
1511 2647 1756 2715 γλῶσσαν

1857 2667 1944 2712 tur
1977 2657 2178 2710 dolum.
2241 2655 2526 2710 Peccatum
2573 2655 2715 2708 enim
2757 2655 2898 2722 quod
2935 2667 3029 2720 per
3054 2651 3285 2718 linguam
3319 2649 3415 2701 ad-

183 2735 301 2789 ἀπὸ
329 2739 521 2801 κακοῦ,
552 2742 646 2792 καὶ
689 2740 838 2810 χείλη
871 2739 964 2792 τοῦ
998 2740 1070 2810 μὴ
1103 2739 1328 2808 λαλῆσαι
1360 2738 1524 2790 δόλον.
1569 2737 1755 2807 Σχεδὸν

1856 2750 2106 2814 mittitur,
2159 2749 2398 2803 omnium
2447 2748 2559 2802 fere
2591 2745 3070 2800 familiarissimum
3105 2752 3207 2808 est,
3252 2751 3415 2812 atque

185 2825 358 2897 γὰρὴ
393 2831 784 2900 προχειροτάτη
817 2831 912 2882 καὶ
951 2829 1284 2900 πολύτροπος
1314 2825 1554 2896 ἁμαρτία
1595 2828 1627 2894 ή
1670 2825 1756 2878 διὰ

1857 2841 2205 2910 multiplicem
2236 2839 2465 2894 formam
2512 2838 2692 2892 habet.
2732 2837 2905 2890 Iratus
2950 2836 3056 2889 es?
3088 2837 3197 2903 jam
3231 2834 3414 2903 lingua

183 2918 442 2991 γλώσσης
507 2922 656 2975 ἐστὶν
721 2921 1106 2993 ἐνεργουμένη.
1188 2918 1505 2990 Ὠργίσθηςς
1571 2917 1664 2970 καὶ
1723 2920 1756 2987 ἡ

1857 2933 2158 2999 ρτωοιιηίι.
2207 2928 2597 3000 Concupiscis?
2625 2929 2788 2982 etiam
2825 2935 2949 2979 ante
2974 2926 3153 2978 omnia
3179 2924 3414 2991 linguam

183 3012 408 3075 γλῶσσα
432 3013 738 3086 προτρέχει.
778 3015 864 3068 Ἔν
887 3013 1202 3083 ἐπιθυμίαις
1223 3007 1273 3065 εἶ
1297 3028 1312 3077 ;
1344 3011 1436 3064 καὶ
1462 3010 1558 3080 τὴν
1585 3007 1758 3076 γλῶσ-

1857 3021 2021 3077 habes
2047 3025 2194 3090 quasi
2228 3023 2512 3092 quamdam
2539 3020 2712 3075 lenam
2737 3029 2792 3072 et
2814 3016 3255 3079 conciliatricem,
3286 3025 3411 3084 pee-

187 3119 290 3157 σαν
335 3105 476 3174 ἔχεις
517 3106 621 3176 πρὸ
667 3107 882 3160 πάντων
937 3105 1095 3160 οἱονεί
1133 3122 1253 3157 τινα
1291 3100 1616 3172 μαστρωπὸν
1665 3100 1793 3200 καὶ⁴

1799 3147 1825 3205 3
1857 3115 1961 3164 cati
2002 3111 2156 3181 153
2186 3111 2526 3181 adiutricem,
2562 3125 2625 3163 ac
2651 3109 2935 3163 verborum
2976 3105 3244 3161 lenocinio
3280 3121 3405 3173 prc-

187 3198 536 3267 προαγωγὸν,
588 3196 1207 3269 συγκαταπρασσομένην
1239 3197 1305 3265 τῇ
1335 3191 1596 3262 ἁμαρτία,
1626 3189 1756 3243 καθ·
1785 3189 1793 3200 ’

1802 3189 1825 3205 ³
1856 3201 2033 3254 ximos
2076 3201 2482 3254 subducentem.
2519 3198 2656 3265 Quin
2709 3198 2872 3252 etiam
2917 3197 3094 3266 lingua
3136 3210 3408 3249 armorum

185 3287 621 3358 υποκρινομένην
678 3287 790 3356 (Il)
855 3287 980 3349 τοὺς
1025 3284 1267 3355 πλησίον.
1321 3283 1428 3336 Καὶ
1469 3279 1629 3334 ὅπλον
1675 3296 1754 3332 σοι

1855 3291 1972 3345 loco
2006 3291 2098 3345 tibi
2123 3301 2207 3344 est
2239 3289 2303 3343 ad
2337 3290 2708 3356 iniquitatem,
2741 3304 2861 3342 cum
2891 3302 2956 3340 ex
2991 3286 3154 3340 corde
3199 3300 3303 3339 non
3333 3285 3410 3338 lo—

188 3378 330 3448 πρὸς
372 3377 470 3448 τὴν
510 3379 722 3432 ἀδικίαν
756 3382 789 3450 ή
838 3379 1082 3448 γλῶσσα,
1137 3376 1210 3448 μὴ
1268 3374 1338 3428 τά
1384 3374 1491 3428 ἀπὸ
1532 3371 1756 3443 καρδίας

1855 3383 2059 3451 quitur,
2086 3381 2181 3435 sed
2225 3380 2566 3434 fraudulenta
2603 3380 2869 3448 proponit.
2905 3377 2969 3430 Et
2992 3376 3121 3445 quid
3167 3389 3302 3444 Opus
3332 3386 3414 3431 est

184 3470 558 3541 φθεγγομένη,
585 3470 718 3523 ἀλλά
759 3471 826 3522 τά
853 3470 986 3541 πρὸς
1011 3469 1223 3538 ἀπάτην
1249 3467 1614 3537 προφέρουσα.
1647 3464 1756 3514 Καὶ

1852 3475 2031 3529 verbis
2054 3473 2299 3544 persequi
2337 3473 2516 3526 omnia
2547 3472 2740 3540 lingua:
2782 3470 3044 3538 peccata?
3075 3466 3198 3521 Vita
3230 3477 3410 3521 nostra

182 3560 238 3612 τί
285 3561 366 3612 δεῖ
399 3563 571 3613 πάντα
599 3561 678 3631 τῷ
725 3560 864 3630 λόγῳ
914 3559 1182 3625 ἐπεξιέναι
1232 3557 1339 3609 τῶν
1379 3555 1465 3606 διὰ
1510 3553 1755 3621 γλώσσης

1855 3564 2050 3618 referta
2079 3577 2162 3619 est
2185 3565 2380 3633 linguae
2409 3563 2639 3618 delictis.
2673 3561 2846 3617 Verba
2877 3563 3134 3622 obscena,
3165 3557 3409 3612 scurrili-

183 3649 685 3720 ἀμαρτανομένων;
738 3649 1096 3718 Πεπλήρωται
1125 3644 1278 3716 ἡμῶν
1310 3644 1338 3694 6
1368 3642 1480 3712 βίος
1512 3639 1619 3691 τῶν
1649 3637 1756 3689 ἀπὸ

1856 3663 1954 3712 tas.
1985 3653 2398 3722 stultiloquium,
2447 3651 2548 3706 alia
2584 3668 2684 3706 non
2717 3651 3112 3714 convenientia,
3144 3648 3411 3702 obtrecta-

183 3735 440 3806 γλώσσης
478 3738 831 3824 πταισμάτων
882 3737 1013 3807 (l2).
1066 3733 1444 3806 Αίσχρολογία,
1494 3730 1756 3799 εὐτραπε-

1856 3747 2048 3811 tiones,
2089 3747 2293 3801 otiosus
2347 3760 2547 3810 sermo,
2602 3744 2859 3816 periuria,
2901 3744 3035 3798 falsa
3081 3746 3406 3811 testimonia,

186 3825 302 3891 λίαν
349 3819 672 3900 μωρολογία,
716 3829 784 3883 τά
817 3829 915 3882 οὐκ
959 3830 1247 3899 ἀνήκοντα,
1291 3821 1626 3884 καταλαλιαί,
1663 3819 1753 3870 λό-

1851 3839 2029 3892 omnia
2071 3837 2184 3892 haec
2226 3837 2389 3902 mala,
2436 3847 2490 3890 et
2532 3836 2616 3890 his
2647 3838 2825 3890 adhuc
2855 3835 3028 3903 plura,
3055 3836 3250 3908 lingua:
3285 3846 3410 3891 sunt

184 3930 286 3982 γος
333 3918 517 3985 ἀργὸς,
569 3921 843 3991 ἐπιορκίαι
882 3913 1529 3991 (15),ψευδομαρτυρίαι,
1580 3909 1756 3961 πάντα

1851 3929 2084 3999 opiﬁcia.
2108 3929 2209 3994 Qui
2235 3943 2363 3982 vero
2393 3927 2655 3982 adversus
2686 3927 2775 3980 Dei
2802 3927 3027 3998 gloriam
3052 3943 3113 3982 os
3141 3929 3406 3996 aperiunt,

185 4006 364 4060 ταῦτα
395 4007 463 4060 τὰ
492 4012 656 4074 κακά,
700 4013 794 4065 καὶ
828 4013 907 4066 ἔτι
935 4012 1102 4064 πλείω
1127 4008 1346 4071 τούτων,
1375 4005 1473 4075 τῆς
1506 3999 1754 4070 γλώσσης

1853 4030 1903 4074 et
1940 4020 2279 4087 iniquitatem
2309 4018 2360 4071 in
2393 4018 2662 4073 excelsum
2688 4018 2959 4082 ell'utiunt,
2993 4033 3085 4086 per
3111 4019 3236 4086 quid
3267 4017 3407 4071 aliud

188 4098 310 4150 ἐστὶ
359 4099 831 4172 δημιουργήματα.
890 4106 952 4157 Ol
1009 4104 1065 4156 δὲ
1115 4101 1416 4168 ἀνοίγοντες
1468 4096 1528 4148 τὸ
1583 4091 1753 4160 στόμα

1853 4113 1952 4164 nisi
1974 4126 2068 4177 per
2086 4110 2279 4179 lingua:
2300 4111 2715 4163 instrumentum
2742 4109 3072 4177 impietatem
3089 4108 3409 4178 perﬁciunt?

186 4192 332 4244 κατὰ
387 4193 483 4263 τῆς
532 4193 686 4265 δόξης
716 4194 808 4245 τοῦ
833 4193 1000 4256 θεοῦ,
1039 4195 1130 4245 καὶ
1174 4189 1384 4244 ἀδικίαν
1421 4189 1497 4248 είς
1529 4184 1588 4235 τὸ
1622 4180 1753 4249 ὕψος

1851 4202 2111 4266 Quoniam
2155 4202 2336 4270 igitur}
2367 4200 2450 4253 Ea:
2495 4200 2599 4252 tuis
2649 4200 2814 4252 verbis
2837 4198 3230 4268 justiﬁcaberis,
3261 4212 3308 4253 et
3345 4217 3409 4254 ea;

184 4283 497 4350 λαλοῦντες,
525 4285 664 4356 ἄλλῳ
690 4287 796 4338 τινὶ
825 4285 921 4356 τὴν
983 4283 1231 4337 ἀσέϐειαν
1276 4281 1369 4333 καὶ
1405 4278 1523 4346 οὐχ).
1551 4273 1629 4343 τῷ
1660 4273 1752 4343 ὀρ-

1853 4293 2021 4346 verbis
2053 4293 2155 4345 luis
2197 4290 2623 4344 condemnaberis
2656 4289 2722 4355 ⁷⁸,
2757 4288 2980 4358 prohibe
3007 4289 3240 4356 linguam
3261 4297 3406 4342 tuam

189 4376 344 4445 γάνφ
367 4377 464 4446 τῆς
489 4376 736 4447 γλώσσης
759 4377 1112 4448 ἐργάζονται;
1141 4374 1355 4442 Ἐπειδὴ
1386 4368 1476 4425 οὖν
1513 4370 1606 4419 Ἐκ
1635 4363 1752 4416 τῶν

1854 4400 1883 4439 a
1912 4385 2076 4448 malo,
2115 4397 2215 4437 nec
2255 4383 2539 4437 thesauros
2566 4381 2740 4450 lingua
2775 4381 3018 4435 mendaci
3062 4378 3266 4433 eﬂieias
3317 4383 3408 4431 'va-

187 4469 390 4535 λότων
422 4484 535 4521 σου
572 4468 932 4536 δικαιωθήσῃ
958 4509 972 4533 ,
1017 4468 1113 4521 καὶ
1154 4468 1221 4520 ἐκ
1263 4464 1379 4518 τῶν
1414 4464 1606 4574 λόγων·
1638 4470 1793 4574 σου1

1802 4493 1969 4572 ,nos.
2012 4477 2342 4543 lnsuperque
2399 4473 2621 4542 prohibe
2671 4473 2806 4526 labia
2860 4479 2969 4534 tua,
3024 4485 3090 4524 ne
3120 4469 3408 4538 loquantur

191 4557 620 4626 κατακριθήσῃ,
662 4558 864 4612 παῦσον
895 4560 990 4630 τὴν
1017 4558 1262 4626 γλῶσσάν
1293 4575 1382 4610 σου
1411 4556 1517 4610 ἀπὸ
1552 4553 1742 4615 κακοῦ,
1775 4553 1797 4574 ¹

1803 4553 1818 4571 ’
1851 4569 2028 4624 dolum
2065 4587 2077 4621 :
2123 4568 2223 4621 hoc
2268 4577 2369 4628 est,
2407 4577 2576 4620 totum
2627 4577 2883 4631 organum
2911 4561 2976 4614 ad
3004 4561 3264 4615 sermonis
3294 4575 3409 4612 mu-

188 4649 284 4701 καὶ
322 4649 397 4720 μὴ
426 4652 721 4723 ὲνεργήσῃς
749 4652 1160 4723 θησαυρίσματα
1183 4650 1400 4721 γλώσσῃ
1426 4650 1608 4717 ψευδεῖ
1644 4646 1746 4716 μά-

1855 4672 1951 4710 nus
1984 4657 2076 4709 tibi
2110 4670 2427 4710 concessum
2483 4668 2511 4705 a
2564 4666 2726 4720 prava
2781 4652 3087 4718 operatione
3129 4664 3401 4704 coerceas.

187 4757 336 4794 ταια.
383 4742 593 4796 Παῦσον
635 4743 692 4795 δὲ
740 4744 830 4796 καὶ
863 4743 930 4796 τά
970 4743 1119 4814 χείλη
1160 4761 1248 4795 σου
1275 4743 1365 4795 τοῦ
1413 4741 1486 4812 μὴ
1525 4741 1747 4810 λαλῆσαι

1857 4748 1948 4801 Est
1977 4757 2154 4799 autem
2189 4745 2342 4798 dolus
2369 4743 2637 4796 occultum
2686 4742 3028 4807 maleliclum,
3076 4746 3173 4797 sub
3207 4740 3406 4795 olﬁcio-

188 4830 356 4884 δόλον·
397 4837 515 4887 ἀντὶ
545 4833 833 4897 τοῦ,’¹ολον
853 4835 912 4886 τὸ
942 4835 1167 4904 ὄργανον
1195 4834 1253 4886 τὸ
1280 4834 1414 4904 πρὸς
1443 4835 1539 4904 τήν
1567 4835 1742 4888 διακο-

1096 4851 1167 4886 ιον
1195 4834 1253 4886 τὸ
1280 4834 1414 4904 πρὸς
1443 4835 1539 4904 τήν
1567 4835 1742 4888 διακο·
1853 4853 1967 4892 rum
2004 4837 2181 4905 specie
2210 4838 2449 4903 proximo
2481 4833 2702 4888 illatum.

189 4925 306 4977 νίαν
342 4923 432 4976 τοῦ
469 4926 624 4994 λόγου
664 4943 744 4981 σοι
785 4926 1062 4997 δεδομένον
1100 4926 1374 4996 σχολάζειν
1403 4929 1508 4980 ἀπὸ
1535 4929 1628 4998 τῆς
1669 4933 1907 5001 πονηρᾶς
1961 4928 2237 4999 ἐνεργείας
2307 4927 2547 4998 ποίησον.
2584 4928 2735 4981 Ἔστι
2773 4927 2828 4980 δὲ
2866 4929 2893 4981 6
2922 4926 3067 4990 δόλος
3121 4924 3408 4980 κακοποιία

189 5013 420 5088 λαθραία
456 5019 514 5070 ὲν
546 5022 898 5092 προσποιήσει
944 5021 1049 5072 τῶν
1079 5020 1356 5090 βελτιόνων
1385 5021 1459 5090 τῷ
1493 5021 1716 5092 πλησίον
1752 5022 2188 5093 προσφερομένη.

260 5174 305 5205 ⁷⁰
362 5171 510 5226 Rom.
565 5190 662 5237 vn,
692 5176 780 5230 24.
856 5177 898 5207 ⁷¹
930 5177 945 5229 Ι
982 5177 1107 5231 Cor.
1157 5194 1249 5241 vn,
1284 5177 1370 5231 3|.
1447 5178 1489 5208 "
1534 5177 1694 5232 llebr.
1740 5194 1792 5240 x,
1837 5179 1887 5232 I.
1964 5179 2009 5209 ⁷³
2035 5178 2190 5233 Joan.
2225 5193 2332 5241 xiv,
2367 5178 2455 5230 '25.
2532 5177 2578 5207 ⁷¹⁵
2609 5177 2915 5239 Illattlnxn,
2945 5176 3030 5230 57.

259 5308 337 5379 (9)
373 5308 546 5362 Editio
579 5309 751 5365 Paris.
799 5311 988 5365 Ἰακώὸ
1018 5331 1097 5366 σε.
1131 5313 1200 5366 At
1229 5322 1334 5367 tres
1379 5329 1505 5367 mss.
1550 5313 1740 5368 Ἰακὼϐ
1851 5324 1865 5365 t

1851 5315 1920 5398 tio
1946 5313 2109 5367 Basil.
2139 5313 2703 5384 καθυποκριναμένην.
2745 5313 2812 5365 At
2849 5329 2974 5366 mss.
3012 5311 3403 5383 καθυποκρινο-

249 5419 265 5434 ο
1846 5401 2028 5436 ιιενην.

401 5447 703 5527 lta_s_epte_m
730 5467 857 5527 mss.
899 5453 1217 5527 __E_diti_ve_ro
1243 5455 1480 5527 τήρησον
1505 5455 1603 5527 τᾲς
1646 5457 1742 5526 τῆς
1845 5401 1863 5454 ι

2049 5453 2222 5527 Editio
2253 5453 2417 5527 B_asil.
2456 5463 2526 5527 et_
2556 5465 2661 5507 tres
2706 5468 2831 5527 mss.
2860 5451 2966 5527 τών
3009 5451 3117 5527 ἀπὸ
3151 5449 3401 5527 γλώσσης

189 5515 332 5593 (toﬁ;
356 5515 592 5593 ἐντολάς.
631 5521 820 5593 Statim
850 5522 1207 5593 editiqBasil.
1241 5515 1564 5578 etunonnulli
1585 5515 1742 5579 rmss'.

1842 5515 2211 5593 πταισμάτων.
2271 5524 2448 5577 Edilto
2500 5525 2669 5578 Puris.
2698 5523 2802 5577 τῶν
2849 5523 2955 5575 ἀπὸ
3006 5522 3103 5593 τῆς
3152 5515 3397 5592 γλώσσης

190 5588 435 5662 γλῶσσάν
467 5606 624 5662 σου...
663 5590 808 5662 χείλη
845 5609 958 5644 σου.
991 5591 1188 5645 Vocula
1221 5611 1311 5646 σου
1342 5596 1491 5648 deest
1529 5597 1579 5649 in
1630 5599 1742 5650 edi-

1442 5607 1491 5648 st
1529 5597 1579 5649 in
1630 5599 1742 5650 edi-
1839 5610 1927 5647 πτ.
1970 5588 2068 5645 Alii
2101 5605 2332 5660 quatuor
2355 5611 2485 5647 tuss.
2511 5594 2618 5646 τῶν
2641 5597 2732 5648 ἀπ’
2762 5593 2932 5661 αὐτῆς
2957 5609 3045 5644 πτ.

193 5659 529 5732 ιίυηενΡίιι-ἰε.
563 5673 614 5713 ct
644 5659 693 5712 iii
723 5659 848 5732 aliis
872 5663 1188 5729 quihusdam
1221 5680 1348 5716 mss.

1911 5663 2022 5731 (l5)
2044 5659 2266 5716 Codices
2306 5665 2543 5730 quinque
2579 5681 2704 5722 mss.
2762 5659 3055 5732 ἐπιορκίαι.
3092 5661 3228 5716 Ειίὶιὶ
3273 5678 3405 5728 cum

258 5728 364 5798 (II)
394 5729 586 5785 Nostra
632 5732 791 5786 editio
830 5728 993 5787 Paris.
1035 5732 1577 5806 καθυποκλινομένην.
1612 5735 1732 5790 Ειίὶ-
1840 5732 1864 5786 F

878 5728 993 5787 sris.
1035 5732 1577 5806 καθυποκλινομὲνην.
1612 5735 1732 5790 Ειίὶ-
1840 5728 1966 5805 Reg.
2001 5743 2186 5789 συξη-ιο
2215 5728 2484 5805 ἐπιορκία.

187 5378 244 5433 δέ
