4068 6318
626 314 732 368 Z75

623 523 772 590 quire
801 535 1003 583 pacem,
1051 531 1095 571 et
1143 534 1448 591 persequere
1475 534 1611 571 eam.
1661 517 2038 573 Elementaria:
2064 526 2186 572 sunt

627 611 706 663 lim
739 608 1152 673 admonitiones,
1193 620 1243 665 et
1275 611 1338 663 ad
1379 608 1628 676 pietatem
1662 609 2039 661 introducunt:
2066 610 2187 677 qni-

627 701 725 754 bus
754 703 1040 754 etloeemur
1067 702 1301 774 linguam
1336 701 1623 771 diligenter
1649 703 1946 766 continere,
1978 715 2006 753 a
2037 701 2184 755 dolo-

625 791 700 844 sis
736 791 943 846 insidiis
973 794 1264 858 abstinere,
1298 807 1328 846 a
1376 793 1517 848 malo
1557 794 1846 849 declinare.
1883 791 1999 847 Non
2045 794 2186 847 enim

625 879 865 946 perfecto
900 884 1153 936 convenit
1187 882 1511 936 abstinentia
1571 883 1696 936 mali
1732 897 1746 935 :
1798 883 1890 937 sed
1923 897 2045 936 eum
2096 882 2186 950 qui

628 986 818 1026 recens
866 975 1143 1028 elementis
1193 975 1516 1039 instituitur,
1550 975 1614 1028 ab
1648 975 1738 1027 illo
1771 976 1821 1028 in
1852 975 2048 1030 malum
2091 978 2186 1029 itn-

621 1074 749 1132 petu
784 1066 993 1119 resilire
1019 1081 1195 1136 operte
1230 1068 1456 1134 pretium
1482 1075 1582 1128 est,
1617 1077 1776 1136 atque
1803 1081 1831 1120 a
1862 1081 2040 1134 prava:
2069 1067 2188 1120 vita:

623 1153 1013 1210 consuetudine
1065 1159 1205 1209 velut
1252 1172 1280 1209 a
1331 1158 1411 1209 via
1467 1156 1600 1208 mala
1659 1157 2068 1221 discedentem,
2119 1159 2187 1210 ita

624 1244 841 1300 demum
870 1247 1130 1302 bonorum
1165 1263 1388 1314 operum
1419 1249 1743 1302 exercitium
1772 1251 2013 1319 aggredi.
2036 1249 2186 1303 Enim

627 1351 756 1390 vero
787 1339 890 1391 nisi
923 1341 1044 1407 quis
1084 1341 1231 1408 prius
1267 1342 1486 1396 omnino
1524 1343 1811 1396 desciverit
1848 1360 1912 1398 ac
1949 1343 2187 1396 declina-

629 1428 768 1481 verit
792 1444 820 1481 a
849 1431 1006 1494 malo,
1033 1432 1229 1485 bonum
1267 1434 1481 1500 assequi
1511 1449 1615 1486 non
1645 1442 1820 1500 potest
1847 1453 1860 1486 :
1888 1432 2043 1486 sicuti
2075 1433 2187 1484 licri

625 1534 732 1574 non
767 1531 944 1588 potest
997 1532 1056 1575 ut
1102 1525 1222 1592 quis
1266 1524 1553 1578 sanitatem
1603 1535 1917 1593 recuperet,
1963 1524 2063 1577 nisi
2100 1527 2190 1576 de-

624 1615 811 1681 pulsus
853 1616 1070 1670 morbus
1106 1620 1174 1671 sit
1206 1633 1219 1669 :
1283 1617 1366 1672 vel
1404 1627 1461 1670 ut
1499 1620 1618 1688 quis
1649 1619 1879 1679 caleliat,
1913 1617 2012 1670 nisi
2035 1615 2214 1683 plane,

624 1705 868 1759 sedatum
916 1710 987 1761 sit
1042 1709 1243 1777 frigus;
1289 1724 1461 1780 neque
1513 1712 1654 1762 cnim
1691 1711 1802 1762 hanc
1834 1709 1990 1762 simul
2021 1709 2190 1763 consi-

1963 319 2018 370 S.
2063 317 2302 370 BASlLll
2341 316 2550 370 MAGNI

700 431 782 484 10.
823 431 978 482 Vens.
1015 429 1098 482 l5.
1131 429 1346 482 Declina
1374 448 1404 482 a
1435 431 1593 490 nmio,
1629 442 1674 482 et
1712 427 1795 494 fac
1828 430 2018 479 bonum
2054 445 2070 480 :
2101 430 2183 481 in-
2215 434 2259 488 Α

3769 313 3878 364 Ξῗῧ

2359 430 2443 480 10.
2485 431 2810 481 Ἕκκλινον
2839 430 2957 481 ἀπὸ
3002 428 3184 482 κακοῦ
3208 468 3222 490 ,
3262 429 3355 479 καὶ
3414 433 3686 496 ποίησον
3725 429 3882 495 ἀτα-

2288 520 2426 573 θόν’
2467 520 2721 588 ζήτησον
2761 518 3025 585 εἰρήνην,
3061 522 3157 574 καὶ
3196 519 3407 584 δίωξον
3447 522 3666 588 αὐτήν.
3714 522 3882 574 Στοι-

2289 611 2527 680 χειώδεις
2552 616 2604 667 αί
2628 612 2995 682 παραινέσεις,
3019 615 3110 666 καὶ
3136 613 3420 682 εἰσαγωγοὶ⁵
3446 614 3521 674 εἰς
3544 615 3879 668 εὐσέϐειαν·

2288 704 2608 774 ἀκριϐοῦσαι
2647 701 2892 772 γλώσσης
2921 707 3157 774 κρατεῖν,
3189 706 3414 777 δολερῶν
3448 702 3884 772 ἐπιϐουλευμά-

2289 813 2393 847 των
2427 795 2742 867 ἀπέχεσθαι,
2779 794 3041 847 ἐκκλίνειν
3067 796 3172 846 ἀπὸ
3202 799 3386 851 κακοῦ.
3425 799 3495 850 Οὐ
3526 794 3634 865 γὰρ
3666 795 3886 864 τελείῳ

2293 886 2571 956 πρέπουσα
2590 886 2697 957 (14)
2737 887 2768 942 ἡ
2796 886 2970 954 ἀποχὴ
2989 886 3079 937 τοῦ
3113 886 3450 952 κακοῦ,ἀλλὰ
3471 887 3543 957 τῷ
3559 888 3694 958 ἄρτι
3724 899 3886 934 στος-

2290 979 2584 1048 χειουμένῳ
2615 978 2862 1031 ἐκνεῦσαι
2895 978 3154 1048 προσήκει
3183 978 3286 1029 ἀπὸ
3324 981 3419 1048 τῆς
3454 982 3544 1032 ἐπὶ
3575 980 3635 1031 τὸ
3685 974 3884 1030 κακὸν

2291 1067 2479 1136 φορᾶς,
2523 1067 2610 1118 καὶ
2641 1067 2800 1117 οἱονεὶ
2832 1067 2950 1120 ὁδοῦ
2987 1067 3157 1135 κακῆς
3186 1066 3280 1134 τῆς
3313 1070 3369 1117 ἐν
3394 1069 3466 1137 τῷ
3496 1068 3732 1140 πονηρῷ
3771 1065 3885 1135 βίῳ

2291 1158 2571 1228 συνηθείας
2597 1158 2990 1225 ἀπαλλαγέντα,
3015 1159 3182 1222 οῦτως
3200 1158 3429 1226 ἅψασθαι
3461 1162 3553 1230 τῆς
3578 1162 3699 1214 τῶν
3737 1161 3886 1225 £17.1-

2291 1250 2397 1302 Θῶν
2444 1252 2738 1320 ἐνεργείας.
2794 1251 3098 1322 Ἀμήχανον
3158 1252 3263 1323 γὰρ
3302 1250 3532 1319 ἅψασθαι
3571 1255 3673 1306 τοῦ
3721 1256 3880 1320 571—

2290 1342 2381 1394 Θοῦ
2408 1343 2480 1412 μὴ
2502 1344 2806 1397 ἀποστάντα
2833 1345 3089 1416 πρότερον
3117 1344 3386 1406 παντελῶς
3406 1345 3492 1396 καὶ
3513 1347 3676 1398 ὲκνεὺ
3690 1362 3884 1398 σαντα

2289 1433 2380 1485 τοῦ
2426 1434 2595 1486 κακοῦ
2622 1451 2634 1464 ·
2681 1436 2754 1497 ὼς
2789 1435 3061 1503 ἀμήχανον
3095 1437 3276 1503 ὑγείαν
3318 1433 3596 1487 ἀναλαϐεῖν
3629 1437 3720 1503 μὴ
3775 1435 3884 1502 τῆς

2291 1526 2443 1579 νόσου
2474 1527 2851 1594 ἀπαλλαγέντα
2877 1543 2891 1558 ·
2919 1526 2949 1594 ἦ
2978 1529 3032 1578 ἐν
3060 1527 3347 1599 Οερμὸτητι
3376 1523 3616 1594 γενέσθαι
3647 1526 3758 1575 τὸν
3803 1524 3882 1592 μὴ

2292 1619 2541 1689 καθαρῶς
2580 1621 2687 1687 (15)
2739 1619 3080 1686 πεπαυμένον
3113 1622 3208 1689 τῆς
3237 1617 3574 1689 καταψύξεως
3598 1634 3610 1644 ·
3662 1617 3884 1667 ανεπί-

2293 1706 2451 1758 δεκτα
2475 1706 2580 1774 γὰρ
2610 1705 2778 1757 ταῦτα
2822 1705 3085 1782 ἀλλήλοις.
3133 1709 3286 1761 Οὕτω
3333 1714 3421 1762 καὶ
3461 1709 3548 1761 τὸν
3585 1706 3884 1776 μέλλοντα

626 1808 774 1851 atere
803 1810 1046 1866 possunt.
1089 1800 1352 1855 Similiter
1384 1813 1434 1854 et
1465 1801 1555 1871 qui
1597 1803 1791 1854 bonam
1820 1804 1981 1854 vitam
2034 1816 2191 1872 agerc

2295 1800 2350 1849 ἐν
2389 1796 2577 1867 ἀγαθῷ
2626 1797 2720 1868 βίῳ
2754 1798 3002 1867 γενέσθαι
3038 1800 3216 1871 πάσης
3248 1805 3508 1872 προσήκει
3534 1801 3632 1871 τῆς
3663 1800 3779 1851 ἐπὶ
3816 1799 3882 1851 τὸ

627 1889 795 1955 cupit,
825 1905 946 1942 eum
980 1907 1076 1957 par
1121 1902 1202 1945 est
1252 1895 1319 1948 ab
1359 1894 1507 1947 omni
1544 1896 1680 1948 malo
1715 1895 1990 1948 consortio
2045 1909 2190 1947 rece-

624 1978 775 2033 dere.
810 1979 1022 2048 Inquire
1041 1999 1242 2050 pacem,
1264 1993 1311 2036 et
1343 2000 1644 2053 persequere
1675 2001 1809 2038 eam.
1861 1983 1934 2038 De
1979 1985 2078 2036 ltac
2105 1981 2189 2034 di-

627 2069 706 2122 xit
758 2069 1010 2126 Dominus
1045 2090 1057 2125 :
1110 2072 1302 2127 Pacem
1341 2076 1576 2144 relinquo
1619 2075 1781 2140 vobis,
1810 2091 1988 2142 pacem
2024 2089 2189 2126 meam

627 2164 695 2213 do
729 2164 908 2224 vobis;
951 2180 1053 2216 non
1082 2165 1344 2232 quomodo
1373 2166 1596 2215 mundus
1629 2165 1717 2215 diu
1739 2179 1940 2231 pacem,
1977 2178 2069 2230 ego
2123 2163 2189 2215 do

627 2252 769 2304 vobis
795 2252 863 2304 ⁷⁵.
900 2255 1112 2320 Inquiro
1139 2255 1298 2321 igitur
1325 2269 1508 2322 pacem
1547 2254 1847 2318 Domini,et
1874 2270 2194 2324 persequere

627 2358 767 2396 eam.
806 2345 1155 2414 l’erscqueris
1186 2357 1369 2401 autem
1399 2362 1503 2401 non
1537 2349 1714 2412 aliter,
1759 2365 1920 2418 quam
1968 2365 2191 2404 currens

627 2441 925 2494 secundum
987 2455 1210 2508 scopum
1257 2441 1324 2496 ad
1374 2442 1617 2498 bravium
1662 2458 1905 2510 supernae
1954 2442 2191 2498 vocatio-

630 2537 715 2591 nis
739 2537 807 2590 ".
857 2535 966 2592 Pax
995 2537 1139 2592 enim
1181 2553 1307 2593 vera
1338 2539 1390 2592 in
1436 2540 1684 2608 supernis
1714 2539 1948 2592 exsistit.
1980 2538 2190 2593 Etenim

628 2628 864 2695 qnandiu
904 2629 970 2681 ad
1018 2643 1237 2682 carnem
1291 2628 1502 2682 aSIricti
1540 2643 1743 2690 smnus,
1784 2631 1985 2689 multis,
2022 2631 2195 2697 iisque

630 2721 1090 2785 perturbationem
1129 2720 1283 2774 nobis
1310 2722 1639 2784 creantibus,
1675 2736 1862 2774 sumus
1892 2719 2189 2788 conjuncti.

627 2807 845 2878 lnquire
872 2810 1036 2880 igitur
1061 2826 1270 2881 pacem,
1296 2812 1621 2868 solutionem
1668 2813 1920 2867 videlicet
1949 2826 1978 2864 a
2011 2809 2192 2864 mundi

630 2905 994 2960 tumultibus:
1039 2921 1290 2974 compara
1340 2917 1574 2962 mentem
1621 2908 1882 2977 quietam,
1926 2905 2192 2976 tranquil-

628 2993 737 3050 lum
768 2999 1050 3065 quemdam
1081 3006 1136 3052 et
1166 2997 1616 3066 imperturbatum
1657 2998 1823 3052 animi
1848 3007 2071 3062 statum,
2101 2997 2190 3066 qui

631 3100 807 3157 neque
833 3088 1220 3158 cupiditatibus
1249 3090 1514 3160 agitetur,
1548 3105 1722 3160 neque
1752 3090 1860 3145 huc
1881 3090 2006 3144 illuc
2033 3104 2063 3144 a
2090 3089 2184 3143 ial-

630 3181 708 3233 sis
734 3180 1076 3250 dogmatibus
1101 3198 1197 3252 per
1227 3182 1752 3238 verisimilitudinem
1805 3185 1871 3238 ad
1909 3198 2189 3238 assensum

632 3269 987 3328 invitantibus
1042 3275 1306 3341 trahatur,
1345 3275 1437 3329 Dei
1483 3287 1539 3329 ut
1586 3291 1770 3346 pacem
1814 3287 2149 3342 consequare
2176 3311 2190 3336 ,

629 3379 750 3432 qua:
782 3379 997 3420 amnem
1030 3379 1320 3436 exsuperat
1350 3370 1684 3425 intellectum
1715 3367 1782 3432 7',
1815 3376 2073 3434 tuumth
2101 3379 2194 3417 cor

628 3453 879 3507 custodit.
927 3453 1026 3521 Qui
1079 3458 1273 3526 quaerit
1318 3473 1528 3527 pacem,
1591 3457 1863 3512 Christum
1918 3453 2188 3524 inquirit:

627 3548 755 3616 quia
785 3547 898 3616 ipse
925 3558 1009 3603 est
1029 3563 1131 3617 pax
1165 3561 1348 3604 nostra
1385 3564 1401 3604 :
1431 3551 1522 3621 qui
1554 3549 1688 3604 duos
1720 3549 1772 3601 in
1803 3563 1968 3601 unum
1999 3559 2191 3600 novum

630 3636 901 3692 hominem
931 3640 1191 3706 condidit,
1229 3639 1429 3695 faciens
1454 3655 1640 3710 pacem
1668 3639 1736 3703 ⁷⁸,
1767 3647 1931 3707 atque
1953 3650 2048 3707 per
2067 3649 2195 3690 san-

630 3729 845 3798 guinem
875 3732 1052 3786 crucis
1085 3745 1217 3797 suae,
1243 3733 1358 3786 sive
1382 3747 1501 3800 quae
1537 3732 1590 3786 in
1621 3731 1796 3796 uelis,
1841 3731 1955 3782 sive
1983 3741 2100 3796 qua:
2143 3726 2194 3779 iit

634 3825 776 3872 terra
805 3829 950 3883 sunt,
986 3820 1280 3888 pacificans
1302 3822 1370 3874 ".

708 3908 766 3964 Η
781 3909 961 3983 .155l
977 3911 1137 3966 Vsus.
1150 3914 1173 3967 l
1185 3911 1396 3967 6.0culi
1411 3913 1622 3968 Domini
1635 3927 1785 3981 super
1789 3909 2195 3980 justas,etaures

633 4001 747 4071 ejus
777 4003 832 4056 in
863 4020 1037 4070 preces
1069 4021 1271 4058 eorum.
1304 4005 1766 4073 Quemadmodum
1790 4004 1964 4056 sancti
2005 4015 2196 4068 corpus

632 4104 757 4147 sunt
779 4095 1004 4158 Christi,
1027 4107 1079 4150 et
1114 4099 1355 4152 membra
1389 4114 1456 4152 ex
1486 4107 1668 4168 parte;
1695 4105 1749 4150 et
1783 4095 1958 4164 posuit
1986 4091 2126 4147 Deus
2147 4091 2195 4143 in

631 4183 875 4240 Ecclesia
899 4188 1165 4255 quosdam
1199 4190 1418 4258 quidem
1446 4199 1504 4242 ut
1528 4188 1738 4250 oculos,
1776 4185 2038 4254 quosdam
2071 4198 2199 4237 vero

633 4285 692 4330 ut
725 4276 958 4347 linguas,
1001 4279 1138 4333 alios
1161 4281 1252 4348 qui
1280 4295 1558 4344 manuum.
1597 4281 1733 4333 alios
1764 4279 1853 4345 qui
1894 4278 2088 4347 pedum
2119 4278 2199 4327 vi-

631 4382 748 4420 cem
788 4369 1134 4423 obtitteant“
1171 4389 1183 4424 :
1215 4372 1294 4424 sic
1330 4372 1492 4424 etiam
1523 4381 1723 4434 sanctae
1769 4370 1994 4422 virtutes
2043 4367 2200 4434 spiri-

631 4460 831 4530 tuales,
860 4463 990 4516 etin
1021 4464 1228 4518 etelesti
1266 4464 1383 4518 loco
1409 4465 1765 4526 diversantes,
1793 4462 1908 4514 alia:
1951 4459 2200 4512 dicuntur

713 4621 944 4698 ⁷⁸)-οειιιἶ
974 4640 1081 4691 xtv,
1110 4625 1198 4681 27.
1275 4628 1320 4659 ⁷⁸
1353 4626 1582 4698 Philipp.
1613 4642 1695 4692 ιιι,
1730 4625 1817 4679 14.
1879 4624 1922 4655 ⁷⁷
1958 4621 2182 4688 Philipp.

2325 4612 2375 4664 7.
2454 4609 2498 4639 ⁷⁸
2527 4606 2720 4674 Epltes.
2748 4620 2808 4668 tt,
2858 4602 2944 4658 14.

633 4709 732 4756 ιιι,
765 4692 857 4756 27,
881 4692 968 4748 28.

849 4825 926 4908 _|ta
957 4841 1050 4880 sex
1084 4843 1213 4880 mss.
1249 4831 1318 4908 At
1339 4829 1471 4908 editi
1497 4827 1684 4908 τελείῳ
1718 4828 2089 4908 προσήκουσα.

633 4895 921 5017 ἄμβλῗιυ
955 4912 1047 4950 Sex
1102 4914 1230 4951 ntss.
1273 4902 1343 4953 At
1390 4901 1519 4954 editi
1553 4895 1848 4963 παντελῶς,
1877 4895 2038 4952 Sensn
2094 4909 2199 4948 non

674 4979 838 5016 tssmtt
867 4981 901 5017 l.

674 4979 901 5020 lSSlmlll.

707 5033 819 5106 (l_6)
875 5036 967 5089 Sic
1000 5051 1128 5092 mss.
1174 5047 1401 5106 septem.
1441 5040 1581 5093 Etiiti
1607 5041 1699 5093 ἐπὶ
1732 5038 1813 5091 τό.
1849 5036 1969 5091 Mox
2000 5035 2128 5089 editi
2165 5038 2196 5106 ἡ

635 5102 883 5180 digituli.
1012 5120 1103 5159 sex
1126 5102 1273 5180 _mss.
1366 5109 1590 5180 ἀληθής.

707 5174 815 5243 (I7)
840 5174 986 5243 Regii
1019 5178 1206 5228 tertius
1222 5189 1275 5230 et
1297 5174 1662 5245 quarltts'cum
1689 5179 1838 5233 Coll).
1862 5176 2088 5242 septimo
2113 5193 2203 5229 σα-

637 5243 1029 5320 λευσμένης...ἐ
1060 5243 1504 5320 περιελκομένης.
1557 5253 1624 5303 At
1671 5250 1842 5320 ltegiir
1876 5249 2089 5320 quintus
2149 5256 2202 5300 et

640 5324 822 5367 sextus
848 5333 966 5367 enm
992 5315 1144 5370 Colb.
1178 5315 1331 5373 sexto
1346 5329 1399 5373 et
1414 5315 1534 5372 cum
1571 5323 1727 5374 editis
1753 5315 2196 5385 σαλευομένην...

640 5355 822 5367 ..πως
994 5355 1144 5370 ...,..,.
1178 5355 1327 5373 οη...
1346 5355 1534 5373 μω...
1571 5355 1727 5374 ww,
1765 5355 1958 5371 “nm,
2006 5355 2080 5368 υ,

640 5385 1089 5458 περιελκομένην,
1120 5391 1461 5458 ιιοηγιιὶνετδει
1493 5393 1785 5444 sententia.
1824 5355 2022 5444 ibidech
2067 5355 2198 5458 lieg.

643 5455 830 5528 tertius
859 5455 1377 5528 προσκαλουμένων.

712 5523 821 5601 (18)
970 5537 1090 5601 o_cto
1142 5523 1268 5582 mss.
1315 5531 1380 5583 At
1416 5528 1541 5582 editi
1575 5530 1764 5601 εἰρήνη
1789 5529 1966 5600 ἡμῶν.
2001 5528 2198 5601 Verisi-

644 5594 771 5647 mile
809 5598 958 5668 noliis
990 5598 1067 5659 iit,
1103 5602 1241 5664 quod
1270 5616 1366 5654 usu
1396 5601 1576 5654 venire
1614 5594 1769 5662 solet,
1812 5594 2009 5656 'vocem
2042 5598 2196 5668 ἡμῶν

646 5679 710 5720 ex
740 5666 950 5728 vulgato
983 5668 1269 5733 Scriptum
1310 5680 1452 5724 textu
1486 5671 1718 5722 additam
1752 5687 1889 5726 esse.

729 5733 837 5806 (l9)
876 5738 1012 5792 Editi
1045 5738 1257 5809 ἐτέρους
1288 5741 1360 5798 δέ.
1398 5741 1668 5798 Vocula-Se
1704 5741 1853 5798 dccst
1888 5744 1939 5798 in
1993 5750 2192 5812 septem

2292 1889 2459 1942 κακὸν
2495 1891 2782 1959 συναφείας
2825 1892 3216 1960 ἀπαλλαγῆναι.
3275 1894 3542 1960 Ζήτησον
3578 1892 3880 1961 εἰρήνην,

2292 1981 2391 2034 καί
2433 1981 2647 2046 ὃίωξον
2675 1982 2864 2046 αὑτήν
2917 1985 3051 2052 Περὶ
3081 1983 3282 2050 ταύτης
3317 1985 3525 2053 εἴρηκεν
3564 1989 3592 2038 ὁ
3623 1986 3877 2056 Κύριος·

2292 2073 2553 2141 Εἰρήνην
2587 2074 2794 2142 ἀφίημι
2837 2074 2994 2141 ὑμῖν,
3042 2075 3287 2142 εἰρήνην
3328 2075 3439 2140 τὴν
3466 2075 3617 2143 ἐμὴν
3645 2077 3880 2143 δίδωμι

2292 2165 2431 2232 ὑμῖν
2454 2179 2466 2190 ’
2499 2166 2570 2216 οὐ
2599 2163 2790 2228 καθὼς
2827 2167 2858 2217 d
2894 2166 3118 2234 κόσμος
3157 2166 3399 2220 δίδωσιν
3425 2167 3690 2234 εἰρήνην,
3753 2166 3880 2234 ἐγὼ

2292 2256 2494 2325 δίδωμι
2530 2257 2711 2325 ὑμῖν.»
2736 2259 2972 2328 Ζήτησον
3007 2255 3098 2311 οὖν
3139 2258 3232 2330 τὴν
3259 2259 3351 2313 τοῦ
3382 2260 3580 2331 Κυρίου
3607 2260 3875 2329 εἰρήνην,

2293 2349 2386 2404 καὶ
2416 2347 2601 2412 δίωξον
2628 2350 2813 2419 αὐτήν.
2849 2350 3064 2416 Διώξεις
3093 2353 3148 2404 δὲ
3178 2353 3275 2404 οὐκ
3302 2352 3470 2415 ἄλλως
3498 2352 3528 2422 ἢ
3556 2353 3704 2404 κατὰ
3743 2369 3881 2404 σκο-

2294 2441 2391 2492 πὸν
2436 2439 2641 2509 τρέχων
2684 2440 2762 2500 είς
2791 2439 2851 2490 τὸ
2882 2441 2990 2510 (16)
3026 2440 3272 2510 βραϐεῖον
3309 2443 3404 2510 τῆς
3444 2443 3551 2494 ἄνω
3585 2441 3875 2510 κλήπως.

2297 2536 2440 2586 Ἀνω
2470 2533 2575 2602 γάρ
2603 2535 2747 2585 ἐστιν
2771 2534 2801 2602 ή
2835 2533 3021 2602 εἰρήνη
3051 2534 3080 2601 ἡ
3109 2532 3332 2602 ἀληθής.
3369 2534 3516 2585 Ἐπεὶ
3545 2536 3668 2586 ὅσον
3705 2552 3780 2601 γε
3808 2539 3876 2603 τῇ

2296 2627 2456 2698 σαρκὶ
2487 2624 2838 2695 συνδεὸἐμεϐα
2865 2624 3072 2694 χρόνον,
3100 2624 3311 2686 πολλοῖς
3338 2626 3426 2678 καὶ
3451 2629 3557 2687 τοῖς
3591 2627 3879 2697 ἐκταράσ-

2295 2733 2474 2768 σουσιν
2512 2717 2661 2784 ἡμᾶς
2711 2713 3127 2784 συνεζεύγμεϐα.
3188 2715 3425 2785 Ζήτησον
3472 2710 3561 2768 οῦν
3608 2716 3874 2786 εἰρήνην,

2293 2806 2441 2858 λύσιν
2465 2805 2572 2858 τῶν
2602 2804 2694 2856 τοῦ
2724 2806 2924 2874 κόσμου
2956 2804 3144 2857 τούτου
3188 2803 3429 2876 θορύϐων
3453 2825 3464 2836 ·
3515 2806 3721 2876 κτῆσαι
3769 2825 3872 2875 τα·

2291 2897 2553 2966 ληνιῶντα
2593 2896 2736 2961 νοῦν,
2786 2899 3034 2968 ἀκύμονά
3076 2917 3196 2951 τινα
3245 2900 3337 2952 καὶ
3379 2900 3648 2969 ἀτάραχον
3688 2901 3876 2951 κατα-

2295 3005 2479 3041 στασιν
2507 2988 2606 3057 τῆς
2627 2989 2822 3058 ψυχῆς,
2853 2991 2988 3059 μήτε
3013 2989 3116 3039 ὑπὸ
3139 2989 3320 3041 παθῶν
3344 2990 3706 3057 σαλευομένην
3730 2990 3874 3058 (Π),

2299 3085 2431 3152 μήτε
2475 3079 2578 3133 ὑπὸ
2628 3078 2735 3132 τῶν
2772 3079 2982 3147 ψευδῶν
3031 3078 3312 3147 δογμάτων
3358 3079 3442 3131 διὰ
3504 3078 3878 3145 πιθανότητος

2298 3172 2747 3245 προκαλουμένων
2778 3172 2855 3233 είς
2882 3167 3272 3238 συγκατάθεσιν
3295 3169 3748 3239 περιελκομένην,
3788 3169 3874 3220 ἵνα

2296 3271 2468 3339 κτήσῃ
2500 3266 2597 3338 τὴν
2622 3267 2838 3336 εἰρήνην
2869 3261 2961 3315 τοῦ
2991 3261 3122 3314 Θεοῦ
3153 3261 3250 3332 τὴν
3283 3261 3650 3331 ὑπερέχουσαν
3682 3262 3876 3316 πάντα

2293 3357 2436 3418 νοῦν,
2466 3355 2802 3426 φρουροῦσαν
2835 3354 2929 3424 τὴν
2969 3353 3192 3424 καρδίαν
3215 3369 3326 3407 σου.
3357 3356 3414 3408 ὐ
3441 3353 3616 3424 ζητῶν
3640 3355 3875 3425 εἰρήνην

2294 3448 2526 3518 Χριστὸν
2551 3446 2788 3516 ὲκζητεῖ,
2840 3446 2919 3498 ὅτι
2972 3444 3132 3507 αὑτός
3176 3446 3320 3498 ἐστιν
3349 3448 3380 3516 ἡ
3412 3447 3598 3517 εἰρήνη
3631 3445 3773 3514 (l8),
3817 3444 3875 3506 ὃς

2294 3541 2470 3593 ἔκτισε
2503 3540 2628 3601 τοὺς
2654 3538 2745 3590 δύο
2775 3539 2854 3600 είς
2884 3535 2978 3588 ἕνα
2995 3535 3175 3588 καινὸν
3195 3535 3492 3606 ἄνθρωπον,
3512 3535 3681 3587 ποιῶν
3713 3535 3875 3603 εἰρή-

2294 3649 2411 3702 νην,
2440 3629 2532 3683 καὶ
2564 3628 2977 3700 εἰρηνοποιήσας
2999 3626 3084 3679 διὰ
3113 3628 3204 3680 τοῦ
3245 3629 3472 3698 αἵματος
3489 3625 3582 3677 τοῦ
3620 3621 3871 3695 σταυροῦ

2296 3720 2482 3788 αὑτοῦ,
2515 3719 2624 3772 εἴτε
2656 3719 2724 3772 τὰ
2760 3720 2816 3771 ὲν
2839 3718 2952 3779 τοῖς
2974 3717 3220 3786 οὐρανοῖς
3245 3717 3352 3769 εἴτε
3377 3719 3443 3768 τὰ
3473 3717 3563 3768 ἐπὶ
3599 3715 3703 3785 τῆς
3735 3717 3868 3788 γῆς.

2369 3901 2452 3954 Η.
2502 3901 2809 3967 Ὀφθαλμοὶ
2851 3901 3072 3966 Κυρίου
3122 3897 3218 3950 ἐπὶ
3273 3895 3522 3961 δικαίοις
3547 3935 3562 3959 ,
3600 3897 3698 3950 καί
3740 3892 3868 3951 ὦτα

2294 3992 2479 4047 αὑτοῦ
2519 3994 2605 4054 εὶς
2652 3991 2864 4056 δέησιν
2915 3989 3130 4044 αὐτῶν.
3175 3990 3382 4061 Ὠσπερ
3422 3990 3471 4041 οἱ
3523 3989 3667 4057 ἀγιοι
3705 3989 3869 4058 σῶμα

2297 4089 2400 4139 εἱσι
2434 4083 2667 4155 Χριστοῦ
2703 4085 2795 4136 καὶ
2831 4084 2964 4154 μέλη
3002 4085 3065 4136 ὲκ
3111 4083 3328 4153 μέρους·
3384 4083 3475 4136 καὶ
3499 4081 3651 4134 ἔθετο
3679 4083 3706 4133 ὁ
3732 4080 3868 4143 Θεὸς

2299 4179 2354 4230 ὲν
2386 4178 2450 4246 τῇ
2487 4174 2780 4245 Ἐκκλησία
2817 4175 2942 4237 τοὺς
2975 4175 3072 4244 μὲν
3094 4173 3418 4243 ὀφθαλμοὺς,
3450 4175 3573 4235 τοὺς
3605 4173 3665 4225 δὲ
3687 4171 3868 4241 γλώσ-

2302 4287 2418 4332 σας,
2467 4267 2681 4338 ὲτέρους
2713 4267 2816 4335 (19)
2858 4267 2946 4318 τὸν
2980 4266 3086 4318 τῶν
3125 4264 3352 4335 χειρῶν,
3408 4265 3497 4316 καὶ
3538 4264 3734 4326 ἄλλους
3773 4263 3866 4315 τὸν

2300 4363 2406 4416 τῶν
2436 4359 2608 4413 ποδῶν
2637 4358 2928 4428 ἐπέχοντας
2975 4358 3130 4424 λόγον
3151 4372 3163 4384 ⁶
3198 4356 3337 4407 οὕτω
3371 4355 3463 4406 καὶ
3487 4356 3542 4406 αἱ
3579 4355 3734 4422 ἅγιαι
3772 4355 3863 4406 δυο

2302 4453 2494 4522 νὰμεις
2525 4453 2577 4503 αἱ
2612 4447 2975 4518 πνευματικαὶ
3011 4447 3104 4498 καὶ
3146 4447 3272 4517 περὶ
3307 4446 3396 4498 τὸν
3433 4445 3683 4514 οὐράνιον
3710 4442 3864 4498 οὖσαι

3047 4603 3092 4635 ⁷³
3125 4601 3333 4657 Coloss.
3372 4615 3410 4655 t.
3446 4598 3532 4652 20.
3613 4598 3661 4630 ⁸⁸
3687 4597 3706 4651 1
3731 4598 3858 4654 Cor.

2232 4801 2272 4855 Β
2309 4831 2436 4868 mss.
2474 4813 2688 4867 Statim.
2719 4811 2804 4864 ubi
2838 4809 2965 4863 editi
2997 4808 3215 4861 confuse
3245 4805 3545 4876 ἐπισκοπὴν
3570 4805 3729 4874 ἡμῶν
3759 4823 3862 4860 πα-

2309 4883 2623 4956 ραδέχεσθαι
2657 4881 2689 4951 ἢ
2722 4879 3093 4956 πιστευθῆναι,
3118 4889 3392 4956 octontss.
3425 4877 3614 4956 ittelins
3635 4887 3690 4929 et
3734 4877 3862 4956 sim-

2309 4945 2494 5024 plicius
2540 4945 2758 5024 habent
2789 4945 3087 5018 ἐπισκοπὴν
3125 4946 3286 5024 Δἡμῶν
3325 4945 3704 5024 πιστευθῆναι..
3734 4947 3861 5024 Qua:

2309 5017 2488 5077 autem
2537 5021 2656 5089 ejus
2689 5021 2760 5073 rei
2808 5035 2974 5089 causa
3001 5017 3288 5078 etstiterit,
3319 5017 3538 5089 quilibet
3566 5017 3726 5089 paulo
3761 5017 3862 5089 hu-

2309 5095 2515 5147 Inanior
2547 5085 2702 5144 facile
2736 5090 2895 5144 videt.
2921 5088 3194 5143 Librarius
3226 5088 3401 5156 igitur,
3432 5086 3543 5138 sive
3570 5087 3711 5154 quod
3747 5085 3858 5151 ejus

2307 5180 2464 5229 quem
2516 5163 2852 5215 describebat
2905 5158 3021 5213 libri
3067 5159 3382 5229 scripturam
3431 5157 3563 5210 satis
3621 5166 3766 5229 certo
3799 5169 3858 5208 ac

2309 5226 2507 5302 liquido
2537 5231 2841 5302 perspicere
2876 5244 2979 5302 non
3027 5237 3224 5302 posset,
3255 5226 3858 5302 dubitaretquehoean

2311 5292 2398 5357 illi)
2435 5292 2590 5356 modo
2629 5292 2884 5369 scriptum
2926 5292 3082 5362 foret,
3116 5298 3230 5369 sive
3282 5298 3420 5364 quod
3451 5292 3594 5347 aliud
3647 5296 3698 5346 itt
3741 5292 3858 5346 aliis

2310 5373 2711 5440 excitiplaribtts
2742 5368 3023 5440 scriptum
3063 5368 3388 5440 reperisset,
3426 5373 3711 5440 utrumque
3759 5379 3855 5440 po-

2311 5447 2436 5505 suit,
2471 5434 2526 5495 et
2555 5441 2815 5494 lectorum
2841 5434 3042 5507 judicio
3066 5438 3338 5504 permisit,
3374 5446 3546 5507 utrum
3576 5434 3754 5487 verius
3783 5434 3857 5482 vi-

2311 5518 2544 5567 deretur.
2566 5511 2618 5562 ld
2653 5511 2763 5564 ﬁeri
2789 5505 3000 5562 solitum
3024 5507 3226 5576 jamdiu
3262 5505 3438 5576 docuit
3464 5518 3648 5576 earum
3684 5517 3856 5576 rerum

2307 5586 2540 5651 optimus
2570 5582 2729 5650 judex
2791 5571 3038 5632 Muretus
3089 5577 3281 5651 lib._x_v_
3325 5572 3443 5651 Ver.
3473 5574 3618 5639 lect.,
3665 5589 3713 5627 ρ.
3768 5571 3853 5638 16,

2307 5645 2456 5720 cujus
2495 5645 2653 5706 verba
2696 5651 3002 5704 exscribere
3032 5665 3133 5703 non
3159 5645 3534 5701 dubitavimus.
