4068 6318
189 350 299 405 377

1308 348 1589 403 ιιοΜιιιΑ
1631 347 1699 401 ιΝ
1734 346 2069 403 PSALMUM
2106 343 2345 399 XXXI".

3307 344 3410 399 578

186 466 374 525 τόπον,
400 467 451 515 αί
483 464 578 532 μὲν
610 462 873 533 ὀφθαλμοὶ
905 462 1176 530 λέγονται,
1216 462 1292 533 τῷ
1322 461 1416 532 τὴν
1451 462 1746 531 ἐπισκοπὴν

1852 460 2013 525 oeuli,
2040 461 2179 529 quod
2229 459 2594 515 concreditum
2637 458 2715 513 eis
2754 458 2823 513 sil
2858 472 3053 513 munus
3104 472 3200 512 nos
3246 459 3413 526 inspi-

187 554 349 624 ἡμῶν
371 550 735 621 πιστευθῆναι,
763 555 816 604 αἱ
844 554 899 605 δὲ
918 547 1049 615 ὦτα,
1075 552 1149 621 τῷ
1180 550 1571 623 παραδέχεσθαι
1594 552 1745 620 ἡμῶν

184 645 287 707 τάς
316 645 545 714 δεήσεις.
581 644 691 697 Νῦν
729 640 821 697 οῦν
865 644 961 714 τὴν
994 644 1289 713 ἐποπτικὴν
1320 642 1473 712 ἡμῶν
1500 642 1745 711 δύναμιν,

184 738 283 789 καί
323 738 421 806 τὴν
470 736 575 787 τῶν
626 737 791 806 εὐχῶν
839 736 1243 806 ἀντιληπτικὴν,
1293 736 1598 806 ὀφθαλμοὺς
1627 731 1745 786 εἷπε

187 828 282 880 καὶ
344 822 474 880 ὦτα.
534 827 845 895 Ὀρθαλμοὶ
889 822 1002 879 οὖν
1046 828 1265 894 Κυρίου
1310 828 1408 879 ἐπὶ
1460 828 1743 889 δικαίους,

184 921 287 973 καὶ
334 916 449 973 ὦτα
489 919 674 973 αὑτοῦ
715 923 800 984 εἰς
839 918 1051 985 δέησιν
1089 920 1302 972 αὐτῶν.
1351 919 1561 989 Ἐπειδὴ
1602 922 1747 971 πᾶσα

185 1012 389 1081 πρᾶξις
426 1011 517 1064 τοῦ
556 1012 761 1064 δικαίου
798 1010 918 1072 ἀξία
949 1010 1044 1079 τῆς
1080 1010 1308 1081 Θεωρίας
1336 1010 1426 1061 τοῦ
1461 1010 1616 1070 Θεοῦ,
1652 1010 1744 1062 καὶ

184 1103 297 1154 πᾶν
352 1103 527 1172 ῥῆμα,
585 1102 659 1169 τῷ
716 1100 877 1171 μηδὲν
935 1100 1117 1170 ἀργῶς
1175 1101 1419 1168 λέγεσθαι
1463 1102 1611 1171 παρά
1656 1100 1747 1153 τοῦ

183 1196 419 1258 δικαίου,
460 1194 673 1264 ἐνεργόν
715 1194 829 1244 ἐστι
863 1194 953 1245 καὶ
987 1192 1317 1263 ἔμπρακτον,
1352 1192 1440 1245 διὰ
1478 1192 1635 1245 τοῦτο
1664 1192 1749 1244 ἀεὶ

186 1286 487 1358 ἐρορᾶσθαι
518 1286 608 1337 καὶ
645 1286 728 1337 ἀεὶ
760 1286 1130 1338 είσακούεσθαι
1160 1284 1248 1336 τὸν
1284 1284 1487 1337 δίκαιον
1528 1287 1555 1337 ὁ
1596 1285 1751 1352 λόγος

187 1380 344 1448 φησί.
380 1379 703 1445 Πρόσωπον
743 1376 810 1428 δὲ
841 1378 1057 1444 Κυρίου
1088 1375 1182 1428 ἐπὶ
1219 1375 1537 1441 ποιοῦντας
1577 1376 1748 1442 κακὰ,

186 1471 298 1524 τοῦ
336 1469 751 1536 ἐξολοθρεῡσαι
778 1469 843 1520 ἐκ
877 1467 987 1537 γῆς
1018 1466 1084 1519 τὸ
1112 1468 1506 1535 μνημόσυνον
1532 1467 1747 1522 αὐτῶν.

188 1556 486 1626 Πρόσωπον
532 1554 639 1620 (20)
693 1548 841 1621 οἶμαι
892 1553 989 1621 τὴν
1042 1553 1598 1623 πεπαρρησιασμένην
1658 1552 1753 1605 καὶ

189 1646 435 1716 φανερὰν
465 1646 555 1698 τοῦ
596 1647 799 1713 Κυρίου
827 1644 1115 1713 ἐπιδημίαν
1150 1644 1245 1713 τὴν
1272 1645 1360 1696 ἐπὶ
1392 1643 1487 1713 τῆς
1521 1643 1751 1715 κρίσεως

187 1738 463 1808 λέγεσθαι.
496 1738 584 1790 Διὸ
615 1738 705 1789 καὶ
732 1735 996 1805 ὀφθαλμοὶ
1024 1737 1248 1807 Κυρίου,
1272 1736 1345 1798 ὡς
1368 1734 1445 1787 ἔτι
1479 1736 1589 1804 (21)
1624 1735 1753 1805 πόρ-

1847 552 2047 615 ciendi,
2077 551 2195 605 alia:
2227 565 2405 614 aures,
2437 550 2579 619 quod
2612 559 2826 604 nostras
2884 564 3071 619 preces
3112 551 3403 621 excipiant.

1846 640 1999 694 Nunc
2024 641 2186 709 igitur
2211 640 2504 710 potentiam
2537 654 2654 707 qua:
2694 654 2792 693 nos
2845 640 3080 708 inspicit,
3136 650 3189 695 et
3224 652 3405 709 poten-

1850 734 1978 787 tiam
2032 748 2149 801 qua:
2200 746 2387 801 preces
2422 732 2667 799 suscipit,
2723 732 2911 787 oculos
2963 733 3097 787 dixit
3146 743 3413 789 etaures.

1850 824 2004 878 Oculi
2052 826 2215 893 igitur
2255 823 2469 876 Domini
2514 840 2670 889 super
2695 823 2888 891 justas,
2943 835 2989 879 et
3040 842 3191 879 aures
3218 826 3329 895 ejus
3358 827 3412 879 in

1848 933 2020 987 preres
2044 932 2242 969 eorum.
2279 916 2541 981 Quoniam
2579 918 2752 969 omnis
2777 916 2907 985 justi
2937 920 3078 972 actio
3122 920 3279 989 digna
3324 929 3407 973 est

1848 1024 1967 1075 quae
2000 1022 2027 1059 a
2060 1007 2164 1059 Deo
2193 1007 2533 1073 inspiciatur,
2570 1016 2622 1060 et
2656 1023 2815 1063 omne
2848 1009 3095 1074 verbum,
3125 1025 3245 1063 cum
3278 1010 3409 1064 nihil

1848 1102 2019 1154 otiose
2045 1115 2071 1150 a
2113 1098 2258 1166 justo
2292 1098 2526 1163 dicatur,
2565 1110 2841 1155 actuosum
2890 1110 2973 1153 est
3008 1110 3062 1153 et
3093 1100 3301 1167 cchax,
3329 1103 3412 1157 id-

1851 1193 1995 1245 circo
2018 1191 2217 1259 justum
2271 1205 2483 1256 semper
2514 1191 2754 1258 conspici
2814 1200 2867 1245 et
2906 1206 3118 1261 semper
3166 1193 3411 1248 exaudiri

1851 1282 1964 1336 lucc
1995 1282 2083 1335 illa
2115 1284 2274 1333 verba
2299 1284 2511 1335 docent.
2540 1281 2724 1355 (Vsus.
2754 1283 2865 1355 l7.)
2901 1281 3085 1336 Vultus
3102 1294 3272 1338 autem
3308 1285 3419 1339 Do-

1851 1375 1978 1427 mini
2028 1391 2181 1441 super
2216 1376 2465 1440 facientes
2512 1376 2674 1440 mala,
2717 1387 2772 1429 ut
2812 1379 2995 1444 perdat
3046 1379 3108 1430 de
3139 1388 3275 1430 terra
3306 1393 3414 1431 me-

1851 1469 2071 1519 moriam
2128 1483 2328 1520 eorum.
2391 1468 2642 1521 Arbitror
2669 1478 2911 1537 apertum
2960 1484 3022 1523 ac
3063 1470 3410 1539 conspicuum

1854 1558 2065 1612 Domini
2101 1559 2164 1611 ad
2213 1560 2470 1625 judicium
2524 1562 2811 1613 adventum
2861 1562 2966 1615 dici
3000 1560 3229 1613 vultum.
3270 1562 3414 1628 Qua-

1852 1658 2066 1717 pr0pter
2092 1660 2143 1701 et
2192 1650 2330 1701 oculi
2387 1650 2615 1715 [)oiniui,
2655 1649 2799 1703 velut
2842 1651 3014 1705 adhuc
3063 1651 3277 1705 eminus
3308 1666 3412 1708 nos

1855 1740 2208 1807 inspicientis.
2242 1739 2445 1808 justum
2478 1740 2674 1794 intueri
2702 1742 2954 1795 dicuntur
2982 1742 3026 1773 “
3053 1760 3066 1808 ;
3094 1743 3206 1810 ipse
3232 1751 3411 1798 autem

189 1832 366 1904 ρωθεν
403 1830 819 1891 ἐπισκοποῦντος
859 1830 1037 1898 ἡμᾶς,
1078 1828 1386 1882 ἐπιϐλέπειν
1419 1827 1507 1879 τὸν
1548 1827 1746 1879 δίκαιον

1856 1832 2035 1884 vultus
2089 1831 2286 1885 dicitur
2329 1833 2690 1899 apparitores,
2742 1834 2809 1886 ad
2854 1849 3068 1888 onmem
3106 1835 3405 1904 iniquitatis

187 1925 473 1995 εἴρηνται·
507 1922 635 1975 αὐτὸ
659 1921 714 1973 δὲ
762 1921 823 1973 τὸ
860 1921 1146 1992 πρόσωπον
1176 1919 1618 1988 ἐπιφανήσεσθαι,
1660 1919 1753 1971 ἐπὶ

187 2018 247 2070 τὺ
284 2014 658 2085 ἐξολοορεῦσαι
690 2014 754 2066 ὲκ
783 2014 883 2084 γῆς
914 2015 1018 2066 πᾶν
1040 2013 1098 2066 τὸ
1126 2013 1225 2081 τῆς
1255 2012 1516 2082 πονηρίας
1547 2012 1754 2083 μνημό⁴

188 2127 372 2161 συνον.
416 2108 504 2177 Μὴ
540 2106 645 2177 γάρ
690 2124 779 2177 μοι
830 2104 1149 2176 σωματικῶς
1186 2104 1648 2173 διαπεπλασμένον
1695 2104 1755 2156 τὸ

188 2200 480 2269 πρόσωπον
510 2197 603 2251 τοῦ
635 2197 767 2251 Θεοῦ
797 2199 991 2269 νοήσῃς
1025 2196 1155 2266 (22)⁹
1199 2196 1317 2249 ἐπεὶ
1361 2195 1501 2249 οὕτω
1553 2213 1613 2263 γε
1665 2196 1754 2248 καὶ

188 2292 383 2357 ἄλογον
416 2286 549 2341 εἶναι
577 2290 716 2356 δόξει
756 2290 816 2342 τὸ
854 2289 1002 2359 παρά
1047 2286 1147 2357 τῆς
1187 2289 1404 2359 Γραιρῆς
1445 2286 1749 2357 εἰρημένον,

192 2381 301 2452 ἰδία
338 2381 433 2451 μὲν
467 2381 770 2450 ὀφθαλμοὺς
805 2380 1066 2450 ὑπάρχειν
1116 2379 1515 2448 ἐπιλάμποντας
1543 2378 1619 2445 τῷ
1672 2376 1750 2428 δι-

188 2474 353 2544 καίῳ,
389 2474 491 2543 ἰδίᾳ
521 2472 576 2525 δέ
613 2472 673 2524 τὸ
712 2472 995 2543 πρόσωπον
1026 2470 1407 2540 ἐπιφερόμενον
1448 2471 1558 2531 τοῖς
1598 2485 1754 2538 πονη-

191 2570 327 2639 ροῖς.
377 2569 567 2620 Καίτοι
601 2566 724 2619 οὔτε
766 2564 1028 2633 ὀφθαλμοὶ
1079 2564 1244 2633 χωρὶς
1288 2560 1575 2633 προσώπου
1618 2563 1748 2632 (25),

186 2657 313 2710 οῦτε
350 2658 633 2727 πρόσωπον
656 2653 944 2723 ὀφθαλμῶν
979 2656 1122 2705 ἐστιν
1157 2652 1398 2722 ἄμοιρον.
1439 2652 1752 2722 Ἀνθρωπος

192 2752 294 2820 μὲν
333 2746 426 2802 οὖν
478 2750 538 2801 οῦ
583 2748 654 2818 μὴ
690 2748 771 2817 ἴδῃ
806 2747 863 2798 τὸ
888 2746 1172 2817 πρόσωπον
1205 2746 1428 2817 Κυρίου,
1473 2748 1563 2797 καὶ
1590 2746 1750 2814 ζήσε-

188 2861 279 2896 ται
308 2860 319 2873 ·
354 2844 402 2894 οἱ
444 2841 498 2893 δὲ
535 2840 751 2909 ἄγγελοι
780 2840 884 2893 τῶν
920 2842 978 2892 ἐν
1004 2843 1069 2911 τῇ
1114 2840 1401 2910 Ἐκκλησία
1435 2837 1642 2908 μικρῶν
1666 2837 1752 2891 διά

190 2933 390 2996 παντὸς
417 2932 665 3001 βλέπουσι
698 2932 756 2985 τὸ
783 2932 1069 3002 πρόσωπον
1099 2931 1188 2982 τοῦ
1219 2930 1426 2998 Πατρὸς
1455 2929 1609 2999 ἡμῶν
1640 2929 1749 2999 (24)

186 3026 280 3077 τοῦ
326 3027 383 3078 ἐν
414 3028 523 3088 τοῖς
559 3026 821 3095 οὐρανοῖς.
866 3024 1007 3074 Διότι
1056 3023 1148 3074 νῦν
1193 3023 1289 3091 μὲν
1328 3024 1572 3093 χωρῆσαι
1607 3025 1751 3094 ἡμᾶς

186 3118 285 3189 τὴν
324 3116 450 3170 θέαν
486 3116 584 3186 τῆς
619 3114 823 3177 ἐνδόξου
857 3114 1174 3182 ἐπιφανείας
1209 3114 1293 3167 διὰ
1336 3115 1432 3185 τὴν
1472 3116 1751 3170 ἀσθένειαν

183 3211 285 3279 τῆς
317 3209 515 3279 σαρκὸς
534 3208 629 3277 τὴν
652 3207 1037 3278 περικειμένην
1060 3210 1189 3278 ἡμῖν
1218 3209 1523 3279 ἀμήχανον·
1552 3212 1598 3262 οἱ
1633 3210 1749 3280 μέν·

186 3316 266 3352 τοι
301 3298 549 3366 ἄγγελοι,
592 3297 669 3367 τῷ
713 3298 877 3369 μηδὲν
927 3299 1067 3368 ἔχειν
1110 3300 1471 3370 προκάλυμμα
1512 3303 1748 3357 τοιοῦτον

187 3391 569 3463 παραπλήσιον
612 3394 676 3461 τῇ
716 3394 958 3463 ἡμετέρᾳ
1004 3392 1184 3462 σαρκὶ,
1223 3392 1310 3443 ὑπ’
1334 3391 1543 3454 οὐδενὸς
1579 3396 1747 3463 ἐμπο-

182 3482 418 3547 δίζονται
473 3481 731 3553 διηνεκῶς
790 3484 1112 3547 ἐνατενίζειν
1183 3482 1261 3553 τῷ
1320 3483 1592 3554 προσώπῳ
1646 3486 1744 3554 τῆς

186 3573 347 3641 δόξης
381 3571 470 3624 τοῦ
495 3572 650 3624 Θεοῦ.
696 3573 856 3624 Ὥστε
887 3575 979 3625 καὶ
1012 3575 1188 3642 ἡμεῖς,
1222 3574 1438 3625 ἐπειδὰν
1466 3571 1746 3642 γενώμεθα

188 3667 294 3717 uio}.
306 3665 405 3733 τῆς
430 3666 793 3725 ἀναστάσεως,
811 3664 925 3714 τότε
948 3663 1459 3733 καταξιωθησόμεθα
1478 3667 1569 3734 τῆς
1594 3666 1749 3736 πρόσ-

183 3775 332 3810 ωπον
387 3758 518 3828 πρὸς
558 3756 841 3823 πρόσωπον
888 3755 1155 3821 γνώσεως.
1199 3758 1329 3808 Τότε
1367 3757 1420 3810 δὲ
1447 3763 1492 3812 οἱ
1532 3759 1625 3827 μὲν
1667 3758 1744 3811 δί-

183 3864 329 3900 καιοι
370 3849 426 3899 ἐν
468 3845 778 3911 ἀγαλλιάσει
821 3846 918 3915 τῆς
967 3846 1093 3911 θέας
1135 3847 1226 3899 τοῦ
1288 3849 1573 3918 προσώπου
1623 3869 1749 3905 κατ-

1853 1923 2165 1976 memoriam
2220 1924 2285 1977 de
2331 1933 2473 1976 terra
2507 1924 2809 1979 delendam.
2843 1925 2984 1980 Cave
3023 1927 3163 1980 enim
3201 1927 3407 1996 cogites

1855 2013 1947 2066 Dei
2003 2014 2206 2065 vultum
2256 2014 2518 2083 corporali
2582 2016 2763 2083 specie
2814 2028 2935 2068 esse
2988 2017 3408 2070 conformatum.

1852 2104 2105 2172 AliOquin
2149 2105 2217 2157 ita
2244 2120 2455 2173 quoque
2482 2106 2771 2159 absurdum
2792 2106 3060 2160 videbitur
3090 2109 3234 2176 quod
3263 2106 3412 2161 Scri-

1854 2204 2011 2263 plurn
2061 2194 2215 2257 dixit,
2257 2209 2498 2247 seorsum
2532 2196 2748 2264 quidem
2782 2196 2966 2252 oculos
2994 2213 3115 2253 esse
3150 2200 3241 2268 qui
3267 2200 3413 2269 justo

1853 2282 2161 2351 aﬂnlgeant,
2195 2298 2439 2337 seorsum
2484 2298 2608 2338 vero
2641 2285 2843 2337 vultum
2886 2289 2976 2355 qui
3022 2289 3073 2340 in
3118 2289 3287 2343 malos
3330 2290 3413 2343 in-

1855 2386 2031 2429 tentus
2062 2376 2151 2429 sit.
2190 2375 2255 2429 Et
2283 2390 2409 2430 vero
2434 2390 2609 2446 neque
2636 2378 2776 2432 oculi
2820 2378 2935 2432 sine
2963 2380 3114 2435 vultu
3140 2391 3284 2443 sunt,
3311 2398 3411 2437 ne-

1852 2483 1955 2537 que
1981 2468 2155 2521 vultus
2201 2482 2396 2536 expers
2426 2480 2507 2523 est
2535 2470 2835 2523 oculorum.
2870 2471 3052 2527 Homo
3090 2474 3252 2543 igitur
3302 2490 3413 2531 non

1853 2561 2052 2615 videbit
2080 2560 2271 2615 faciem
2303 2561 2533 2625 Domini,
2564 2573 2615 2617 et
2643 2563 2785 2618 vivet
2810 2564 2854 2596 ⁸³
2892 2584 2903 2617 :
2932 2567 3108 2635 angeli
3165 2582 3288 2621 vere
3316 2582 3413 2622 eo-

1854 2670 1970 2707 rum
2004 2655 2092 2721 qui
2118 2654 2169 2708 in
2210 2654 2446 2707 Ecclesia
2483 2655 2658 2723 pusilli
2686 2666 2830 2722 sunt,
2865 2672 3081 2728 semper
3117 2660 3300 2715 vident
3327 2660 3412 2715 l'a-

1852 2746 1987 2799 ciem
2017 2746 2191 2799 Patris
2218 2748 2411 2808 nostri,
2438 2748 2527 2815 qui
2569 2749 2620 2800 in
2654 2749 2806 2803 cmlis
2841 2760 2921 2803 est
2951 2752 3016 2805 ".
3063 2752 3235 2818 Quare
3269 2768 3412 2808 nunc

1852 2838 2065 2906 quidem
2115 2838 2230 2891 ﬁeri
2266 2852 2370 2892 non
2402 2846 2600 2906 potest,
2656 2848 2714 2892 ut
2764 2855 2879 2904 nos,
2916 2841 3163 2911 gloriosa:
3188 2844 3413 2899 visionis

1853 2940 2155 2999 aspectum,
2184 2933 2254 2983 oh
2279 2934 2457 2986 carnis
2478 2932 2806 2988 debilitatem
2840 2950 2937 2989 nos
2960 2936 3411 3005 circuunlantem,

1854 3024 2361 3091 apprehendamus;
2420 3028 2594 3093 angeli
2638 3043 2806 3089 vero,
2859 3028 2999 3094 quod
3044 3030 3245 3082 nullum
3304 3032 3413 3086 tale

1853 3112 2216 3166 velamentum
2244 3114 2442 3168 habent
2466 3115 2616 3169 carni
2646 3125 2841 3169 nostrae
2868 3116 3165 3183 consimile,
3190 3136 3248 3174 re
3266 3122 3412 3176 nulla

1856 3205 2219 3273 impediuntur
2265 3207 2551 3273 quominus
2589 3206 2781 3261 faciem
2823 3209 3007 3279 gloriae
3064 3211 3154 3265 Dei
3209 3213 3415 3283 juglter

1852 3306 2305 3372 contemplemur.
2340 3305 2519 3371 Quare
2544 3316 2597 3359 et
2632 3322 2752 3370 nos,
2782 3316 3129 3379 posteaquam
3156 3309 3249 3364 lilii
3281 3311 3412 3365 laeti

1853 3394 2113 3449 fuerimus
2155 3396 2588 3459 resurrectionis,
2639 3406 2769 3450 tunc
2795 3413 2855 3450 ea
2889 3414 3006 3465 qum
3058 3411 3140 3453 est
3172 3400 3307 3454 faeie
3344 3402 3412 3456 ad

1852 3488 2041 3540 l'hciem
2069 3488 2375 3556 cognitione
2405 3488 2763 3559 dignabimur.
2785 3490 2937 3545 Tunc
2961 3492 3103 3545 enim
3126 3493 3257 3562 justi
3284 3509 3413 3548 con-

1854 3590 2098 3651 spectum
2140 3582 2354 3649 quidem
2390 3580 2563 3635 vultus
2595 3582 2644 3634 in
2674 3583 3037 3638 exsultatione
3071 3601 3411 3655 consequen~

1854 3684 1942 3726 tur
1966 3713 1981 3736 ,
2023 3683 2337 3740 peccatores
2362 3688 2491 3727 vero
2536 3673 2586 3725 in
2615 3673 2853 3741 judicio;
2893 3690 3012 3728 cum
3042 3675 3284 3729 futurum
3317 3678 3408 3743 sit,

1854 3777 1911 3819 ut
1948 3776 2225 3835 peccatum
2268 3782 2427 3820 omne
2461 3769 2605 3835 justa
2653 3768 2742 3821 Dei
2774 3769 3041 3822 sententia
3078 3771 3409 3827 extermine-

1857 3868 1959 3913 lttr.

183 3938 596 4004 αξιωθήσονται·
646 3939 695 3989 οἱ
736 3937 791 3989 δὲ
820 3938 931 4009 (25)
962 3939 1272 4008 ἁμαρτωλοὶ
1319 3941 1374 3992 ὲν
1413 3941 1607 4011 κρίσει,
1653 3944 1949 4016 μελλούσης
2009 3945 2449 4017 ἐξολοθρεύεσθαι
2514 3947 2663 4019 παρὰ
2691 3948 2787 4017 τῆς
2812 3947 3021 4011 δικαίας
3051 3948 3283 4018 κρίσεως
3308 3944 3404 4000 τοῦ

184 4028 322 4081 Θεοῦ
355 4028 533 4097 πάσης
562 4028 657 4097 τῆς
692 4029 982 4099 ἁμαρτίας.

258 4119 348 4172 12.
403 4117 754 4186 Ἐκέκραξαν
787 4121 838 4170 οὶ
873 4118 1108 4178 δίκαιοι,
1159 4117 1255 4169 καὶ
1300 4121 1329 4171 ό
1372 4120 1581 4187 Κύριος
1628 4124 1749 4173 εἱσ-

181 4211 455 4279 ήκουσεν
476 4211 690 4275 αὐτῶν,
720 4212 813 4265 καί
832 4214 897 4264 ἐκ
928 4210 1136 4265 πασῶν
1152 4212 1267 4265 τῶν
1279 4214 1540 4281 θλίψεων
1555 4214 1750 4269 αὐτῶν

182 4308 477 4375 ἐρῤύσατο
494 4305 731 4368 αὐτούς.
766 4305 946 4374 Νοητὴ
974 4303 1079 4355 τῶν
1108 4305 1327 4357 δικαίων
1356 4309 1386 4374 ή
1422 4310 1653 4377 κραυγὴ,
1691 4310 1747 4360 ἐν

182 4400 261 4469 τῷ
301 4396 526 4468 κρυπτῷ
561 4396 659 4465 τῆς
693 4397 911 4465 καρδίας
951 4396 1045 4465 τὴν
1096 4399 1499 4467 μεγαλοφωνίαν
1532 4400 1743 4469 ἔχουσα,

1923 4124 2008 4178 12.
2068 4124 2227 4180 Vens.
2284 4126 2368 4177 18.
2428 4123 2795 4179 Clamaveruut
2837 4124 2992 4193 justi,
3040 4135 3090 4179 et
3152 4126 3409 4180 Dominus

1852 4219 2119 4271 exaudivit
2163 4234 2290 4278 eos,
2346 4226 2393 4269 et
2434 4233 2497 4269 ea:
2559 4219 2794 4272 omnibus
2860 4218 3281 4272 tribulationibus
3322 4236 3409 4271 eo-

1853 4326 1965 4361 rum
2005 4308 2245 4360 liberavit
2287 4324 2393 4362 eos.
2436 4310 2704 4377 Spiritalis
2752 4322 2831 4364 est
2884 4310 3151 4376 justorum
3182 4308 3407 4375 clamor,

1852 4401 1903 4453 in
1938 4399 2149 4453 occulto
2184 4400 2362 4453 cordis
2390 4416 2599 4455 recessu
2629 4416 2809 4453 vocem
2845 4401 3005 4454 altam
3032 4400 3220 4464 edens,
3252 4402 3411 4471 quip-

182 4489 457 4559 δυναμένη
500 4484 779 4555 ἐφικέσθαι
822 4486 931 4556 (26)
978 4488 1067 4539 καὶ
1104 4488 1277 4539 αὐτῶν
1321 4490 1427 4541 τῶν
1461 4489 1612 4543 ῶτων
1656 4492 1745 4543 τοῦ

1852 4509 1915 4561 pe
1940 4495 2026 4563 qui
2059 4496 2123 4548 ad
2161 4496 2302 4563 ipsas
2330 4496 2488 4548 etiam
2531 4491 2623 4545 Dei
2667 4506 2825 4546 aures
2877 4503 3038 4562 queat
3081 4494 3402 4563 pertingere.

182 4582 339 4635 Θεοῦ.
386 4583 441 4633 '0
463 4583 568 4651 γάρ
607 4579 813 4649 μεγάλα
864 4580 1059 4643 αἰτῶν,
1107 4580 1201 4632 καὶ
1248 4581 1373 4648 περὶ
1414 4582 1745 4652 ἐπουρανίων

183 4674 496 4746 εὐχόμενος,
542 4668 691 4736 οὗτος
716 4671 937 4735 κράζει,
986 4673 1078 4723 καὶ
1122 4672 1390 4744 ἀκουστὴν
1438 4674 1743 4745 ἀναπέμπει

1850 4586 1948 4650 Qui
1985 4587 2125 4638 enim
2160 4600 2349 4654 magna
2398 4582 2552 4651 petit,
2587 4593 3019 4654 apprecaturque
3054 4583 3318 4647 emlestia,
3362 4583 3407 4636 is

1850 4680 2045 4731 clamat
2075 4689 2129 4732 et
2159 4692 2349 4747 preces
2378 4691 2497 4747 qua:
2536 4678 2899 4733 exaudiantur
2930 4679 2996 4732 ad
3027 4678 3190 4732 Deum
3226 4684 3408 4729 trans—

255 4875 303 4908 ⁸¹
340 4876 480 4929 l’sal.
518 4888 701 4932 xxxut.
737 4873 820 4927 l6.
897 4874 941 4905 ⁸¹
971 4874 1135 4927 Exod.
1178 4890 1366 4942 χχχιιι,
1393 4874 1480 4929 20.
1558 4877 1603 4908 ⁸⁸
1634 4876 1739 4929 Mat

1859 4892 2015 4944 xvm,
2053 4879 2139 4934 50.

256 5082 373 5152 (20)
402 5082 534 5135 Editi
561 5098 679 5154 cum
714 5100 817 5154 uno
847 5098 941 5136 ms.
978 5083 1264 5154 πρόσωπον
1293 5086 1371 5144 δέ,
1423 5084 1476 5137 lu
1510 5086 1727 5154 reliquis

185 5168 315 5205 vero
346 5168 474 5205 mss.
506 5153 686 5206 vocula
718 5153 772 5204 δέ
800 5153 1083 5205 omittitur.
1124 5156 1340 5213 Ibidem,
1376 5156 1461 5206 ubi
1496 5155 1544 5205 in
1573 5153 1729 5209 editis

186 5224 402 5290 legitur,
444 5222 539 5292 τὴν
569 5224 1117 5293 πεπαρρησιασμένην
1148 5225 1240 5275 καὶ
1266 5225 1517 5294 φοϐεράν,
1562 5228 1731 5276 ninni-

183 5294 376 5361 [estum
414 5308 475 5343 ac
508 5293 885 5357 formidabilem
910 5297 1201 5355 adventum,
1239 5293 1495 5361 St‘l'tpltltlt
1528 5294 1732 5346 inveni-

183 5378 303 5414 mus
334 5363 387 5413 in
422 5377 605 5413 novem
644 5378 769 5414 mss.
802 5362 897 5431 τὴν
927 5365 1477 5433 πεπαρρησιασμένην
1510 5364 1601 5414 καὶ
1633 5381 1733 5431 φα-

183 5433 368 5501 νεράν,
404 5446 635 5501 apertum
664 5444 705 5483 et
741 5436 1069 5487 conspicuum
1104 5438 1393 5487 adventum.

254 5502 370 5568 (21)
419 5499 550 5554 Octo
602 5518 728 5571 tuss.
766 5502 844 5554 διὸ
897 5501 1161 5571 ὀφθαλμοὶ
1219 5502 1315 5571 μὲν
1364 5504 1438 5566 ὼς
1487 5502 1734 5558 £1!"th

185 5572 336 5622 multi
372 5586 499 5623 mss.
536 5570 626 5621 ἐπὶ
646 5571 738 5639 τῷ.

256 5639 367 5707 (22)
403 5642 540 5694 Editi
568 5642 838 5710 ἐννοήσῃς.
871 5643 936 5712 At
982 5651 1180 5707 septem
1215 5657 1341 5694 mss.
1374 5644 1588 5712 νοήσῃς.
1620 5642 1734 5696 Ali-

185 5719 383 5778 quanto
416 5722 689 5785 post_nt_ss.
722 5726 829 5785 sex,
850 5711 954 5781 ἰδίᾳ
979 5711 1105 5785 γάρ.
1133 5712 1279 5785 Editi
1319 5712 1423 5785 ἰδία
1450 5711 1566 5783 μέν.
1600 5713 1731 5785 Reg.

189 5791 405 5849 quartus
436 5791 490 5834 et
522 5781 669 5835 Culb.
703 5780 955 5848 septimus
991 5780 1093 5852 ἰδίᾳ
1121 5780 1444 5853 ὀφθαλμούς.

1906 5086 2176 5172 (25)βι1ίιί
2209 5090 2376 5172 χωρὶς
2400 5089 2491 5141 τοῦ
2509 5088 2839 5172 λεροσῴπου.
2875 5089 2945 5172 At
2980 5104 3107 5142 mss.
3138 5104 3240 5172 non
3274 5104 3407 5157 pau-

1834 5157 1887 5229 ei_
1928 5158 2094 5229 χωρίς
2140 5157 2447 5229 προσώπου.
2509 5157 2618 5211 Μοχ
2676 5160 2792 5211 loco
2839 5160 3134 5229 verborum
3170 5160 3403 5222 illorum,

1835 5225 1961 5300 οὔτεΔ
1988 5225 2274 5300 πρόσωπον
2316 5229 2605 5300 ὀφθαλμῶν
2657 5230 2803 5281 ἐστιν
2847 5230 3091 5300 ἄμοιρον,
3126 5228 3316 5300 legitur
3348 5232 3402 5300 in

1836 5296 2069 5376 editione
2112 5299 2268 5352 Basil.
2317 5299 2439 5351 οὗτε
2483 5299 2771 5368 πρόσωπον
2820 5296 2991 5370 χωρίς
3030 5300 3175 5351 ἐστιν
3202 5298 3408 5367 ὀφθαλ-

1883 5383 1953 5416 ων
1962 5406 1973 5415 .

1840 5382 2019 5555 μυὲἕί)
2042 5435 2133 5523 Ἰιτι
2160 5452 2284 5490 mss.
2319 5448 2546 5508 septem.
2585 5438 2723 5492 Editi
2752 5455 2870 5494 cum
2930 5439 3061 5509 Reg.
3105 5449 3257 5495 sexto
3294 5441 3404 5495 Πα-

1840 5521 1902 5555 το
1936 5522 1961 5555 ξ
1996 5523 2192 5555 αυτων.

1938 5522 1961 5557 ξ
1996 5523 2192 5557 αυτων.

1836 5521 1961 5574 τρος
1996 5521 2192 5558 αυτων.

1908 5576 2020 5649 (25)
2056 5575 2687 5649 01g6é,_e_lc.Peccutores
2719 5581 2769 5632 in
2799 5576 3251 5649 judicio.gSupple
3292 5576 3403 5633 ἀπὸ

1836 5645 2035 5707 κοινοῦ,
2086 5646 2182 5713 τῆς
2222 5646 2363 5719 ’θέας
2420 5649 2510 5699 τοῦ
2541 5645 2830 5719 προσώπου
2881 5646 3399 5717 καταξιωθήσονται,

1837 5728 2108 5787 causpectu
2150 5716 2315 5768 vultus
2357 5716 2727 5787 dignabuutur,
2757 5722 2847 5773 sed
2884 5716 3240 5772 tremelmudi.

1910 5785 2021 5855 (26)
2062 5788 2187 5856 Reg.
2226 5785 2421 5843 tertius
2441 5790 2745 5861 δυναμένην
2777 5787 3078 5844 ἐσικέσθαι.
