4098 6324
665 351 774 412 579

2007 362 2066 417 S.
2109 360 2358 418 BASlLll
2398 364 2610 421 MAGNI

3802 383 3902 438 580

666 468 851 521 mittit.
903 464 1268 520 Clemaverunt
1307 468 1487 536 itaque
1528 469 1702 539 justi;
1750 471 1882 525 nihil
1935 474 2220 542 abiectum,

2329 476 2406 546 τῷ
2441 477 2557 547 Θεῷ
2583 478 2677 550 τὴν
2693 481 2875 552 εὐχήν.
2907 484 3261 553 Ἐκέκραξαν
3281 484 3374 542 οὗν
3400 495 3453 545 οἱ
3473 493 3695 548 δίκαιοι
3718 512 3731 527 ·
3754 496 3907 549 οὒᾶν

665 558 796 613 nihil
829 568 1120 623 terrenum,
1157 559 1291 613 nihil
1323 559 1528 615 humile
1566 562 1942 631 inquisierunt.
1976 563 2226 635 Propter-

662 664 725 705 ea
792 664 979 704 vocem
1019 650 1258 717 ipsorum
1302 652 1540 719 suscepit
1575 650 1857 716 Dominus,
1892 654 2046 725 155
2077 665 2128 711 et
2160 671 2224 710 ex

662 738 913 795 Omnibus
948 737 1388 793 tribulationibus
1420 754 1612 794 eorum
1653 740 1911 795 liberavit
1964 760 2075 799 eos.
2122 746 2227 798 Ta-

666 846 786 886 men
810 847 915 886 non
945 839 1054 884 tam
1090 846 1183 885 eos
1219 846 1246 883 a
1284 833 1443 886 rebus
1472 832 1719 886 adversis
1757 834 2031 899 liberavit,
2067 851 2225 904 quam

661 938 753 977 eos
781 932 1092 977 eventorum
1119 924 1355 978 victores
1384 924 1581 977 elTecit.
1604 924 1789 994 (Vens.
1826 926 1938 994 19.)
1957 926 2121 994 Ρνορε
2152 938 2226 981 est

664 1013 917 1065 Dominus
952 1013 1017 1065 iis
1046 1014 1135 1080 qui
1169 1014 1395 1066 contrito
1426 1024 1545 1067 sunt
1581 1016 1759 1077 corde,
1792 1027 1837 1068 et
1872 1017 2092 1069 humiles
2120 1018 2225 1080 spi-

661 1105 767 1154 ritu
789 1102 1030 1155 saltabit.
1056 1101 1164 1156 Sua
1194 1103 1363 1171 ipsius
1389 1104 1628 1159 bonitate
1651 1106 1905 1160 omnibus
1935 1109 2224 1176 apprOpin-

660 1198 795 1257 quat
829 1190 1090 1243 Dominus
1134 1208 1147 1243 :
1183 1205 1287 1244 nos
1326 1206 1452 1244 vero
1492 1198 1834 1248 rem0vemus
1869 1197 2228 1265 nosmetipsos

659 1295 755 1348 per
804 1294 1107 1348 peccatum.
1151 1277 1287 1332 Ecce
1332 1282 1493 1343 enim,
1528 1282 1735 1349 inquit,
1771 1285 1858 1347 qui
1893 1284 2141 1353 elongant
2174 1304 2228 1340 se

660 1374 751 1425 abs
788 1383 854 1437 te,
884 1372 1123 1439 peribunt
1159 1372 1223 1425 “.
1256 1372 1595 1442 Quapropter
1632 1372 1842 1443 Moyses
1882 1374 1992 1431 Deo
2028 1392 2226 1446 appro-

660 1465 919 1533 pinquare
942 1464 1137 1518 dicitur
1155 1465 1233 1523 '5;
1265 1474 1319 1516 et
1347 1465 1390 1517 si
1422 1466 1511 1533 qui
1541 1464 1681 1520 alius
1706 1467 1754 1519 ei
1783 1467 1978 1523 similis
2004 1479 2107 1536 est,
2134 1484 2228 1532 per

658 1556 915 1623 praeclara
943 1556 1186 1611 facinora
1216 1568 1272 1611 et
1313 1558 1558 1611 actiones
1595 1558 1763 1612 bonas
1793 1559 1903 1614 Deo
1943 1576 2105 1630 prope
2136 1578 2227 1615 ac-

659 1647 821 1700 cedit.
856 1646 981 1703 Hzec
1014 1659 1193 1701 autem
1233 1648 1399 1701 verba
1441 1648 1781 1717 prophetiam
1830 1651 2095 1706 adventus
2124 1653 2227 1706 Do-

659 1738 789 1791 mini
825 1738 1004 1805 palam
1038 1739 1340 1802 continent,
1391 1741 1847 1810 consentiuntque
1888 1746 2227 1813 cum°priori-

659 1828 779 1882 bus.
834 1829 948 1883 Illic
1006 1831 1149 1883 enim
1206 1831 1488 1886 dicebatur
1536 1845 1550 1884 :

659 1920 906 1987 facientes
935 1924 1107 1986 mala,
1141 1924 1242 1976 hoc
1273 1932 1375 1990 est,
1431 1923 1548 1991 ejus
1580 1926 1631 1978 in
1662 1925 1866 1993 judicio
1902 1940 2224 1992 conspectus

657 2012 726 2066 ad
745 2012 1159 2081 disperdendam
1192 2031 1409 2070 omnem
1436 2018 1776 2084 iniquitatem
1805 2019 1931 2071 iiet:
1961 2020 2049 2073 hic
2076 2036 2223 2086 vero,

658 2100 829 2170 Prope
858 2114 930 2157 est
975 2106 1227 2157 Dominus
1262 2106 1327 2158 iis
1361 2107 1447 2175 qui
1494 2110 1718 2159 contrito
1759 2119 1879 2161 sunt
1910 2111 2085 2175 corde,
2123 2110 2227 2163 Do-

660 2194 788 2245 mini
823 2195 873 2247 in
906 2210 1072 2248 carne
1098 2198 1384 2251 adventum
1414 2199 1760 2267 praenuntiat,
1793 2200 2226 2269 appropinquan-

659 2293 766 2339 tem
791 2287 925 2355 jam,
954 2296 1010 2340 et
1039 2304 1142 2341 non
1181 2287 1367 2357 procul
1402 2290 1717 2343 distantem.
1745 2291 1921 2359 Atque
1953 2293 2114 2361 hujus
2144 2295 2221 2349 rei

660 2375 827 2431 faciat
862 2379 955 2432 tibi
1007 2379 1164 2433 [idem
1208 2381 1491 2449 prophetia
1551 2380 1745 2434 lsaite:
1794 2380 2029 2449 Spiritus
2082 2387 2222 2438 enim

654 2467 867 2521 Domini
897 2485 1051 2537 super
1080 2486 1159 2523 me
1191 2486 1209 2523 :
1246 2480 1454 2539 propter
1488 2472 1627 2539 quod
1665 2472 1811 2523 unxit
1845 2488 1923 2524 me
1954 2486 1972 2523 .'
2000 2489 2223 2541 evange-

656 2559 824 2611 lizare
858 2560 1170 2626 pauperibus
1200 2560 1336 2612 misit
1382 2578 1459 2614 me
1480 2602 1493 2624 ,
1527 2577 1716 2614 sanare
1749 2563 2001 2616 contritas
2048 2565 2223 2628 corde,

654 2650 944 2718 prwdicare
986 2652 1198 2720 captivis
1238 2652 1615 2717 remissionem,
1666 2663 1715 2708 et
1758 2655 1910 2708 cwcis
1944 2656 2113 2710 visum
2158 2656 2223 2710 ⁸⁸.

656 2741 792 2797 Cum
847 2742 992 2796 enim
1054 2744 1298 2799 medicus
1360 2746 1666 2799 mitteretur
1717 2747 1968 2803 contritis
2021 2749 2223 2813 corde,

654 2829 849 2897 PrOpe,
880 2832 1077 2902 inquit,
1108 2833 1360 2887 Dominus
1386 2844 1460 2887 est
1494 2848 1512 2885 :
1553 2836 1697 2888 vobis
1722 2835 1841 2890 dico
1873 2838 1965 2905 qui
1998 2838 2225 2893 humiles

654 2924 788 2977 estis
806 2964 819 2984 .
844 2926 1043 2993 quique
1066 2925 1263 2980 fastum
1288 2936 1535 2981 vestrum
1551 2929 1907 2993 contrivistis,
1946 2945 2040 2984 vos
2066 2932 2223 2984 simul

656 3016 1050 3083 laetiﬁcaturus,
1079 3027 1134 3071 et
1177 3033 1272 3087 per
1313 3020 1566 3088 gaudium
1600 3036 1779 3075 rerum
1808 3021 2108 3077 futurarum
2158 3028 2221 3080 ad

656 3107 1000 3160 tolerantiam
1078 3108 1413 3165 inducturus.
1485 3111 1752 3165 Contritio
1804 3124 1984 3168 autem
2045 3115 2223 3169 cordis

2337 572 2726 640 μικροπρεπὲς,
2751 574 2869 626 οὐδὲ
2893 577 3098 645 γήϊνον,
3124 579 3241 630 οὐδὲ
3264 585 3516 635 ταπεινὸν
3536 585 3904 656 ἐπεζήτησαν.

2333 660 2429 712 Διά
2462 660 2617 713 τοῦτο
2649 664 2823 717 αὐτῶν
2866 666 3194 736 παρεδέξατο
3239 672 3337 742 τὴν
3383 675 3565 745 φωνὴν
3608 679 3639 729 6
3678 678 3907 746 Κύριος,

2333 752 2426 803 καὶ
2450 752 2514 803 ἐκ
2557 753 2744 805 πασῶν
2775 755 2880 806 τῶν
2904 755 3132 825 θλίψεων
3165 761 3339 813 αὐτῶν
3365 764 3629 834 ἐρρύσατο
3672 768 3874 831 αὐτούς
3895 787 3907 798 ·

2332 843 2391 894 οὑ
2417 843 2665 897 τοσοῦτον
2689 845 2932 899 ἀπολύων
2953 849 3147 913 αὐτοὺς
3170 851 3276 903 τῶν
3300 855 3565 924 ὀχληρῶν,
3588 859 3716 910 ὅσον
3734 860 3911 929 κρείτ-

2332 949 2489 997 τονας
2547 935 2654 988 τῶν
2710 938 3109 1006 συμϐαινόντων
3174 947 3615 1011 κατασκευάζων.
3696 951 3911 1019 Ἔγ-γ-ὺς

2332 1029 2546 1094 Κύριος
2588 1029 2711 1094 τοῖς
2755 1034 3274 1102 συντετριμμένοις
3319 1038 3431 1105 τὴν
3475 1040 3768 1108 καρδίαν,
3812 1045 3908 1095 καὶ

2334 1120 2471 1185 τοὺς
2521 1121 2835 1188 ταπεινοὺς
2887 1124 2965 1187 τῷ
3000 1128 3284 1195 πνεύματι
3328 1128 3534 1191 σώσει.
3579 1133 3660 1202 Τῇ
3712 1134 3909 1186 ἑαυτοῦ

2333 1211 2622 1282 ἀγαθότητι
2680 1215 2839 1267 πᾶσιν
2901 1216 3133 1283 ἐγγίζει·
3187 1221 3529 1292 μακρύνομεν
3574 1224 3632 1276 δὲ
3681 1226 3911 1288 ἑαυτοὺς

2336 1300 2491 1368 ἡμεῖς
2516 1302 2600 1353 διὰ
2627 1301 2725 1370 τῆς
2778 1303 3066 1374 ἁμαρτίας.
3112 1305 3261 1359 Ἰδοὺ
3294 1309 3431 1376 γὰρ,
3479 1311 3679 1380 φησιν,
3706 1313 3763 1363 οἱ
3798 1328 3911 1378 μα-

2334 1392 2649 1457 κρύνοντες
2696 1394 2944 1460 ἑαυτοὺς
3002 1396 3119 1448 ἀπὸ
3171 1398 3306 1463 σοῦ,
3363 1401 3758 1455 ἀπολοῦνται.
3814 1403 3911 1455 Διά

2334 1479 2486 1533 τοῦτο
2534 1484 2768 1555 Μωῦσῆς
2801 1488 3036 1555 ἐγγίζειν
3076 1488 3289 1556 λέγεται
3316 1490 3392 1559 τῷ
3420 1491 3537 1563 Θεῷ
3561 1512 3575 1523 ·
3612 1495 3714 1547 καὶ
3745 1496 3799 1547 ετ
3826 1512 3908 1557 τις

2334 1571 2489 1635 ἄλλος
2537 1578 2905 1645 παραπλήσιος
2951 1580 3161 1651 ἐκείνῳ,
3192 1581 3258 1633 δι’
3303 1582 3774 1655 ἀνδραγαθήματα
3817 1588 3910 1640 καὶ

2334 1663 2559 1734 πράξεις
2599 1667 2805 1733 ἀγαθὰς
2848 1672 3007 1739 ἐγγὺς
3042 1674 3244 1741 γίνεται
3288 1674 3381 1727 τοῦ
3421 1676 3576 1729 Θεοῦ.
3610 1680 3911 1750 Ἀντικρυς

2332 1756 2387 1808 δέ
2437 1760 2771 1828 προφητείαν
2817 1760 2926 1830 ἔχει
2952 1765 2979 1815 6
3026 1764 3178 1833 λόγος
3204 1766 3303 1836 τῆς
3340 1767 3631 1837 ἐπιδημίας
3665 1771 3765 1823 τοῦ
3796 1774 3908 1825 Κυ-

1596 1830 1781 1935 νυιίιω
1813 1832 2024 1887 Domini
2074 1853 2228 1903 ευρεν
2259 1850 2299 1905 Β
2332 1848 2444 1917 ρίου
2466 1890 2479 1912 ,
2512 1850 2603 1902 καὶ
2650 1851 2934 1920 σύμφωνος
2976 1855 3052 1923 τῷ
3097 1830 3405 1927 προάγοντι.
3450 1830 3621 1913 ’έκεῖῗ
3651 1863 3755 1932 μὲν
3801 1866 3908 1935 γὰρ

2324 1937 2573 2005 ἐλέγετο·
2623 1943 2950 2009 Πρόσωπον
2999 1946 3107 2015 (‘27)
3155 1950 3373 2017 Κυρίου
3431 1951 3527 2004 ἐπὶ
3580 1953 3909 2021 ποιοῦντας

2325 2029 2817 2098 κακά-τουτέστιν,
2846 2035 2877 2103 ἡ
2920 2036 3201 2105 ἐπιφάνεια
3227 2042 3388 2094 αὑτοῦ
3421 2043 3563 2096 κατὰ
3592 2045 3696 2116 τὴν
3730 2046 3906 2116 κρίσιν

2326 2120 2416 2170 ἐπὶ
2441 2121 2729 2193 ἀφανισμῷ
2778 2128 2956 2196 πάσης
2995 2130 3255 2199 πονηρίας
3290 2134 3609 2203 γενήσεται·
3670 2137 3907 2192 ἐνταῦθα

2325 2209 2416 2275 δὲ,
2466 2212 2675 2282 Ἐγγὺς
2714 2220 2745 2269 ό
2793 2220 3005 2285 Κύριος
3046 2220 3168 2284 τοῖς
3214 2226 3742 2293 συντετριμμένοις
3797 2229 3908 2295 τὴν

2326 2302 2602 2371 καρδίαν,
2644 2306 2737 2377 τὴν
2796 2309 3087 2379 ἐπιδημίαν
3132 2310 3228 2381 τὴν
3277 2312 3370 2365 τοῦ
3426 2317 3634 2383 Κυρίου
3691 2319 3793 2389 τὴν
3852 2321 3908 2371 ἐν

2328 2397 2486 2463 σαρκὶ
2510 2399 2865 2466 προαγγέλλει
2886 2441 2899 2464 ,
2934 2401 3251 2469 ἐγγίζουσαν
3282 2404 3380 2474 ἤδη
3399 2444 3413 2467 ,
3448 2408 3541 2461 καὶ
3572 2410 3633 2460 οὐ
3690 2412 3907 2481 μακράν

2326 2486 2710 2558 ἀφεστηκυῖαν.
2749 2493 2858 2545 Καὶ
2888 2492 3044 2547 τοῦτό
3079 2510 3159 2546 σοι
3202 2495 3389 2548 πιστὸν
3420 2498 3484 2549 ἐκ
3518 2501 3619 2569 τῆς
3677 2500 3906 2554 Ἡσαΐου

2328 2580 2656 2660 προφητείας
2677 2582 2945 2648 γενέσθωο
2972 2585 3211 2654 Πνεῦμα
3245 2585 3349 2657 γὰρ
3381 2590 3600 2656 Κυρίου
3643 2591 3744 2643 ἐπ’
3782 2592 3900 2660 ἐμὲ,

2328 2659 2397 2717 οὗ
2434 2663 2638 2717 ἕνεκεν
2682 2669 2886 2734 ἐχρισέ
2925 2688 3031 2739 με·
3095 2675 3597 2744 εὐαγγελίσασθαι
3644 2659 3904 2749 artaxer};

2327 2754 2672 2809 ἀπέσταλκέ
2714 2776 2825 2827 με,
2880 2762 3115 2817 ιάσαθαι
3163 2767 3301 2832 τοὺς
3356 2758 3904 2841 συντετριμμένους

2327 2846 2439 2913 τὴν
2478 2846 2747 2916 καρδίαν,
2790 2852 3039 2917 κηρύξαι
3077 2857 3465 2923 αἰχμαλώτοις
3506 2860 3768 2929 ἄφεσιν,
3808 2866 3902 2917 καί

2326 2940 2573 3009 τυφλοῖς
2604 2942 2957 3010 ἀνάϐλεψιν.
3002 2944 3213 3014 Ἐπειδὴ
3260 2945 3366 3015 γὰρ
3414 2949 3598 3016 ἰατρὸς
3640 2952 3903 3006 ἀπεστέλ.

2326 3032 2443 3085 λετο
2500 3034 2607 3086 τῶν
2666 3037 3134 3107 συντετριμμένων
3187 3040 3283 3109 τὴν
3342 3040 3601 3111 καρδίαν,
3668 3044 3899 3115 Eri-ir,

2330 3127 2480 3195 φησὶ,
2545 3128 2753 3194 Κύριός
2797 3129 2990 3181 ἐστιν’
3034 3130 3161 3201 ὑμῖν
3202 3131 3342 3200 λέγω
3365 3136 3475 3196 τοῖς
3505 3140 3790 3200 ταπεινοῖς
3814 3139 3904 3191 καὶ

655 3199 973 3267 exstirpatio
1008 3208 1090 3252 est
1123 3200 1479 3257 humanarum
1510 3202 1924 3269 cogitationum.
1952 3205 2051 3270 Qui
2083 3222 2218 3273 pne-

2325 3215 2670 3285 συντρίψασιν
2701 3217 2905 3269 ἑαυτῶν
2953 3220 3011 3271 τὸ
3054 3199 3305 3291 φρόνημα
3348 3222 3491 3292 (28),
3520 3224 3903 3296 εὐθυμοποιῶν

653 3292 827 3343 sentia
879 3290 1224 3359 contempsit,
1280 3306 1342 3345 ac
1376 3305 1436 3345 se
1496 3293 1605 3361 ipse
1646 3294 1736 3346 Dei
1786 3294 1993 3348 addixit
2036 3298 2219 3358 verbo,

654 3390 1003 3451 mentemque
1036 3395 1187 3435 suam
1220 3381 1286 3435 ad
1332 3397 1425 3437 eas
1471 3384 1831 3451 cogitationes
1876 3401 1999 3456 quae
2049 3387 2222 3441 homi-

654 3488 776 3528 nem
826 3482 1117 3542 superant,
1151 3489 1213 3527 ac
1260 3479 1429 3542 magis
1473 3477 1666 3530 divinae
1703 3487 1855 3539 sunt,
1907 3481 2141 3548 appulit,
2176 3482 2219 3536 is

653 3568 842 3635 utique
877 3566 1036 3619 fuerit
1066 3567 1154 3634 qni
1181 3567 1472 3618 contritum
1504 3583 1596 3619 cor
1622 3569 1802 3632 habet,
1832 3572 2029 3639 quique
2061 3589 2215 3627 suum

653 3671 749 3711 cor
798 3657 1124 3711 sacriﬁcium
1177 3658 1320 3727 quod
1379 3672 1409 3710 a
1466 3656 1690 3712 Domino
1745 3676 1847 3713 non
1905 3663 2216 3729 despicitur,

649 3748 849 3802 eii'ecit.
892 3747 995 3801 Cor
1022 3752 1157 3803 enim
1187 3752 1472 3803 contritum
1503 3761 1549 3803 et
1578 3749 1916 3802 Itumiiiatum
1953 3752 2087 3807 Deus
2120 3771 2220 3807 non

652 3842 899 3908 despiciet
930 3842 995 3894 ⁸⁷.
1021 3839 1192 3909 Prope
1214 3855 1285 3896 est
1311 3845 1473 3912 igitur
1502 3842 1755 3897 Dominus
1783 3846 2021 3897 contritis
2044 3848 2216 3912 corde,

651 3943 699 3987 et
728 3933 949 3986 humiles
974 3934 1165 4001 spiritu
1192 3934 1432 3987 salvabit.
1463 3933 1564 3999 Qui
1596 3935 1724 3986 nihil
1761 3937 1919 3989 habet
1948 3937 2216 4003 elationis,

652 4039 826 4091 neque
878 4026 948 4079 ob
997 4025 1161 4078 ullum
1209 4040 1322 4078 rem
1379 4025 1669 4077 humanam
1721 4028 1994 4092 superbit,
2036 4030 2124 4082 hic
2165 4040 2220 4084 et

651 4116 918 4169 contritus
953 4128 1035 4169 est.
1073 4120 1255 4180 corde,
1288 4128 1341 4171 et
1374 4118 1590 4171 humilis
1623 4117 1835 4187 spiritu.
1878 4116 1973 4169 Est
2002 4120 2216 4185 quidem

650 4207 871 4261 humilis
908 4218 961 4260 et
1000 4207 1046 4260 is
1084 4210 1173 4274 qui
1212 4213 1262 4260 in
1299 4222 1518 4275 peccato
1550 4210 1811 4273 ambulat,
1858 4224 1981 4263 cum
2029 4223 2219 4276 pecca-

653 4308 765 4351 tum
797 4300 1039 4353 omnium
1086 4301 1320 4353 maxime
1367 4300 1624 4353 humilem
1668 4303 1871 4355 reddat.
1914 4301 2047 4355 Hinc
2084 4302 2219 4356 dici-

652 4404 773 4443 mus
805 4389 1136 4443 humiliatam
1168 4404 1286 4444 esse
1312 4399 1367 4445 et
1416 4404 1535 4443 eam
1570 4404 1688 4457 quae
1721 4403 1968 4458 corrupta
2004 4400 2109 4453 est,
2156 4405 2218 4445 ac

651 4479 980 4546 virginitatis
1015 4482 1426 4534 sanctimoniam
1476 4479 1678 4533 amisit.
1721 4477 1811 4531 Sic
1852 4480 2098 4546 Amnon,
2133 4482 2215 4533 in-

2324 3303 2464 3371 ὑμᾶς
2495 3306 2586 3356 καὶ
2608 3308 2685 3367 εἰς
2712 3307 3085 3377 μακροθυμίαν
3108 3311 3313 3379 ἐνάγων
3334 3316 3398 3382 τῇ
3427 3316 3568 3385 χαρᾷ
3594 3315 3709 3369 τῶν
3742 3335 3905 3389 προσ-

2320 3391 2657 3462 δοκωμένων.
2678 3396 3014 3468 Συντριμμὸς
3039 3399 3094 3450 δέ
3120 3401 3343 3469 καρδίας
3369 3404 3512 3456 ἐστὶν
3538 3407 3565 3457 ὁ
3587 3408 3898 3477 ἀφανισμδς

2320 3484 2427 3535 τῶν
2462 3485 2810 3555 ἀνθρωπίνων
2864 3488 3155 3560 λογισμῶν.
3207 3492 3262 3543 Ὀ
3314 3500 3738 3567 καταψρονήσας
3795 3503 3902 3555 τῶν

2319 3576 2464 3645 τῇδε,
2495 3576 2587 3627 καὶ
2621 3576 2969 3642 ἀποδεδωκὼς
2994 3582 3182 3635 ἐαυτὸν
3215 3581 3292 3651 τῷ
3323 3582 3464 3653 λόγῳ
3494 3587 3589 3638 τοῦ
3620 3589 3782 3653 Θεοῦ,
3810 3592 3901 3645 καὶ

2319 3667 2646 3737 ἐμπαρέχων
2679 3668 2869 3720 ἑαυτοῦ
2902 3671 2959 3722 τὸ
2991 3675 3313 3743 ἡγεμονικὸν
3343 3678 3448 3738 τοῖς
3498 3678 3641 3747 ὑπὲρ
3690 3682 3900 3754 ἅνθρω-

2321 3775 2419 3810 πον
2446 3760 2537 3810 καὶ
2571 3758 2858 3829 θειοτέροις
2900 3764 3189 3832 νοήμασιν,
3228 3760 3377 3830 οὗτος
3408 3767 3472 3820 ἂν
3508 3768 3595 3837 εἴη
3643 3770 3671 3821 6
3720 3789 3900 3827 συντε-

2319 3844 2623 3921 τριμμένην
2670 3850 2805 3921 ἔχων
2856 3854 2954 3923 τὴν
3008 3857 3255 3927 καρδίαν,
3302 3860 3393 3912 καὶ
3444 3862 3679 3931 ποιήσας
3733 3867 3901 3936 αὐτὴν

2319 3942 2505 3995 θυσίαν
2531 3945 2628 3996 οὐκ
2653 3945 3079 4018 ἐξουδενωμένην
3104 3950 3208 4002 ὑπὸ
3244 3952 3334 4004 τοῦ
3371 3954 3597 4023 Κυρίου.
3636 3958 3901 4024 Καρδίαν

2316 4032 2426 4101 γὰρ
2455 4033 2564 4105 (29)
2611 4037 3119 4106 συντετριμμένην
3169 4040 3264 4092 καὶ
3311 4046 3828 4114 τεταπεινωμένην
3864 4049 3900 4104 ό

2320 4125 2461 4189 Θεὸς
2517 4128 2627 4179 οὐκ
2672 4126 3078 4190 ἐξουδενώσει.
3128 4131 3330 4198 Ἐγγὺς
3378 4129 3490 4186 οὖν
3522 4136 3746 4202 Κύριος
3777 4138 3899 4203 τοῖς

2318 4216 2837 4284 συντετριμμένοις
2860 4217 2973 4283 τὴν
3000 4220 3266 4286 καρδίαν,
3292 4223 3388 4273 καί
3412 4224 3554 4286 τοὺς
3576 4229 3899 4293 ταπεινοὺς

2317 4304 2396 4369 τῷ
2432 4308 2719 4373 πνεύματι
2752 4305 2954 4360 σώσει.
3003 4308 3061 4362 Ὀ
3110 4312 3273 4382 μηδὲν
3302 4312 3436 4383 ἔχων
3466 4315 3722 4389 ἔπαρμα,
3765 4323 3897 4393 μηδέ

2319 4396 2530 4468 φρονῶν
2568 4396 2659 4449 ἐπί
2693 4415 2795 4451 τινι
2818 4398 2923 4452 τῶν
2953 4400 3338 4474 ἀνθρωπίνων,
3378 4399 3533 4473 οὗτος
3576 4412 3674 4464 καὶ
3716 4430 3897 4467 συντε-

2320 4489 2615 4559 τριμμένος
2642 4492 2755 4543 ἐστὶ
2783 4496 2845 4564 τῇ
2879 4495 3092 4566 καρδίᾳ,
3118 4498 3209 4549 καὶ
3226 4501 3475 4563 ταπεινὸς
3498 4501 3577 4570 τῷ
3603 4505 3895 4575 πνεύματι.

650 4570 790 4640 quit,
823 4571 928 4623 vim
962 4569 1197 4624 Thamar
1233 4571 1470 4626 inferens
1496 4572 1563 4635 ⁸⁸,
1596 4570 1906 4623 Humiliavit
1945 4574 2112 4636 ipsum
2151 4573 2214 4625 ⁸⁸.

2328 4580 2480 4633 Ἐστι
2515 4583 2611 4651 μέν
2633 4585 2885 4648 ταπεινὸς
2907 4587 3195 4641 καὶὸκατὰ
3228 4589 3324 4659 τὴν
3358 4591 3636 4663 ἁμαρτίαν
3669 4597 3895 4667 πορευό⁴

651 4660 969 4729 Quicunque
998 4661 1161 4730 igitur
1184 4661 1523 4716 altitudinem
1553 4678 1615 4716 ac
1638 4662 2020 4715 sublimitatem
2053 4666 2214 4719 animi

650 4752 906 4815 amisere,
943 4767 1037 4821 per
1071 4763 1353 4822 peccatum
1398 4754 1447 4805 in
1489 4764 1681 4805 terram
1720 4755 1931 4822 dejecti,
1970 4766 2020 4807 et
2060 4758 2213 4826 quasi

649 4840 933 4910 proelrati,
985 4856 1089 4895 non
1148 4842 1308 4895 aliter
1354 4841 1660 4909 gradientes
1711 4857 1869 4910 quam
1914 4858 2208 4912 serpentes,

649 4932 1010 4996 decumbunt;
1040 4949 1271 5002 cumque
1298 4934 1459 4988 iidem
1494 4934 1641 4988 nullo
1676 4936 1833 4988 modo
1860 4938 2130 5005 surrigere
2156 4954 2213 4991 se

649 5023 879 5091 possint,
911 5023 1174 5077 bumiliati
1208 5035 1329 5079 sunt
1357 5028 1595 5094 quidem,
1624 5041 1728 5077 non
1765 5034 1940 5079 tamen
1974 5029 2163 5095 Spiritu
2196 5048 2207 5081 :

648 5130 752 5167 non
790 5114 933 5167 enim
966 5114 1246 5169 laudabilis
1269 5127 1350 5170 est
1378 5117 1586 5170 illorum
1616 5117 1913 5170 humilitas.
1951 5118 2049 5185 Qui
2087 5134 2214 5175 vero

646 5205 846 5259 habent
877 5207 1098 5273 spiritus
1134 5212 1305 5263 sancti
1342 5211 1594 5274 gratiam.
1628 5210 1766 5264 haud
1802 5209 1950 5262 inviti
1981 5227 2037 5265 se
2071 5215 2212 5281 ipsos

713 5342 760 5374 “
794 5343 936 5417 Dsal.
970 5362 1139 5414 Lxxtt,
1184 5351 1274 5405 27.
1350 5352 1392 5383 ⁸⁸
1424 5351 1595 5406 Exod.
1640 5368 1788 5417 xxiv,
1826 5350 1880 5401 2.

644 5428 777 5479 xxn,
807 5414 897 5469 29.

869 5568 959 5640 Sic
993 5585 1119 5623 mss.
1146 5585 1257 5623 sex.
1284 5568 1420 5622 Edili
1458 5570 1746 5640 πρόσωπον
1771 5574 1847 5627 δε.

736 5638 826 5707 28)
859 5639 990 5708 Reg.
1030 5642 1215 5693 tertius
1232 5640 1299 5692 τὰ
1334 5638 1675 5710 φρονήματα.

712 5710 822 5783 (ξυ)
844 5710 985 5783 _Editi
1015 5711 1142 5778 γὰρ,
1178 5711 1535 5783 (pqciv._l)eest
1559 5714 1721 5783 φησίν
1754 5715 1805 5767 in
1828 5729 1958 5767 mss.

714 5779 822 5851 (50)
844 5779 916 5833 Ita
942 5784 1176 5849 quinque
1200 5797 1327 5836 mss.
1361 5780 1499 5835 Editi
1523 5779 1642 5836 cum
1673 5784 1804 5855 Reg.
1838 5783 2204 5842 ἀπολώλασιν.

1984 5352 2028 5383 ⁸⁸
2078 5351 2179 5407 lsa.
2226 5371 2334 5417 ιιιι,
2364 5355 2415 5408 l.

2326 4691 2511 4742 μενος,
2540 4674 2670 4726 διότι
2712 4678 3074 4747 ταπεινωτικὴ
3125 4678 3355 4746 μάλιστα
3403 4683 3621 4735 πάντων
3658 4688 3690 4754 ἡ
3723 4689 3901 4759 ἀμαρ-

2321 4764 2427 4815 τία.
2464 4763 2611 4815 Καθὸ
2647 4764 2739 4815 καὶ
2775 4765 2872 4835 τὴν
2910 4765 3253 4838 ἐψθαρμένην
3295 4768 3387 4822 καὶ
3420 4771 3773 4828 ἀπολέσασαν
3810 4783 3894 4830 τὸν

2320 4853 2416 4921 τῆς
2450 4853 2743 4923 παρθενίας
2790 4855 3057 4925 ἀγιασμὸν
3098 4857 3321 4928 λέγομεν
3354 4864 3765 4919 ταπεινοῦσθαι.
3815 4870 3895 4929 Ὠς

2318 4945 2344 4994 6
2395 4944 2636 5013 Ἀμνὼν,
2669 4947 2860 5016 φησιν,
2900 4948 3206 5013 ἐπαναστὰς
3248 4955 3312 5022 τῇ
3355 4952 3589 5023 Θάμαρ,
3636 4956 3894 5011 Ἐτααείρ

2318 5038 2739 5105 νωσεναὺτήν.
2772 5040 2923 5091 Ὅσοι
2958 5036 3048 5092 οὖν
3073 5042 3131 5094 τὸ
3157 5042 3441 5115 ἀνάστημα
3466 5047 3560 5098 καὶ
3594 5048 3660 5099 τὸ
3693 5048 3894 5120 δίαρμα

2320 5126 2415 5193 τῆς
2434 5126 2609 5197 ψυχῆς
2637 5129 3036 5185 ἀπολωλέκασιν
3069 5132 3200 5201 (50),
3229 5136 3331 5189 ὑπὸ
3357 5136 3453 5205 τῆς
3478 5138 3759 5206 ἁμαρτίας
3798 5160 3891 5195 κα-

2318 5215 2672 5287 ταϐληθέντες
2702 5220 2779 5281 εἰς
2808 5219 2930 5289 γῆν,
2952 5221 3042 5273 καὶ
3071 5223 3233 5276 οἱονεὶ
3260 5225 3659 5292 ἐδαφισθέντες,
3693 5231 3891 5293 ὁμοίως

2489 5356 2533 5388 ⁸⁷
2569 5354 2710 5408 Psal.
2736 5373 2786 5423 ι,
2824 5358 2906 5412 19.
3019 5359 3063 5391 ⁸⁸
3086 5361 3123 5414 ΙΙ
3153 5362 3288 5431 Reg.
3312 5377 3433 5427 xm,
3459 5362 3546 5418 14.
3660 5366 3707 5397 ⁸⁵
3734 5367 3888 5422 Deut.

2317 5576 2433 5633 Mox
2463 5577 2597 5649 Reg.
2626 5584 2889 5661 secundus
2925 5588 3294 5661 συγκύπτουσι
3338 5589 3415 5650 δέ.
3440 5591 3738 5661 Aliquanto
3774 5606 3886 5654 post

2315 5663 2377 5700 ex
2410 5666 2533 5734 mss.
2550 5650 3015 5734 foft'llvstiuatcog'
3063 5660 3157 5713 τοῦ
3190 5660 3366 5728 ἁγίου.
3405 5650 3559 5717 Ειιὶιῖ
3582 5676 3708 5717 cum
3756 5650 3883 5734 Reg.

2314 5729 2465 5775 sexto
2484 5721 2575 5775 τοῦ
2596 5722 2749 5790 ἁγίου
2776 5721 3112 5797 Πνεύματος.
