4068 6318
148 321 255 374 SBI

1283 324 1564 381 HOMILIA
1603 324 1668 380 IN
1707 324 2037 381 PSALMUM
2078 327 2317 383 XXXIII.

3289 320 3394 376 38?.

146 433 232 501 τῷ
260 432 379 502 ὕφει
412 438 875 508 συμπορευόμενοι
903 437 1266 506 συγκύπτουσι
1286 480 1300 503 ,
1339 438 1412 510 μὴ
1449 440 1725 513 δυνάμενοι

1836 440 2149 507 humiliant,
2185 443 2582 511 subjiciuntque
2622 438 2968 493 inferioribus
3008 456 3023 491 :
3061 435 3262 507 quippe
3297 436 3390 502 qui

142 524 527 593 ἀνορθωθῆναι
575 531 654 591 είς
705 527 765 580 τὸ
804 529 1079 595 παντελὲς,
1125 526 1265 585 οὗτοι
1309 534 1727 586 τεταπείνωνται

146 614 278 682 μὲν,
312 616 385 694 ού.
405 620 510 690 μὴν
539 620 616 687 τῷ
646 617 912 686 πνεύματι
935 636 948 649 ’
988 622 1047 675 οὐ
1079 623 1187 692 γὰρ
1209 622 1464 692 ἐπαινετὴ
1489 624 1665 677 αὐτῶν
1694 624 1727 695 ἡ

140 708 500 771 ταπείνωσις.
535 711 687 761 Ὅσοι
710 708 766 762 δὲ
798 710 1007 781 ἔχοντες
1029 714 1126 785 τὴν
1152 713 1244 766 τοῦ
1285 714 1596 783 Πνεύματος
1633 714 1726 769 τοῦ
1778 762 1781 763 ,

143 802 313 871 ἁγίου
382 805 561 873 χάριν,
607 805 820 870 ἑκόντες
873 810 1095 871 ἑαυτοὺς
1162 810 1575 865 ὐποταπεινοῦσι
1618 815 1729 874 τοῖς

141 894 592 965 ὑποδεεστέροις,
648 899 785 951 κατὰ
828 898 918 951 τὸν
962 899 1275 953 Ἀπόστολον
1321 902 1565 970 λέγοντες
1607 905 1725 955 ἑαυ-

140 986 278 1047 τοὺς
332 981 468 1038 εἶναι
506 986 719 1050 δούλους
762 989 920 1039 τινῶν
949 989 1004 1041 ὲν
1028 988 1245 1061 Χριστῷ
1278 993 1411 1061 (51),
1458 996 1547 1047 καὶ
1579 994 1732 1049 Πάν-

140 1094 270 1129 των
331 1080 635 1147 περίψημα
705 1079 813 1143 ἕως
881 1079 1009 1147 ἄρτι
1035 1096 1047 1110 ·
1090 1082 1182 1135 καὶ
1229 1084 1414 1136 πάλιν·
1484 1087 1576 1151 Ὠς
1631 1099 1731 1138 πε·-

134 1168 554 1237 ρικαθάρματα
592 1169 697 1222 τοῦ
752 1171 982 1237 κόσμου
1021 1171 1419 1242 ἐγενήθημεν*
1477 1176 1526 1226 οἱ
1569 1194 1730 1228 πνευ-

143 1263 400 1330 ματικῶς
427 1265 491 1333 τῇ
531 1261 853 1315 ταπεινώσει
881 1265 1227 1335 κεχρημένοι,
1259 1265 1475 1320 πάντων
1504 1266 1729 1329 ἑαυτοὺς

140 1352 433 1418 ποιοῦντες
458 1356 735 1425 ἐσχάτους,
773 1355 858 1407 ἵνα
894 1356 1107 1409 πάντων
1141 1358 1343 1429 πρῶτοι
1379 1359 1640 1427 γένωνται
1673 1360 1730 1412 ὲν

136 1448 213 1516 τῇ
253 1445 499 1518 βασιλεία
530 1448 636 1501 τῶν
670 1449 931 1519 οὐρανῶν.
971 1448 1202 1511 Τούτους
1236 1450 1329 1501 καὶ
1374 1451 1664 1521 μακαρίζει
1702 1454 1729 1506 ὁ

137 1541 352 1612 Κύριος
378 1541 582 1608 λέγων·
625 1540 915 1608 Μακάριοι
953 1543 1006 1593 οἱ
1036 1540 1255 1607 πτωχοὶ
1299 1539 1376 1605 τῷ
1417 1544 1724 1611 πνεύματι.

137 1632 379 1685 Πολλοὶ
422 1633 480 1685 al
510 1631 747 1699 θλίψεις
792 1628 910 1683 τῶν
943 1629 1218 1695 δικαίων,
1268 1630 1362 1683 καὶ
1403 1630 1471 1683 ἐκ
1515 1632 1727 1685 πασῶν

136 1722 347 1776 αὐτῶν
376 1723 626 1790 ῥύσεται
654 1722 875 1789 αὐτοὺς
900 1724 931 1776 ὀ
955 1721 1187 1791 Κύριος.
1226 1721 1326 1775 Ἐν
1344 1722 1542 1786 παντὶ,
1571 1722 1724 1792 φησὶ,

1828 532 1983 602 juxta
2024 534 2336 600 Apostolum
2390 536 2573 586 dicant
2612 545 2731 586 eSse
2765 544 2823 584 se
2860 530 3175 599 quorumvis
3214 526 3303 595 qui
3337 524 3392 578 in

1829 625 2043 680 Christo
2073 635 2221 688 sunt,
2250 626 2511 693 servos“,
2540 634 2595 679 et
2616 624 2862 678 Omnium
2887 621 3306 690 rejectamentum
3328 617 3397 670 ad

1830 718 1965 772 hunc
2003 734 2163 785 usque
2203 719 2338 770 diem
2367 717 2445 783 “;
2484 726 2537 771 et
2568 719 2759 771 iterum
2804 733 2816 768 :
2863 713 3136 783 Tanquam
3194 726 3395 779 purga-

1830 819 1999 861 menta
2026 807 2207 861 mundi
2232 806 2361 874 facti
2389 823 2567 859 sumus
2591 807 2659 860 ".
2695 806 2792 872 Qui
2824 806 3121 858 secundum
3144 800 3393 869 spiritum

1831 897 2137 952 humilitate
2189 906 2437 959 utuntur,
2477 911 2594 949 sese
2634 897 2873 948 omnium
2920 893 3127 945 faciunt
3183 900 3398 957 postre-

1830 1003 1968 1054 mos,
2006 997 2065 1039 ut
2092 990 2247 1054 primi
2273 978 2339 1042 in
2362 1002 2526 1058 regno
2556 984 2817 1039 cmlorum
2858 986 2990 1038 ﬁant
3022 983 3087 1036 ".
3126 979 3235 1034 Hos
3263 994 3399 1048 prm-

1830 1078 1973 1132 dicat
2007 1093 2222 1147 quoque
2254 1081 2439 1134 beatos
2471 1078 2767 1140 Dominus,
2799 1078 2988 1130 dicens
3020 1092 3033 1127 :
3069 1074 3218 1128 Beati
3262 1086 3398 1139 pau-

1828 1186 1974 1239 peres
1999 1171 2185 1237 spiritu
2202 1170 2268 1223 ".
2294 1170 2481 1239 (Vsus.
2500 1169 2616 1239 ΞΟ.)
2651 1168 3208 1223 Μιιιιωινὶὺιιιαιὶοηεε
3227 1163 3400 1233 justo-

1832 1276 1967 1324 rum,
2016 1271 2061 1313 et
2107 1275 2170 1313 ea:
2211 1264 2451 1316 omnibus
2495 1263 2579 1316 Itis
2618 1260 2855 1313 liberavit
2886 1274 2971 1311 eos
3011 1257 3284 1310 Dominus.
3331 1252 3400 1308 In

1830 1351 2090 1419 omnibus,
2129 1352 2324 1421 inquit,
2380 1352 2538 1425 156
2579 1352 2973 1409 tribulationem
3014 1350 3265 1418 patimur,
3308 1346 3399 1401 sed

1828 1458 1932 1498 non
1973 1444 2344 1513 angustiamur
2369 1445 2438 1504 ".
2475 1444 2771 1516 Propterea
2816 1444 2979 1498 etiam
3013 1440 3271 1496 Dominus
3318 1440 3396 1493 ait

1829 1538 2105 1608 discipulis
2135 1538 2245 1594 suis
2295 1557 2307 1591 :
2359 1536 2427 1591 In
2473 1542 2666 1594 mundo
2707 1554 3005 1609 pressuram
3042 1534 3275 1596 habetis;
3305 1533 3398 1587 sed

1828 1632 2102 1698 conﬁdite,
2141 1618 2233 1703 ego
2265 1632 2364 1687 vici
2398 1631 2648 1685 mundum
2675 1633 2742 1686 ".
2772 1633 2957 1699 Quare
2990 1630 3034 1682 si
3064 1628 3286 1698 quando
3324 1627 3401 1677 vi-

1832 1718 1975 1772 deris
2009 1719 2187 1787 jnstos
2222 1721 2273 1774 in
2317 1721 2544 1788 morbis,
2579 1721 2631 1775 in
2672 1723 2916 1795 corporis
2956 1718 3398 1775 detruncatioui-

139 1816 503 1884 θλιϐόμενοι,
550 1816 685 1870 ἀλλ’
714 1817 785 1869 οὐ
826 1815 1381 1885 στενοχωρούμενοι.
1428 1814 1530 1869 Διά
1572 1791 1725 1870 τοῦτό

1831 1809 1949 1874 bus,
1981 1811 2032 1863 in
2060 1811 2481 1881 propinquorum
2515 1813 2827 1876 amissione,
2860 1791 2911 1867 in
2942 1812 3135 1883 plagis,
3159 1812 3210 1863 in
3247 1810 3401 1879 igno-

139 1922 281 1973 φησι
315 1907 408 1957 καὶ
436 1908 463 1957 ὁ
512 1906 714 1975 Κύριος
760 1909 869 1970 τοῖς
914 1907 1106 1961 ἑαυτοῦ
1150 1909 1461 1979 ’μαθηταῖςο
1513 1911 1613 1964 Ἐν
1648 1909 1729 1975 τῷ

139 1997 356 2065 κόσμῳ
380 1997 589 2065 θλίψιν
625 1997 811 2066 ἕχετε’
832 1997 988 2051 ἀλλὰ
1002 1999 1291 2067 θαρσεῖτε,
1312 2000 1425 2069 ἐγὼ
1439 2003 1729 2069 νενίκηκα

139 2090 253 2143 τὸν
276 2092 528 2158 κόσμον.
572 2090 731 2142 Ὥστε
757 2091 850 2143 ἐὰν
881 2088 995 2159 ἴδῃς
1034 2090 1161 2143 ποτὲ
1203 2091 1259 2142 ὲν
1293 2091 1467 2154 νόσοις
1487 2132 1500 2154 ,
1534 2095 1589 2145 ἐν
1616 2093 1726 2163 (52)

139 2181 429 2253 πηρώσεσι
460 2181 729 2252 σώματος,
759 2185 814 2235 ὲν
841 2181 1076 2251 ἀποϐολῇ
1103 2181 1211 2235 τῶν
1238 2183 1470 2247 οἰκείων,
1503 2185 1558 2235 ὲν
1592 2184 1728 2255 πλη-

138 2275 291 2341 γαῖς,
324 2277 380 2327 ὲν
415 2275 676 2343 ἀτιμίαις,
702 2276 760 2325 ὲν
791 2274 937 2345 πάσῃ
966 2273 1139 2345 ἐνδείᾳ
1170 2274 1261 2327 καὶ
1294 2275 1578 2345 ὑπερήσει
1616 2274 1725 2328 τῶν

138 2365 456 2433 ἀναγκαίων
484 2368 607 2428 τοὺς
634 2365 876 2430 δικαίους
906 2366 1267 2437 ὑπάρχοντας,
1310 2367 1611 2439 μνήσθητι,
1645 2369 1727 2421 ὅτι

137 2458 373 2512 Πολλοὶ
394 2461 452 2511 al
473 2458 709 2526 θλίψεις
727 2458 843 2511 τῶν
861 2458 1124 2523 δικαίων,
1156 2460 1252 2512 καὶ
1278 2460 1345 2511 ὲκ
1370 2458 1582 2513 πασῶν
1615 2460 1725 2531 (35)

136 2548 341 2602 αὐτῶν
372 2551 621 2617 ῥύσεται
649 2550 870 2615 αὐτοὺς
905 2553 936 2603 ό
963 2552 1196 2619 Κύριος.
1250 2553 1309 2604 Ὀ
1343 2551 1397 2603 δὲ
1436 2551 1606 2620 λέγων
1652 2553 1725 2625 μὴ

138 2642 373 2711 πρέπειν
402 2642 479 2711 τῷ
514 2642 704 2711 δικαίῳ
729 2642 825 2711 τὴν
863 2641 1061 2710 θλίψιν,
1101 2642 1252 2694 οὐδὲν
1298 2642 1481 2710 ἓτερον
1511 2642 1657 2711 λέγει
1693 2644 1725 2714 ἢ

142 2733 219 2804 μὴ
282 2733 541 2803 ἁρμόζειν
592 2732 670 2803 τῷ
718 2732 922 2804 ἀθλητῇ
980 2733 1072 2785 τὸν
1141 2733 1565 2805 ἀνταγωνιστήν.
1636 2735 1726 2807 Μὴ

140 2824 545 2895 ἀγωνιζόμενος
571 2825 625 2877 δὲ
646 2828 674 2878 ὁ
701 2824 935 2896 ἀθλητὴς
966 2826 1116 2888 τίνας
1149 2824 1259 2892 ἔξει
1306 2824 1412 2878 τῶν
1450 2828 1726 2897 στεφάνων

140 2917 241 2977 τὰς
290 2916 609 2981 ὑποθέσειςς
665 2917 802 2988 Ἤδη
854 2916 909 2971 δὲ
959 2917 1215 2988 τέταρτον
1270 2917 1483 2987 λέγεται
1541 2921 1598 2973 έν
1649 2921 1725 2992 τῷ

136 3005 341 3074 ψαλμῴ
388 3006 580 3077 τούτῳ,
632 3006 752 3059 τίνα
797 3006 995 3077 τρόπον
1040 3008 1145 3060 ἀπὸ
1187 3007 1415 3077 θλίψεως
1467 3010 1651 3081 ρύεται
1697 3014 1725 3065 ὁ

1833 1903 2033 1971 miniis,
2087 1904 2138 1958 in
2178 1905 2323 1959 omni
2380 1905 2559 1976 inopia
2608 1921 2672 1961 ac
2724 1922 2903 1962 rerum
2957 1902 3396 1961 necessariarum

1827 2004 2069 2065 egestate
2108 1996 2369 2062 detineri,
2403 2013 2609 2053 memor
2649 1999 2815 2053 fueris
2857 2000 2999 2069 quod
3050 1996 3237 2051 Multa:
3275 2001 3402 2049 sunt

1829 2087 2196 2142 tribulationes
2217 2090 2486 2156 justorum
2506 2128 2521 2153 ,
2548 2099 2595 2143 et
2627 2091 2766 2159 quod
2802 2106 2865 2143 ex
2890 2090 3131 2143 omnibus
3157 2090 3236 2142 Itis
3265 2088 3399 2141 libe-

1830 2181 1963 2235 rabit
1991 2198 2079 2237 eos
2110 2181 2387 2237 Dominus.
2431 2181 2531 2248 Qui
2563 2192 2742 2239 autem
2788 2184 2919 2238 dicit
2943 2183 3090 2253 justo
3123 2196 3226 2233 non
3266 2194 3400 2233 con-

1828 2273 2012 2326 venire
2043 2273 2447 2329 tribulationem
2470 2316 2486 2340 ,
2521 2275 2656 2329 nihil
2695 2276 2839 2328 aliud
2878 2274 3013 2328 dicit
3046 2273 3147 2329 nisi
3182 2257 3403 2326 athleta:

1830 2378 1933 2417 non
1982 2377 2284 2435 congruere
2310 2367 2702 2420 adversarium.
2753 2363 2860 2420 Sed
2906 2364 3131 2418 athletas
3163 2374 3269 2415 non
3305 2359 3401 2413 de—

1828 2456 2058 2509 certanti
2082 2470 2202 2525 quas
2220 2467 2383 2512 erunt
2403 2457 2723 2513 occasiones
2742 2453 3106 2512 coronarum?
3128 2452 3245 2507 Iam
3270 2463 3399 2504 vero

1829 2560 2020 2615 quater
2044 2549 2097 2603 in
2126 2549 2229 2604 hoc
2257 2550 2467 2619 psalmo
2496 2550 2719 2615 dicitur,
2756 2563 2861 2620 qua
2899 2548 3111 2602 ratione
3135 2559 3230 2599 eos
3260 2557 3398 2612 quos

1830 2640 2088 2696 Dominus
2121 2640 2356 2697 liberare
2385 2641 2533 2709 vult,
2568 2657 2599 2696 a
2643 2641 2991 2697 tribulatione
3021 2639 3236 2693 liberet.
3279 2635 3401 2689 Pri-

1829 2734 1972 2785 muni
2020 2733 2164 2787 enim
2231 2731 2439 2803 (Vsus.
2481 2732 2553 2805 5)
2610 2753 2622 2787 :
2684 2732 2955 2803 Exquisivi
2994 2730 3302 2792 Dominum,
3351 2738 3398 2780 et

1825 2826 2089 2879 exaudivit
2114 2841 2217 2891 me,
2245 2834 2293 2879 et
2321 2842 2384 2879 ea:
2412 2827 2649 2880 omnibus
2684 2824 3113 2880 tribulationibus
3136 2822 3261 2876 meis
3293 2820 3400 2875 eri-

1824 2919 1939 2988 puit
1985 2935 2101 2984 me;
2148 2920 2389 2975 secundo
2426 2919 2615 2990 (Vsus.
2641 2918 2694 2989 7)
2732 2939 2743 2974 :
2772 2917 2877 2972 Hic
2903 2932 3101 2987 pauper
3130 2914 3397 2978 clamavit,

1824 3023 1872 3066 et
1903 3013 2158 3067 Dominus
2192 3016 2458 3068 exaudivit
2489 3030 2626 3078 eum,
2649 3022 2697 3069 et
2724 3028 2787 3065 ea:
2816 3012 3055 3065 omnibus
3094 3007 3399 3061 tribulatio-

138 3098 383 3167 Κύριος,
413 3097 505 3160 οὒς
551 3101 643 3150 ἐὰν
682 3098 809 3170 θέλῃ
853 3100 1137 3170 ῥύσασθαι.
1188 3101 1408 3170 Πρῶτον
1443 3101 1539 3169 μὲν
1578 3102 1718 3172 γάρ·

1828 3104 1978 3157 nibus
2022 3105 2134 3173 ejus
2166 3105 2385 3158 saluauit
2412 3118 2570 3169 eum;
2619 3103 2775 3159 tertio
2807 3101 2991 3175 (Vens.
3023 3100 3106 3173 18)
3141 3118 3154 3153 ι
3186 3099 3399 3154 Clama-

150 3186 516 3255 Ἐξεζήτησα
548 3188 655 3241 τὸν
692 3190 908 3256 Κύριον
930 3228 944 3251 ,
977 3189 1074 3241 καὶ
1107 3188 1413 3257 ἐπήκοὺσέ
1435 3207 1554 3259 μου
1578 3230 1591 3253 ,
1624 3192 1723 3245 καὶ

1828 3203 2008 3248 tierunt
2031 3195 2208 3264 justi,
2238 3204 2285 3249 et
2317 3195 2575 3250 Dominus
2602 3195 2868 3250 exaudivit
2902 3211 3019 3258 eos,
3052 3204 3097 3246 et
3134 3208 3198 3246 ea:
3222 3190 3394 3244 omni-

135 3278 205 3332 ἐκ
237 3278 453 3331 πασῶν
478 3278 597 3332 τῶν
636 3278 899 3348 eximar
918 3297 1036 3348 μου
1073 3282 1367 3348 ἐρῥύσατό
1393 3298 1496 3350 με·
1539 3282 1720 3336 δεύτε-

142 3388 233 3441 ρον
267 3371 324 3423 δὲ
371 3370 564 3424 πάλιν·
607 3366 793 3435 Οὗτος
824 3374 855 3423 ὀ
909 3371 1142 3439 πτωχὸς
1184 3372 1503 3439 ὲκέκραξε,
1553 3374 1651 3427 καὶ
1690 3376 1722 3427 ό

137 3465 354 3531 Κύριος
374 3462 737 3529 είσήκουσεν
764 3463 971 3527 αὑτοῦ,
1008 3464 1103 3517 καὶ
1126 3466 1193 3517 ἐκ
1215 3465 1427 3518 πασῶν
1450 3466 1568 3520 τῶν
1592 3469 1720 3521 θλί-

139 3558 307 3621 ψεων
344 3555 526 3609 αὐτοῦ
576 3555 810 3609 ἔσωσεν
862 3556 1080 3609 αὐτόν’
1126 3557 1218 3610 καὶ
1275 3558 1489 3627 τρίτον·

1829 3288 1923 3340 bus
1958 3288 2386 3342 tribulationibus
2422 3305 2601 3342 eorum
2653 3288 2895 3341 liberavit
2939 3302 3049 3340 eos.
3117 3279 3399 3339 Postremo

1829 3378 2017 3447 (Vsus.
2049 3379 2140 3448 20)
2166 3398 2178 3429 ε
2211 3378 2395 3433 Μυιιω
2424 3379 2787 3433 tribulationes
2814 3376 3101 3446 justorum,
3124 3386 3169 3430 et
3197 3373 3262 3429 de
3287 3389 3399 3429 om-

1829 3470 1980 3523 nibus
2013 3469 2093 3522 his
2123 3470 2357 3523 liberavit
2392 3486 2476 3523 eos
2514 3468 2789 3522 Dominus.

1564 3559 1930 3629 Ἐκέκραξαν
1971 3563 2027 3614 οι
2087 3560 2335 3625 δίκαιοι,
2397 3560 2495 3614 καὶ
2530 3564 2562 3615 ὀ
2607 3562 2823 3630 Κύριος
2886 3560 3253 3630 είσήκουσεν
3286 3558 3395 3611 αὐ-

138 3644 282 3707 τῶν,
314 3648 409 3699 καὶ
431 3648 497 3700 ἐκ
525 3646 738 3701 πασῶν
760 3646 878 3702 τῶν
911 3650 1175 3716 θλίψεων
1202 3650 1400 3704 αὐτῶν
1464 3654 1758 3721 ἐρρύσατο
1798 3654 2049 3718 αὐτούς·
2097 3654 2190 3707 καὶ
2228 3653 2562 3708 τελευταῖον·
2605 3654 2836 3707 nouat
2890 3656 2948 3705 at
2993 3652 3233 3718 θλίψεις
3268 3646 3393 3701 τῶν

140 3735 418 3801 δικαίων,
447 3738 545 3790 καὶ
573 3740 641 3792 ἐκ
677 3740 887 3794 πασῶν
928 3738 1127 3794 αὐτῶν
1161 3742 1413 3808 ῥύσεται
1444 3746 1666 3810 αὐτοὺς
1696 3749 1728 3800 ό
1764 3747 1997 3815 Κύριος.

213 3826 305 3879 15.
337 3826 642 3880 Φυλάσσει
675 3830 892 3897 Κύριος
932 3829 1129 3883 πάντα
1176 3833 1247 3885 τὰ
1296 3832 1447 3887 ὀστᾶ
1493 3835 1721 3888 αὐτῶν·

140 3917 210 3971 ἐν
237 3915 312 3982 ἐξ
353 3917 550 3997 αύτῶν
586 3922 657 3974 οὐ
695 3924 1173 3991 συντριϐήσεται.
1232 3927 1467 3999 Πότερον
1510 3928 1588 3981 δεῖ
1634 3929 1724 3982 ἐπὶ

139 4011 243 4081 τῆς
280 4010 473 4078 λέξεως
514 4016 726 4082 μεῖναι,
762 4014 854 4067 καὶ
889 4016 1221 4087 ἀρκεσθῆναι
1249 4021 1312 4087 τῇ
1344 4022 1483 4073 κατὰ
1506 4022 1564 4073 τὸ
1590 4022 1723 4092 πρό-

143 4120 329 4174 χειρον
351 4104 766 4178 προσπιπτούσῃ
797 4107 915 4169 ταῖς
934 4107 1120 4170 ἀκοαῖς
1149 4110 1181 4178 η
1192 4108 1306 4177 μῶν
1323 4108 1519 4180 ἐννοίᾳ,
1552 4111 1631 4163 ὃτι
1658 4111 1725 4164 τὰ

140 4197 281 4249 ὀστᾶ
306 4196 495 4260 ταῦτα,
530 4197 598 4250 τὰ
621 4197 719 4267 τῆς
743 4198 942 4268 σαρκὸς
973 4199 1426 4269 ὑποστηρίγματα
1445 4240 1458 4265 ,
1496 4201 1555 4253 ού
1604 4218 1725 4253 συν-

139 4288 461 4359 τριϐήσεται
492 4288 598 4342 τῶν
623 4289 846 4343 δικαίων
872 4290 959 4343 διὰ
991 4290 1088 4362 τὴν
1122 4292 1273 4363 παρά
1298 4292 1391 4346 τοῦ
1415 4294 1619 4365 Κυρίου
1642 4295 1726 4347 δε-

140 4380 375 4450 δομένην
403 4380 583 4443 αὑτοίς
616 4381 893 4453 φυλακήν;
930 4383 1040 4436 Καὶ
1074 4383 1300 4455 πότερον
1334 4383 1531 4448 ζῶντος
1566 4386 1724 4455 μόνον

142 4472 237 4523 καὶ
269 4472 325 4521 ὲν
367 4467 446 4539 τῷ
491 4467 587 4539 βίῳ
622 4472 977 4540 τυγχάνοντος
1021 4473 1357 4546 ἁσύντριπτα
1395 4474 1488 4527 τοῦ
1517 4475 1722 4528 δικαίου

142 4562 546 4633 φυλαχθήσεται
576 4562 686 4631 (54)
710 4562 779 4614 τὰ
809 4564 976 4629 ὀστᾶς
1012 4565 1043 4636 ἢ
1080 4568 1173 4618 καὶ
1220 4566 1580 4631 ἀπολυθέντος
1628 4568 1720 4621 τοῦ

140 4652 342 4721 δεσμοῦ
378 4651 466 4704 τοῦ
484 4652 816 4722 σωματικοῦ,
849 4654 1014 4724 μηδὲν
1053 4656 1222 4708 αἴτιον
1254 4657 1718 4727 ὲπισυμϐήσεσθαι

141 4741 437 4813 συντριὸἧς
472 4744 548 4813 τῷ
585 4744 811 4814 δικαίῳ;
853 4747 959 4799 Καὶ
995 4748 1098 4818 μὴν
1127 4747 1294 4801 πολλὰ
1325 4750 1717 4822 μεμαθήκαμεν

141 4834 233 4884 ἐπὶ
260 4833 357 4902 τῆς
394 4834 586 4905 πείρας
629 4836 761 4889 ὀστᾶ
788 4836 1009 4891 δικαίων
1037 4843 1471 4911 συντετριμμένα
1493 4883 1506 4905 ,
1539 4843 1645 4896 τῶν
1665 4846 1722 4896 ὲν

140 4926 252 4985 τοῖς
308 4924 448 4994 ὑπὲρ
490 4925 589 4995 τῆς
632 4928 709 4990 είς
748 4928 979 4999 Χριστὸν
1010 4931 1316 5002 μαρτυρίας
1370 4933 1721 4998 παραδόντων

144 5017 371 5079 ἑαυτοὺς
416 5020 685 5084 παντοίοις
715 5020 883 5073 εἴδεσι
929 5022 1289 5094 παθημάτων.
1332 5024 1468 5094 Ἤδη
1504 5026 1608 5097 γάρ
1639 5044 1721 5078 τι-

142 5125 248 5161 νων
286 5109 394 5178 (55)
424 5112 516 5162 καὶ
544 5111 703 5182 σκέλη
734 5112 1000 5178 κατέαξαν
1035 5116 1082 5166 οἰ
1118 5113 1435 5178 διώκοντες,
1480 5117 1573 5168 καὶ
1616 5120 1723 5187 χεῖ-

210 5202 260 5274 '_°
294 5203 332 5255 Il
381 5203 506 5256 Cor.
556 5219 629 5274 tv,
671 5206 724 5263 5.
826 5208 866 5238 ⁹¹
922 5207 937 5260 I
988 5207 1111 5261 Cor.
1155 5209 1349 5274 tv,15.

142 5272 186 5303 ’⁸
214 5271 370 5325 Junii.
411 5289 522 5336 XVI,
564 5273 652 5329 35.

1446 5210 1489 5238 "
1524 5210 1650 5263 ibid.
1729 5211 1774 5243 ⁰³
1807 5212 1993 5270 Matth.
2029 5232 2119 5279 xx,
2152 5214 2238 5269 I6.

1897 3837 1985 3893 15.
2022 3837 2183 3892 Vsus.
2215 3836 2307 3892 2L
2352 3835 2591 3890 Custodit
2630 3835 2883 3888 Dominus
2916 3837 3091 3889 omnia
3136 3849 3255 3888 ossa
3303 3849 3396 3888 ea-

1826 3944 1963 3981 rum.
1988 3944 2149 3981 unum
2197 3943 2261 3979 ex
2307 3927 2389 3980 his
2428 3943 2532 3980 non
2584 3937 2899 3980 conteretur.
2941 3925 3074 3980 Nunt
3111 3925 3165 3980 in
3212 3925 3397 3980 littera

1828 4021 2033 4074 haerere
2066 4026 2301 4088 oportet,
2335 4028 2389 4074 et
2438 4034 2500 4073 ea
2545 4019 2763 4073 notione
2803 4034 2925 4088 qua:
2967 4018 3149 4072 statim
3186 4012 3394 4071 auditui

1828 4120 2013 4165 nostro
2051 4110 2310 4175 illabitur,
2368 4119 2675 4166 contentum
2734 4124 2891 4175 esse,
2949 4109 3090 4179 quod
3148 4109 3397 4165 videlitct

1828 4202 2019 4255 istliaac
2042 4199 2309 4269 iustorum
2341 4216 2487 4265 ossa,
2522 4202 2699 4257 carnis
2731 4200 2898 4255 fulcra
2919 4241 2934 4267 ,
2966 4216 3071 4254 non
3107 4210 3398 4255 conteren-

1831 4301 1917 4346 tur
1947 4293 2016 4347 ob
2055 4294 2232 4347 datam
2265 4294 2365 4348 sibi
2398 4309 2427 4348 a
2469 4294 2698 4348 Domino
2726 4293 3062 4347 custodiam?
3108 4293 3174 4345 Et
3209 4300 3391 4344 utrum

1825 4384 1952 4453 justi
1982 4400 2122 4449 ossa,
2155 4386 2390 4455 quamliu
2427 4386 2575 4438 vivet
2622 4385 2796 4437 solum
2828 4392 2882 4437 et
2921 4384 2972 4435 in
3006 4384 3116 4436 vita
3149 4383 3394 4438 diversa-

1830 4478 1993 4544 bitur,
2022 4478 2391 4531 custodientur
2420 4492 2447 4529 a
2476 4476 2716 4529 fractura
2745 4475 2889 4529 omni
2920 4474 3124 4528 illaasa?
3154 4491 3218 4527 an
3242 4474 3395 4542 justo

1828 4573 1989 4624 etiam
2024 4568 2287 4638 'corporis
2338 4568 2558 4621 vinculo
2616 4568 2887 4631 exsoluta,
2942 4567 3086 4620 nulla
3142 4565 3395 4622 frarturte

1826 4678 1988 4717 causa
2020 4662 2197 4715 futura
2231 4661 2343 4714 sit?
2371 4659 2529 4727 Atqui
2552 4660 2888 4727 experientia
2913 4660 3201 4713 didicimus
3228 4661 3390 4713 multa

1825 4769 1945 4808 ossa
1973 4753 2263 4820 iustorum,
2295 4752 2385 4819 qui
2420 4766 2541 4805 sese
2574 4752 2855 4819 quibusvis
2882 4750 3263 4820 suppliciorum
3300 4768 3393 4820 ge-

1826 4848 2047 4901 neribus
2082 4862 2177 4914 pro
2219 4845 2344 4898 dato
2392 4844 2457 4898 de
2507 4844 2720 4899 Christo
2754 4845 3060 4897 testimonio
3096 4844 3386 4902 tradidere.

1827 4940 2061 4993 contrita
2099 4950 2260 5005 atque
2291 4938 2617 4991 comminuta
2644 4935 2827 4989 fuisse.
2859 4932 2976 4987 iam
3008 4936 3152 4987 enim
3182 4943 3233 4986 rt
3262 4950 3394 5000 quo-

1827 5033 2068 5082 rumdam
2127 5043 2286 5082 crura
2331 5026 2716 5095 confregerunt
2767 5036 3179 5094 persecutores.
3232 5032 3391 5093 atque

1828 5136 2019 5173 manus
2056 5136 2117 5175 ac
2158 5121 2329 5187 capita
2372 5119 2537 5172 clavis
2568 5131 2708 5185 szepe
2752 5114 3160 5168 transﬁxurum.
3208 5113 3267 5166 Et
3308 5122 3390 5164 lu-

2334 5213 2379 5245 "
2414 5212 2599 5265 Matth.
2640 5226 2691 5274 ν,
2742 5210 2796 5263 5.
2892 5209 2937 5239 ’⁸
2978 5205 3021 5261 Il
3053 5205 3178 5263 Cor.
3225 5222 3297 5269 Iv,
3331 5204 3366 5259 8

213 5366 329 5443 (51)
377 5366 529 5420 Facit
560 5382 706 5422 more
756 5365 1276 5443 ειιο-ςᾷοηιιιιειίίεἰοε.Δ
1306 5377 1361 5420 ut
1388 5368 1591 5443 aliquid
1647 5371 1711 5443 ad
1818 5374 1947 5427 σῶν.
1982 5375 2088 5431 Nec
2123 5378 2192 5430 ita
2243 5377 2411 5431 multo
2442 5385 2562 5443 post
2606 5372 2757 5428 Colb.
2794 5373 2998 5431 primus
3023 5373 3070 5424 εί
3104 5370 3178 5442 μὴ
3213 5369 3385 5441 ἁρμό-

140 5440 427 5491 arbitrium
451 5453 604 5489 suum
631 5446 817 5490 mutet.
850 5434 948 5489 Ubi
989 5438 1149 5502 igitur
1184 5439 1407 5506 legimus
1429 5434 1493 5491 et-
1520 5441 1569 5491 iu
1595 5440 1709 5491 edi-

1817 5444 1950 5507 ζειν.
1982 5444 2115 5517 [ἰήιε.
2146 5451 2335 5502 tertius
2365 5450 2412 5500 et
2456 5447 2529 5517 μὴ
2561 5445 2634 5517 μὴ
2658 5444 2939 5516 ἁρμόζειν.
2965 5444 3065 5496 Alii
3100 5456 3227 5495 mss.
3261 5455 3383 5497 cum

146 5511 213 5561 tis
247 5514 369 5559 etin
399 5523 525 5587 IIIS-8.
562 5507 855 5589 ouantibus,“
871 5506 1031 5589 τινῶν
1063 5509 1118 5558 έν
1157 5507 1399 5589 Χριστῷ,
1431 5511 1548 5561 vult
1606 5509 1708 5576 legi

1828 5506 1973 5589 ἓάιμξ
2007 5516 2037 5587 ἢ
2075 5517 2147 5587 μὴ
2179 5520 2313 5589 ἀρμ·

142 5586 391 5645 οιιοι-ιετθ
423 5576 533 5628 τῶν
560 5578 615 5628 ὲν
647 5574 885 5648 Χριστῷ.
927 5574 1219 5645 γυιςαιειιιι
1241 5574 1527 5633 lectionem
1583 5574 1713 5632 reti-

146 5649 372 5701 nendam
398 5662 517 5700 essu
553 5648 826 5701 duximus.

212 5716 746 5787 (52)Ε‹1ἰιὶνόσοιςῆ
778 5720 855 5771 ὲν.
889 5715 1051 5771 Deest
1086 5716 1121 5787 ἦ
1152 5716 1201 5769 in
1236 5725 1439 5784 septem
1473 5733 1603 5771 mss.

212 5787 326 5859 (55)
370 5785 521 5860 Iti'gii
553 5785 744 5844 tertius
768 5796 823 5845 et
855 5797 1079 5857 quartus
1104 5785 1345 5854 δικαίων,
1371 5788 1482 5842 ἀλλ’
1512 5792 1573 5843 ὲκ
1609 5806 1712 5843 nat--

1888 5586 3009 5660 @0901!»inimusseiaxﬁicovm:_
3107 5650 3152 5660 --

1889 5650 1999 5725 (55)
2043 5657 2114 5709 Ita
2154 5650 2283 5711 mss.
2326 5650 2483 5712 octof
2517 5650 2650 5709 Ediii
2680 5650 2838 5708 τινων
2870 5652 3070 5709 αὐτῶν.
3104 5650 3222 5708 Mox
3258 5650 3393 5712 editi

1814 5726 2099 5797 Καίτοιγε.
2131 5729 2290 5787 Deest
2323 5745 2387 5799 γε
2414 5728 2467 5784 in
2504 5728 2699 5784 nostris
2733 5741 2861 5781 mss.
