4068 6318
712 341 820 393 585
2052 351 2107 402 S.
2151 349 2392 403 BASILII
2426 351 2637 405 MAGNI
3851 366 3949 419 58l

706 461 830 501 men
861 448 979 513 quis
1010 450 1390 507 Contradicens
1439 455 1713 510 aﬂirmarit
1755 471 1847 512 eos
1890 461 1980 529 qui
2013 462 2247 531 martyrii

2343 519 2349 531 λ
2378 480 2475 534 ρας
2511 465 2603 516 καὶ
2625 466 2863 535 κεφαλὰς
2901 467 3174 539 διέπειραν
3204 476 3313 535 τοῖς
3337 472 3487 542 ἥλοις
3510 470 3794 533 πολλάκις.
3822 475 3947 526 Καί-

706 540 1057 591 cousummati
1098 548 1258 608 sunt,
1298 558 1403 598 non
1443 546 1683 599 omnium
1738 563 1859 604 esse
1904 551 2233 619 justissimos

2375 572 2459 606 τοι
2488 554 2569 617 τίς
2611 557 2826 630 ἀντερεῖ
2860 556 2934 628 μὴ
2974 558 3093 629 οὐχ).
3139 562 3353 616 πάντων
3403 559 3538 617 εἶναι
3577 562 3948 627 δικαιοτάτους

702 623 809 678 Sed
849 624 1128 693 fortassis,
1176 635 1631 700 quemadmodum
1690 640 1853 696 homo
1903 643 2123 705 dicitur,
2167 646 2247 699 llOt

2373 646 2497 707 τοὺς
2524 646 2581 698 ἐν
2611 648 2688 719 τῷ
2714 623 2990 721 μαρτυρίῳ
3016 623 3493 722 τετελειωμένουςς
3532 653 3695 706 Ἀλλά
3718 623 3943 722 μήποτε.

698 726 798 783 est,
844 719 1023 771 anima
1055 731 1109 775 et
1151 738 1305 781 mens
1341 727 1607 795 humana,
1637 731 1711 786 ita
1740 742 1795 788 et
1824 735 1990 803 ipsius
2025 737 2265 793 membra

697 808 887 863 eodem
927 812 1147 868 nomine
1185 830 1249 869 ac
1293 817 1538 885 corporis
1582 832 1763 888 partes
1810 835 2091 879 vocantur.
2131 825 2264 882 Nam

696 915 839 971 saepe
886 903 1161 961 interioris
1212 909 1448 964 hominis
1498 916 1735 969 membra
1778 917 2057 987 Scriptura
2105 924 2268 977 nomi-

696 1004 827 1062 nat;
855 1007 911 1050 ut
937 1012 1057 1051 cum
1082 1001 1211 1054 dicit
1258 1022 1269 1056 :
1304 999 1575 1073 Sapientis
1619 1008 1757 1061 oculi
1786 1008 1839 1061 in
1870 1013 2036 1079 capite
2056 1013 2168 1082 ejus
2186 1017 2263 1084 ’7;

692 1088 796 1142 hoc
841 1099 953 1155 est,
994 1091 1204 1146 occulta
1252 1106 1305 1150 et
1341 1100 1617 1152 recondita
1660 1101 1918 1169 sapientis
1967 1119 2109 1172 pars,
2142 1123 2265 1175 pro-

692 1179 815 1232 vida
844 1191 927 1235 est
953 1190 1009 1236 et
1042 1184 1456 1258 circumspecta.
1488 1189 1554 1242 Et
1585 1206 1771 1245 rursus
1797 1203 1905 1246 tum
1931 1199 2111 1250 carnis
2136 1215 2264 1253 ocu-

692 1267 773 1324 los
803 1271 1059 1329 similiter
1102 1278 1255 1344 dicit,
1306 1295 1409 1330 non
1452 1280 1625 1333 solum
1669 1282 1721 1335 iu
1762 1298 1821 1337 ea
1870 1301 2032 1355 quam
2074 1290 2258 1344 attuli-

690 1378 812 1419 mus
844 1370 1134 1435 sententia,
1177 1371 1268 1423 sed
1309 1371 1474 1425 etiam
1525 1373 1613 1427 ubi
1660 1376 1754 1439 ait,
1787 1392 2113 1449 prmccptum
2162 1383 2261 1436 Do-

692 1459 824 1511 mini
867 1459 1099 1515 lucidum
1148 1477 1296 1530 esse,
1348 1474 1398 1518 et
1442 1466 1755 1524 illumiuaus
1788 1473 1975 1526 oculos
2008 1473 2073 1525 ³⁸.
2120 1476 2259 1540 Quid

691 1560 821 1599 vero
844 1558 1056 1617 oportet
1100 1552 1278 1607 dicere
1328 1555 1393 1607 de
1434 1556 1536 1610 hoc
1578 1575 1592 1610 :
1635 1558 1736 1625 Qui
1780 1563 1931 1613 habet
1974 1579 2127 1616 aures
2164 1581 2262 1617 au-

686 1637 888 1707 diendi,
918 1642 1102 1695 audiat
1129 1642 1213 1695 "‘L’
1242 1643 1591 1714 Compertum
1644 1661 1728 1704 est
1766 1652 1905 1705 enim
1947 1662 2001 1706 et
2044 1669 2263 1725 perspe-

685 1739 854 1795 Clum,
888 1730 1155 1800 aliquibus
1197 1733 1375 1790 inesse
1426 1752 1583 1792 aures
1621 1738 1873 1793 meliores
1914 1746 2253 1808 praestantio-

2374 732 2559 805 ὥσπερ
2582 738 2863 809 ἄνθρωπος
2891 737 3127 805 λέγεται,
3154 742 3447 807 τουτέστιν,
3474 738 3671 813 ἡψυχὴ
3694 740 3833 808 (56),
3865 743 3944 791 καὶ

2372 829 2400 880 6
2432 826 2553 889 νοῦς
2581 831 2608 881 6
2630 828 2964 902 ἀνθρώπινος
2988 847 3000 859 ·
3031 828 3172 883 οὕτω
3212 831 3304 881 καὶ
3346 835 3415 885 τὰ
3461 835 3597 906 μέλη
3633 831 3747 904 (37)
3792 830 3942 883 αὑτοῦ

2371 918 2675 988 ὁμωνύμως
2713 918 3031 989 ὀνομάζεται
3066 921 3198 992 πρὸς
3230 919 3297 972 τὰ
3320 921 3419 989 τῆς
3443 926 3678 996 σαρκὸς·
3716 924 3794 986 ὡς
3824 922 3941 973 πολ-

2371 1008 2524 1073 λάκις
2547 1011 2800 1083 ὀνομάζει
2831 1012 2862 1082 ἡ
2898 1012 3083 1084 Γραφὴ
3120 1013 3212 1067 τοῦ
3247 1014 3488 1084 κρυπτοῦ
3527 1016 3827 1087 ἀνθρώπου
3849 1056 3862 1075 ,
3892 1016 3939 1066 ἐν

2368 1102 2446 1172 τῷ
2474 1103 2649 1171 λέγειν
2673 1124 2686 1136 ·
2729 1105 2837 1160 Τοῦ
2859 1104 3054 1172 σοφοῦ
3079 1109 3129 1158 οὶ
3154 1104 3443 1174 ὀφθαλμοὶ
3469 1104 3538 1156 ἐν
3563 1107 3811 1177 κεφαλῇ
3838 1105 3938 1177 (⁵8)

2367 1196 2553 1249 αὐτοῦ
2574 1214 2586 1227 ’
2616 1199 2856 1251 τουτέστι
2886 1200 3242 1267 προορατικόν
3272 1200 3386 1251 ἐστι
3420 1196 3512 1249 καὶ
3541 1202 3939 1272 περιεσκεμμέ-

2368 1304 2457 1339 νον
2495 1287 2553 1339 τὸ
2610 1289 2845 1359 κρυπτὸν
2899 1287 2992 1339 τοῦ
3036 1288 3220 1354 σοφοῦ.
3266 1291 3373 1343 Καὶ
3421 1288 3579 1344 πάλιν
3629 1292 3939 1363 ὀφθαλμοπ

2365 1378 2563 1449 ὁμοίως
2594 1379 2737 1449 λέγει
2767 1381 2887 1443 τούς
2906 1397 2964 1432 τε
2990 1380 3088 1449 τῆς
3114 1380 3289 1451 ψυχῆς
3337 1385 3428 1437 καὶ
3475 1384 3570 1454 τῆς
3605 1384 3810 1453 σαρκὸς
3832 1424 3847 1448 ,
3881 1386 3938 1436 οὐ

2369 1473 2527 1543 μόνον
2563 1474 2618 1525 ἐν
2717 1472 3064 1545 παρεθέμεθα
3110 1474 3271 1539 λέξει,
3321 1477 3435 1530 ἀλλ’
3482 1480 3537 1531 ὲν
3582 1475 3658 1547 τῷ
3707 1478 3939 1543 φάσκειν

2367 1565 2462 1635 τὴν
2496 1566 2710 1638 ἐντολὴν
2751 1566 2954 1638 Κυρίου
2989 1568 3229 1638 τηλαυγῆ
3274 1565 3408 1623 εἶναι
3460 1573 3550 1624 καὶ
3598 1568 3939 1640 φωτίζουσαν

2364 1655 2691 1727 ὀφθαλμούς.
2726 1657 2789 1709 Τί
2811 1657 2867 1710 δὲ
2908 1657 2988 1710 δεῖ
3018 1657 3194 1726 λέγειν
3225 1662 3486 1732 περὶτοῦ,
3530 1665 3589 1716 '0
3615 1664 3776 1732 ἔχων
3818 1656 3940 1713 ὦτα

2364 1748 2627 1814 ἀκούειν,
2668 1748 2964 1813 ἀκουέτω;
3002 1751 3169 1821 Δῆλον
3190 1752 3318 1825 γὰρ,
3344 1755 3425 1807 ὅτι
3465 1754 3752 1821 κέκτηνταί
3790 1770 3939 1814 τινες

688 1833 880 1888 resque
902 1861 914 1885 ,
945 1837 1065 1890 qua:
1100 1824 1192 1878 Dei
1226 1827 1435 1895 possint
1462 1828 1623 1881 verba
1667 1829 1873 1883 audire.
1921 1832 2002 1886 Ad
2038 1848 2132 1889 eos
2165 1853 2247 1889 au-

2358 1838 2472 1896 ὧτα
2516 1844 2797 1914 κρείττονα
2840 1844 3113 1914 δυνάμενα
3142 1824 3358 1900 ἀκούειν
3400 1847 3566 1918 λόγων
3598 1848 3755 1902 Θεοῦ.
3791 1846 3939 1916 Πρὸς

688 1926 793 1968 tem
828 1914 917 1982 qui
948 1929 1053 1969 non
1084 1915 1285 1971 habent
1330 1920 1446 1973 illas
1476 1934 1635 1973 aures
1658 1960 1671 1985 ,
1715 1924 1842 1989 quid
1877 1924 2045 1979 dicit?
2070 1926 2253 1993 Sardi,

682 2008 885 2074 audite,
924 2018 972 2063 et
1011 2014 1158 2077 cwci,
1195 2015 1439 2081 suspicile
1472 2014 1510 2068 ¹.
1568 2015 1727 2086 157
1762 2014 1893 2072 ltem
1935 2037 1948 2072 :
1986 2019 2057 2073 0s
2090 2035 2256 2073 meum

681 2106 884 2166 aperui,
917 2112 963 2156 et
995 2108 1193 2158 attraxi
1232 2107 1473 2172 spiritum
1514 2109 1554 2161 ’.
1596 2109 1684 2174 Et,
1713 2110 1891 2165 dentes
1925 2121 2256 2180 peccatorum

681 2191 975 2245 contrivisti
996 2192 1039 2246 ³.
1063 2192 1194 2247 Nam
1232 2195 1348 2249 haec
1372 2199 1552 2252 omnia
1578 2200 1643 2254 de
1678 2202 1742 2256 iis
1768 2203 1907 2255 dicta
1929 2210 2054 2255 sunt
2088 2202 2255 2256 facul-

683 2281 907 2348 tatibus,
934 2298 1052 2352 quae
1089 2285 1323 2353 spiritali
1360 2288 1630 2344 alimoniae
1655 2308 1717 2345 ac
1746 2292 2003 2345 doctrina:
2024 2292 2252 2361 spiritali

678 2368 1000 2427 inserviunt.
1022 2373 1149 2429 Tale
1170 2387 1251 2430 est
1279 2386 1327 2430 et
1361 2377 1485 2429 illud
1516 2393 1530 2429 :
1568 2378 1808 2433 Ventrem
1836 2398 2007 2435 meum
2028 2384 2177 2437 doleo
2197 2386 2248 2451 ’ς

677 2470 755 2528 et,
786 2462 889 2519 Pes
914 2466 1052 2537 justi
1093 2486 1197 2522 non
1232 2470 1479 2541 impinget
1518 2471 1560 2526 °.
1595 2472 1785 2527 Omnia
1835 2475 1977 2528 enim
2033 2477 2154 2529 talia
2185 2479 2253 2532 de

677 2555 921 2614 interiori
953 2560 1175 2617 homine
1218 2563 1384 2618 relata
1422 2575 1570 2620 sunt.
1600 2564 1718 2621 Jam
1761 2582 1885 2622 vero
1911 2568 2063 2636 juxta
2104 2585 2251 2623 eam-

677 2648 799 2703 dem
837 2652 1101 2706 rationem
1153 2654 1352 2709 fuerint
1392 2659 1556 2710 etiam
1596 2659 1840 2727 qumdam
1887 2661 2121 2716 hominis
2170 2662 2252 2716 in-

680 2743 819 2795 terni
851 2758 994 2808 ossa,
1035 2747 1233 2814 quibus
1281 2748 1555 2815 colligatio
1592 2751 1987 2821 harmoniaque
2019 2754 2249 2807 faculta-

674 2841 787 2887 tum
819 2835 1013 2889 animze
1052 2838 1379 2895 continetur.
1412 2840 1478 2893 Et
1507 2841 1961 2909 quemadmodum
2000 2860 2118 2898 ossa
2159 2844 2247 2897 lir-

675 2924 864 2979 mitate
887 2926 1100 2995 propria
1125 2929 1496 2982 communiunt
1520 2930 1765 2984 carnium
1796 2934 2243 2988 teneritudinem:

676 3016 756 3069 sic
785 3024 839 3069 et
873 3016 925 3069 in
965 3016 1201 3072 Ecclesia
1225 3028 1352 3072 sum
1379 3021 1619 3089 quidam,
1654 3024 1743 3092 qui
1778 3022 1847 3077 ob
1885 3027 2244 3082 constantiam

672 3119 827 3160 suam
874 3107 1132 3163 debilium
1174 3109 1577 3167 imbecillitates
1631 3110 1773 3170 ferre
1808 3127 2048 3185 possunt.
2088 3118 2152 3173 Et
2190 3130 2249 3175 ut

2357 1936 2413 1989 δὲ
2440 1936 2564 1999 τοὺς
2593 1935 2667 2006 μὴ
2707 1935 2928 2006 ἔχοντας
2955 1940 3135 1992 ἐκεῖνα
3164 1940 3232 1994 τὰ
3258 1934 3369 1994 ὦτα
3416 1941 3456 1994 τί
3486 1959 3673 2011 (mani;
3712 1943 3784 1994 ΟΖ
3820 1958 3937 1993 xw-

2357 2028 2492 2098 φοί,
2518 2028 2848 2095 ἀκούσατε,
2886 2030 2985 2084 καὶ
3006 2034 3059 2085 οὶ
3085 2033 3322 2101 τυφλοί,
3359 2034 3740 2101 (immediate
3766 2051 3780 2063 -
3814 2033 3934 2093 καὶ,

2360 2120 2436 2175 T6
2470 2122 2665 2192 στόμα
2689 2140 2807 2192 μου
2832 2122 3066 2191 ἦνοιξα,
3092 2123 3187 2175 καὶ
3217 2124 3473 2176 εἵλκυσα
3508 2124 3740 2191 πνεῦμα
3759 2142 3771 2153 ·
3816 2124 3934 2185 καὶ,

2356 2210 2621 2276 Ὀδόντας
2648 2212 3005 2279 ἁμαρτωλῶν
3028 2211 3410 2280 συνέτριψας.
3432 2211 3603 2266 Ταῦτα
3623 2212 3733 2283 γὰρ
3752 2213 3934 2264 πάντα

2354 2302 2567 2373 εἴρηται
2598 2303 2733 2375 πρὸς
2764 2302 2862 2366 τὰς
2890 2302 3264 2374 ὑπουργούσας
3283 2304 3535 2375 δυνάμεις
3559 2305 3645 2356 ἐπὶ
3671 2303 3781 2373 τὴν
3808 2321 3937 2374 von-

2351 2393 2449 2463 τὴν
2478 2393 2682 2463 τροφὴν
2714 2393 2806 2447 καὶ
2840 2393 2931 2447 τὸν
2953 2396 3137 2465 νοητὸν
3163 2394 3335 2465 λόγον.
3366 2395 3605 2450 Τοιοῦτον
3632 2397 3684 2449 δὲ
3725 2397 3832 2451 καὶ
3852 2399 3932 2463 τὸ,

2360 2484 2478 2553 Τὴν
2500 2486 2736 2539 κοιλίαν
2758 2503 2877 2555 μου
2916 2486 3107 2556 ἀλγῶ·
3146 2489 3238 2542 καὶ
3281 2489 3360 2555 τὸ,
3423 2491 3473 2538 '0
3514 2489 3657 2557 ποῦς
3692 2490 3814 2544 τοῦ
3852 2490 3935 2543 δι-

2352 2578 2524 2631 καίου
2561 2578 2632 2631 οὺ
2658 2575 2743 2645 μὴ
2780 2579 3123 2648 προσκόψῃ.
3203 2580 3385 2634 Πάντα
3415 2580 3521 2652 γὰρ
3552 2582 3637 2633 ἐπὶ
3667 2580 3772 2633 τοῦ
3827 2582 3934 2633 ἔσω

2352 2669 2638 2741 ἀνθρώπου
2679 2670 3021 2725 κατείλεκται
3050 2671 3120 2725 τὰ
3158 2672 3397 2727 τοιαῦτα.
3432 2672 3583 2727 Κατὰ
3616 2672 3670 2726 δὲ
3696 2672 3803 2725 τὸν
3832 2676 3931 2727 αὑ-

2352 2763 2442 2816 τὸν
2474 2763 2628 2833 λόγον
2650 2766 2744 2818 καὶ
2772 2767 2905 2820 ὀστᾶ
2933 2784 3056 2822 τινα
3080 2767 3146 2822 ἂν
3171 2767 3263 2822 τοῦ
3292 2769 3349 2821 ὲν
3378 2768 3454 2840 τῷ
3475 2766 3711 2840 κρυπτῷ,
3748 2769 3817 2821 ὲν
3853 2765 3931 2831 οἷς

2350 2856 2379 2905 6
2405 2854 2696 2927 σύνδεσμος
2718 2860 2810 2912 καὶ
2837 2862 2868 2930 ἡ
2894 2860 3127 2932 ἁρμονία
3149 2861 3256 2915 τῶν
3285 2862 3528 2933 ψυχικῶν
3548 2864 3659 2915 ἐστι
3688 2862 3814 2931 {39)
3845 2862 3931 2915 δυ-

2350 2946 2566 3016 νάμεων
2591 2953 3051 3022 συγκροτουμένη.
3078 2955 3186 3006 Καὶ
3206 2954 3390 3026 ὥσπερ
3418 2956 3484 3009 τὰ
3511 2955 3639 3007 ὀστᾶ⁵
3660 2957 3726 3025 τῇ
3747 2955 3929 3024 οἰκείᾳ

2348 3038 2562 3111 εὐτονίᾳ
2615 3039 2723 3093 τῶν
2782 3042 3001 3112 σαρκῶν
3039 3045 3372 3113 περιστέλλει
3439 3046 3534 3115 τὴν
3576 3047 3925 3115 ἁπαλότητα,

2349 3129 2489 3187 οὕτω
2514 3135 2607 3188 καὶ
2623 3134 2681 3188 ὲν
2705 3136 2769 3205 τῇ
2786 3133 3081 3207 Ἐκκλησίᾳ.
3114 3136 3219 3189 είσί
3237 3154 3400 3200 τινες,
3424 3138 3472 3190 οἳ
3489 3138 3573 3190 διὰ
3600 3139 3693 3208 τὴν
3709 3141 3928 3193 οἰκείαν

675 3200 817 3253 inter
838 3216 898 3255 se
925 3212 1320 3256 connectuntur
1350 3218 1496 3269 ossa,
1521 3219 1644 3259 cum
1671 3222 1766 3276 per
1795 3224 1987 3264 nervos
2011 3219 2065 3263 et
2092 3210 2244 3266 colli-

2348 3227 2677 3299 στερρότητα
2703 3200 2771 3282 τὰ
2802 3200 3149 3299 ὑπερῆματα
3200 3228 3451 3283 δύνανται
3492 3230 3596 3284 τῶν
3640 3200 3929 3286 ἁσθενούν-

672 3292 913 3360 gationes
953 3308 1047 3360 per
1080 3303 1293 3347 artuum
1346 3297 1735 3353 commissuras
1789 3300 1930 3353 inter
1969 3315 2027 3353 se
2062 3303 2243 3356 adlim—

672 3396 928 3439 rescunt:
961 3387 1031 3438 ita
1054 3402 1267 3455 quoque
1300 3388 1463 3441 fuerit
1489 3390 1775 3443 charitatis
1805 3400 1859 3443 et
1881 3393 2028 3459 pacis
2060 3396 2246 3446 vincu-

670 3474 815 3540 lum,
875 3476 1276 3531 concretionem
1346 3480 1633 3545 quamdam
1693 3489 1748 3533 et
1805 3481 2240 3549 conjunctionem

670 3566 1030 3634 Spiritualium
1080 3568 1282 3621 ossium
1330 3568 1383 3622 in
1430 3569 1521 3623 Dei
1571 3569 1813 3623 Ecclesia
1864 3569 2124 3626 efﬁciens.
2168 3573 2242 3627 De

669 3655 930 3723 ejusmodi
982 3658 1226 3722 ossibus,
1279 3657 1347 3712 ab
1385 3659 1665 3713 harmonia
1717 3658 1945 3725 solutis,
1991 3672 2045 3714 et
2099 3663 2243 3717 velut

668 3748 887 3811 luxatis,
922 3749 1049 3802 dicit
1076 3748 1346 3819 Propheta
1379 3770 1391 3803 :
1444 3750 1715 3818 Dissipata
1756 3763 1877 3804 sunt
1910 3769 2026 3805 ossa
2064 3764 2240 3807 nostra

670 3856 815 3895 secus
856 3840 1122 3908 infernum
1146 3843 1187 3895 ⁸.
1228 3842 1404 3911 Atque
1433 3842 1477 3897 si
1510 3857 1744 3913 unquam
1797 3843 1912 3898 haec
1953 3858 2072 3898 ossa
2107 3858 2239 3899 con-

672 3935 911 3989 turbatio
947 3936 1435 4005 conquassatioque
1461 3936 1900 4007 apprehenderit,
1930 3950 2095 3992 orans
2123 3938 2199 3991 ait
2224 3956 2237 3992 :

669 4024 817 4080 Sana
852 4043 967 4090 me,
1002 4026 1258 4094 Domine,
1294 4029 1541 4094 quoniam
1593 4029 1904 4081 conturbata
1953 4039 2073 4083 sunt
2123 4046 2241 4084 ossa

666 4133 784 4170 mea
808 4118 846 4170 ⁷.
879 4117 977 4172 Ubi
1011 4134 1137 4174 vero
1161 4121 1498 4175 harmoniam
1521 4122 1792 4189 propriam
1819 4123 2173 4186 servaverint,
2210 4138 2241 4176 a

669 4207 896 4263 Domino
925 4211 1215 4271 custodita,
1250 4225 1317 4263 ne
1344 4226 1507 4261 lllllllll
1534 4210 1749 4276 quidem
1782 4225 1847 4264 ex
1878 4213 1963 4265 his
1990 4222 2238 4266 contere-

669 4308 778 4367 tur,
810 4300 902 4354 sed
932 4300 1089 4369 digna
1116 4311 1260 4364 sunt,
1290 4316 1410 4368 quae
1438 4299 1545 4355 Deo
1573 4302 1796 4369 gloriam
1824 4301 2084 4356 referant.
2114 4302 2239 4356 0m-

668 4397 755 4447 nia
804 4395 964 4459 enim,
1016 4395 1209 4462 inquit,
1244 4411 1361 4447 ossa
1394 4411 1510 4448 mea
1562 4395 1731 4448 dicent
1781 4410 1800 4448 :
1849 4393 2094 4461 Domine,
2126 4394 2235 4448 Do-

667 4487 826 4548 mine,
864 4487 981 4555 quis
1013 4486 1201 4539 similis
1240 4486 1332 4538 tibi
1357 4486 1412 4539 3?
1446 4486 1636 4541 Vidisti
1666 4486 2011 4541 rationalium
2033 4488 2233 4541 ossium

2349 3337 2454 3372 των
2490 3320 2795 3389 βαστάζειν.
2830 3322 2939 3373 Καὶ
2962 3320 3146 3392 ὥσπερ
3181 3320 3249 3374 τὰ
3292 3324 3424 3376 ὀστᾶ
3458 3323 3791 3378 συνάπτεται
3832 3326 3928 3378 ἁλ-

2348 3408 2526 3479 λήλοις
2551 3410 2690 3463 κατὰ
2725 3410 2820 3473 τὰς
2849 3410 3201 3483 διαρθρώσεις
3232 3431 3440 3483 νευροις
3482 3414 3571 3467 καὶ
3600 3414 3926 3487 συνδέσμοις

2348 3497 2760 3567 ἐπιπεφυκὸσιν,
2792 3498 2961 3562 οὕτως
2986 3498 3051 3552 ἂν
3083 3500 3166 3570 εἴη
3195 3502 3287 3553 καὶ
3305 3504 3332 3553 6
3350 3504 3447 3571 τῆς
3468 3500 3683 3570 ἀγάπης
3707 3505 3811 3554 καὶ
3830 3503 3926 3571 τῆς

2346 3587 2566 3658 εἰρήνης
2584 3587 2896 3658 σύνδεσμος,
2913 3590 3187 3659 συμφυΐαν
3203 3588 3322 3641 τινὰ
3336 3594 3429 3642 καὶ
3444 3589 3631 3642 ἕνωσιν
3646 3589 3754 3641 τῶν
3770 3606 3926 3639 πνευο

2350 3679 2592 3749 ματικῶν
2608 3678 2807 3733 ὀστέων
2835 3682 2893 3732 ὲν
2918 3684 2983 3750 τῇ
3001 3680 3295 3750 Ἑκκλησίᾳ
3316 3680 3409 3733 τοῦ
3428 3680 3559 3734 Θεοῦ
3581 3681 3923 3749 κατεργαζό-

2350 3787 2526 3841 μενος.
2546 3772 2679 3842 Περὶ
2698 3771 2901 3825 τούτων
2922 3773 3029 3824 τῶν
3049 3773 3249 3826 ὀστέων
3275 3773 3382 3826 τῶν
3402 3772 3671 3843 λυομένων
3692 3773 3807 3826 ἀπὸ
3829 3775 3924 3843 τῆς

2348 3860 2626 3932 ἁρμονίας,
2643 3863 2734 3915 καὶ
2750 3862 2909 3914 οἱονεὶ
2927 3861 3087 3933 ὲξάρθ
3096 3880 3202 3932 ρων
3222 3863 3539 3934 γινομένων,
3560 3865 3721 3934 φησὶν
3734 3867 3768 3917 6
3786 3866 3914 3935 Προ-

2348 3952 2525 4023 φήτης
2545 3970 2558 3983 ο
2586 3953 3142 4023 Διεσκορπίσθησαν
3166 3954 3275 4025 (40)
3301 3954 3374 4009 τὰ
3400 3956 3549 4010 ὀστᾶ
3570 3954 3738 4025 ἡμῶν
3764 3957 3923 4024 παρὰ

2347 4045 2454 4097 τὸν
2490 4045 2663 4111 ᾅδην.
2694 4046 2801 4099 Καὶ
2833 4046 2925 4099 ὲάν
2952 4046 3081 4099 ποτέ
3109 4062 3170 4115 γε
3216 4047 3424 4118 ταραχὴ
3472 4046 3605 4101 αὐτὰ
3644 4048 3737 4100 καὶ
3784 4065 3920 4118 κρα-

2345 4138 2548 4207 δασμὸς
2580 4138 2882 4211 καταλὰὅῃ,
2920 4140 3209 4210 εὐχόμενος
3237 4139 3414 4209 λέγει’
3452 4141 3641 4194 Ἰασαί
3659 4157 3737 4210 με
3762 4180 3776 4201 .
3810 4142 3921 4193 Kl}.

2336 4245 2450 4295 ριε,
2477 4229 2563 4281 ὅτι
2600 4230 2895 4297 ἐταράχθη
2921 4231 2991 4283 τὰ
3019 4232 3168 4286 ὀστᾶ
3188 4250 3324 4300 μου.
3364 4232 3527 4286 Ὅταν
3558 4232 3611 4284 δὲ
3644 4232 3794 4302 σώζῃ
3826 4233 3919 4300 τὴν

2343 4320 2545 4371 οἰκείαν
2584 4320 2865 4389 ἁρμονίαν,
2899 4321 3270 4389 φυλαττόμενα
3302 4321 3405 4374 ὑπὸ
3432 4322 3524 4374 τοῦ
3546 4323 3773 4392 Κυρίου,
3801 4321 3917 4372 065‘s

2342 4412 2400 4463 ἒν
2433 4411 2610 4464 αὐτῶν
2646 4412 3089 4483 συντριϐήσεται.
3121 4412 3234 4466 ἀλλ’
3268 4413 3394 4479 ἁξιά
3430 4416 3545 4466 ἐστι
3589 4413 3744 4479 δόξαν
3794 4415 3917 4465 ἀνα-

2343 4504 2527 4573 φέρειν
2573 4501 2651 4571 τῷ
2690 4502 2826 4572 Θεῷ.
2875 4502 3076 4557 Πάντα
3121 4504 3265 4572 τὰρ,
3300 4504 3451 4572 φησι,
3497 4505 3567 4558 τὰ
3600 4502 3751 4558 ὀστᾶ
3799 4522 3915 4573 μου

668 4579 953 4633 naturam?
980 4578 1254 4634 Fortassis
1287 4592 1469 4634 autem
1495 4579 1733 4634 Ecclesia
1764 4580 1935 4648 possit
1964 4579 2147 4635 dicere
2173 4582 2233 4634 il-

2343 4590 2542 4658 ὲροῦσι
2563 4608 2575 4621 ο
2602 4593 2798 4659 Κύριε,
2831 4592 3041 4660 Κύριε,
3087 4594 3178 4659 τίς
3202 4593 3312 4662 (41)
3355 4594 3556 4664 ὅμοιός
3593 4609 3731 4655 σοις
3763 4589 3915 4654 Εἶδες

734 4719 778 4750 ⁸⁷
812 4718 985 4773 Eccle.
1021 4734 1082 4781 tl,
1126 4718 1212 4774 14.
1282 4720 1329 4752 9⁸
1355 4719 1496 4774 Psal.
1523 4736 1676 4782 xvm,
1706 4719 1759 4773 9.

1865 4722 1908 4796 ξ’
1946 4720 2238 4796 I.uc._vut._
2407 4727 2419 4755 '
2450 4728 2552 4783 Isa.
2581 4744 2711 4790 χιιι,
2746 4727 2830 4781 18.
2889 4730 2910 4760 ³
2937 4729 3074 4784 Psal.
3108 4746 3297 4796 cxvm,
3344 4730 3463 4785 131.

3542 4731 3563 4762 ³
3585 4728 3731 4785 Psal.
3757 4747 3834 4793 ιιι,
3862 4732 3909 4785 8.

668 4787 907 4843 ‘Jerem.
939 4789 1124 4854 Iv,19.
1200 4790 1220 4821 ⁸
1256 4790 1414 4844 Prov.
1450 4807 1529 4855 ιιι,
1557 4791 1645 4844 25.
1724 4790 1907 4844 ‘Psal.
1938 4806 2060 4856 CXL,
2095 4792 2144 4847 7.
2220 4794 2239 4823 ⁷
2280 4794 2419 4851 Psal.
2453 4813 2526 4861 ιιι,
2567 4799 2620 4851 5.
2696 4787 2716 4830 ⁸
2747 4799 2864 4853 Ρεηι
2914 4815 3097 4858 xxxw.
3133 4801 3219 4857 l8.

742 4909 855 4980 (56)
889 4909 982 4985 _Si_c
1023 4926 1161 4985 mss.
1189 4922 1417 4985 septem.
1450 4912 1630 4966 Editio
1665 4912 1841 4968 Paris.
1874 4911 2060 4985 ὥσπερ
2085 4914 2112 4965 ὁ
2145 4913 2239 4967 ἇν-

666 4978 881 5052 θρωπος
898 4980 1113 5047 λέγεται
1142 4984 1175 5052 ἡ
1201 4978 1365 5052 ψυχή,
1400 4992 1504 5038 etc.

742 5051 855 5127 (εγ)
882 5053 1028 5127 Satis
1067 5051 1360 5127 verisimile
1403 5054 1571 5127 videri
1604 5063 1783 5127 potest
1833 5054 1971 5127 μέρη
2008 5071 2104 5122 pro
2138 5054 2237 5127 μέτ

668 5121 733 5191 λη
775 5123 1054 5189 legendum
1080 5137 1218 5176 esse.
1248 5126 1385 5192 Apte
1416 5124 1556 5177 cnim
1584 5121 1843 5183 dicimus,
1863 5121 2048 5177 Partes
2075 5121 2239 5177 animi

665 5193 946 5263 prwcipua.’
978 5205 996 5243 :
1036 5208 1138 5245 non
1172 5204 1316 5263 apte,
1354 5210 1455 5247 nec
1485 5194 1549 5247 de
1586 5210 1759 5254 more,
1788 5194 2023 5246 Membra
2070 5196 2236 5247 animi

666 5262 953 5328 pra'cipua.
990 5263 1363 5331 (lonjecturam
1390 5263 1630 5331 adjuvat,
1662 5265 1804 5331 quod
1835 5264 2133 5317 Carnarius
2164 5265 2233 5317 ita

669 5332 865 5400 legisse
908 5337 1174 5398 putandus
1221 5334 1310 5396 sit,
1344 5348 1463 5386 cum
1515 5337 1743 5387 verterit
1778 5348 1791 5383 :
1850 5333 2034 5386 Partes
2067 5335 2232 5400 ipsius

674 5399 933 5475 [anima-1.
964 5402 1095 5475 Cum
1129 5412 1306 5457 tamen
1342 5404 1429 5475 hic
1466 5413 1657 5472 agatur
1691 5404 1756 5475 de
1788 5399 2231 5475 nomiueimpr‘o-

712 5473 868 5544 rioret
895 5472 1197 5543 'wquivoco,
1232 5473 1447 5528 dubium
1482 5489 1585 5527 non
1620 5472 2061 5544 habemus,quin
2097 5473 2230 5544 μέλη

712 5487 791 5525 ι·ιο
818 5486 868 5526 et
914 5490 1197 5543 wqmvoco,
1232 5486 1447 5528 tluDltlm
1482 5489 1585 5527 non
1621 5486 1899 5535 habemus,
1932 5489 2061 5541 quin
2097 5486 2230 5544 μεΑη

668 5486 777 5597 lloc
808 5543 922 5597 loco
957 5545 1055 5614 legi
1100 5553 1366 5613 oporteat.
1399 5545 1620 5597 Accedit
1648 5544 1789 5612 quod
1834 5543 1973 5613 μέλη
2000 5544 2051 5596 in
2102 5560 2230 5598 mss.

674 5614 897 5681 perinde
923 5626 1081 5681 atque
1111 5615 1162 5666 in
1195 5616 1354 5668 editis
1386 5615 1702 5682 reperiatur.

742 5682 851 5750 (58)
914 5685 1048 5737 Editi
1098 5693 1149 5737 et
1202 5685 1330 5753 Ιὶρδ.
1390 5693 1617 5753 quartus
1666 5685 1722 5735 ὲν
1770 5686 1836 5754 τῇ
1887 5683 2120 5755 κεφαλῇ.
2164 5686 2233 5738 At

671 5767 800 5805 mss.
854 5756 1091 5822 quinque
1144 5766 1198 5807 et
1235 5756 1395 5809 editio
1452 5755 1688 5806 Romana
1746 5754 1803 5806 έν
1844 5754 2231 5824 κεφαλῇ.Μοχ

672 5824 800 5876 editi
856 5824 999 5894 λέγει
1044 5824 1241 5894 ὁμοίως
1292 5825 1411 5887 τούς
1462 5841 1517 5875 τε
1566 5824 1665 5893 τῆς
1726 5825 1926 5894 σαρκὸς
1991 5826 2081 5876 καὶ
2126 5825 2230 5893 ψυ-

2347 4919 2468 4988 χῆς.
2498 4921 2570 4981 Δί,
2599 4937 2726 4976 mss.
2763 4932 2965 4990 septem
2999 4924 3094 4984 ita,
3132 4934 3191 4977 ut
3220 4929 3483 4979 edendum
3513 4939 3847 4981 curavnnns.

2418 4991 2531 5063 (59)
2562 4992 2718 5045 Deest
2762 4992 2878 5044 ὲστί
2915 4996 2965 5046 in
2998 4996 3181 5046 multis
3227 5010 3353 5047 mss.
3403 4993 3519 5047 Mox
3576 4996 3708 5048 editi
3742 4994 3913 5063 οἰκείᾳ

2344 5060 2707 5136 δυνάμειᾈᾼῐ
2757 5074 3116 5136 tuss.sep_tetn
3144 5064 3319 5136 οἰκείᾳ
3351 5064 3582 5135 εὐτονίᾳ.
3632 5060 3911 5136 Περ-ιο·ιέ

2349 5133 2463 5204 tius
2488 5135 2553 5203 τῇ
2586 5131 2691 5202 ἰδίᾳ
2722 5133 2956 5204 εὐτονίᾳ.
2979 5131 3108 5188 Nec
3143 5137 3214 5187 ita
3256 5131 3424 5188 multo
3454 5131 3577 5200 post
3610 5131 3752 5187 idem
3780 5134 3909 5188 Rea.

2345 5203 2534 5256 tertius
2575 5218 2697 5257 cum
2748 5203 2987 5259 editione
3032 5203 3195 5259 Basil.
3253 5203 3506 5259 δύνανται
3559 5204 3668 5257 τῶν
3718 5204 3907 5257 ἁδυνὰ-

2339 5288 2467 5324 των.

2410 5340 2521 5411 (40)
2545 5341 2622 5412 lta
2649 5357 2779 5395 mss.
2829 5359 2945 5397 sex.
2982 5344 3122 5397 Editi
3159 5355 3212 5399 et
3256 5346 3406 5401 Colb.
3443 5345 3666 5412 quintus
3697 5355 3751 5397 et
3771 5342 3909 5397 LXX

2339 5411 2750 5486 διεσκορπίσθη.
2785 5412 2979 5468 Statim
3031 5430 3165 5470 mss.
3196 5417 3438 5486 quinque
3464 5411 3596 5467 me
3628 5430 3717 5474 γε.
3752 5413 3911 5471 Deest

2376 5499 2401 5534 ε
2435 5482 2485 5535 in
2515 5484 2697 5536 editis.

2338 5499 2697 5620 75(2lf%tllllsll
2736 5562 2789 5607 et
2848 5554 3139 5609 Colbertini
3193 5559 3385 5609 tertius
3438 5565 3493 5609 et
3536 5568 3758 5621 quintus
3791 5569 3905 5608 cum

2338 5622 2724 5697 Coisl._l(bpts,
2777 5625 2969 5697 Κᾲὺριε,
2998 5624 3270 5697 τίςη-νοι
3300 5625 3473 5697 Κύριε
3515 5625 3684 5697 semel
3716 5626 3909 5697 legitur

2343 5695 2393 5747 in
2416 5692 2577 5755 LXX,
2611 5692 2665 5747 et
2698 5696 2747 5746 in
2788 5692 2909 5748 aliis
2946 5711 3075 5748 mss.
3109 5695 3219 5753 Nec
3242 5692 3492 5753 dissentit
3514 5692 3902 5765 VulgatafDo-

2340 5765 2495 5830 mine,
2527 5765 2644 5831 quis
2681 5765 2867 5818 similis
2915 5766 3052 5820 tibi?
