4068 6318
676 343 779 399 387

1127 731 1191 788 IN
1231 730 1562 788 PSALMUM
1594 731 1783 786 XLIV.

676 871 741 924 lu
773 868 944 935 ﬁnem,
975 885 1068 938 pro
1114 870 1180 922 iis
1215 871 1302 939 qui
1348 869 1790 930 iutmutabuntur,
1822 866 1963 939 ﬁliis
2014 864 2145 919 Core
2182 867 2248 917 nd

968 938 1304 1004 intellectum,
1338 943 1597 993 canticum
1629 955 1722 1008 pro
1754 938 1966 992 dilecto.

749 1051 802 1105 f.
833 1049 1055 1104 Videtur
1083 1059 1137 1104 et
1166 1051 1252 1104 hic
1295 1051 1534 1120 psalmus
1563 1051 1629 1105 ad
1667 1049 2048 1118 perficiendam
2090 1060 2250 1100 natu-

676 1158 791 1195 ram
820 1143 1108 1197 humanam
1137 1143 1362 1197 idoneus
1386 1159 1525 1208 esse,
1559 1152 1719 1213 atque
1744 1144 1809 1196 iis
1833 1143 1922 1212 qui
1948 1146 2244 1196 secundum

677 1236 928 1290 virtutem
972 1236 1153 1291 vivere
1202 1244 1538 1299 statuerunt,
1582 1236 1649 1289 ad
1699 1235 2038 1305 propositum
2089 1235 2247 1288 finem

675 1329 1068 1398 assequendum
1115 1328 1281 1383 utilis.
1337 1327 1470 1382 Nam
1525 1327 1934 1398 proficientibus
1981 1341 2116 1397 Opus
2166 1337 2250 1380 est

676 1420 922 1474 doctrina
961 1421 1028 1475 ad
1057 1419 1470 1490 perfectionem,
1499 1435 1660 1489 quam
1694 1420 1780 1474 hic
1816 1419 2056 1489 psalmus
2091 1419 2246 1472 exhi-

674 1515 789 1578 bet,
819 1514 1262 1582 comparandam.
1296 1511 1424 1578 Ejus
1455 1520 1634 1566 autem
1667 1510 1947 1580 inscriptio
1978 1511 2088 1564 haec
2123 1518 2204 1563 est
2233 1533 2242 1564 :

673 1603 744 1658 1η
780 1603 936 1673 finem
986 1621 1080 1675 pro
1128 1604 1190 1658 iis
1236 1604 1324 1673 qui
1376 1603 1814 1659 immutabuntur.
1863 1601 2027 1657 Tecte
2070 1612 2245 1656 autem

676 1699 829 1762 dixit,
870 1714 965 1766 pro
1009 1697 1328 1752 hominibus.
1375 1694 1484 1752 Nos
1533 1695 1701 1760 enim,
1735 1695 1971 1751 maxime
2007 1695 2244 1751 omnium

678 1791 1053 1854 xalionalium.
1100 1792 1453 1848 varietatibus
1506 1805 1570 1845 ac
1614 1791 2003 1845 mutationibus
2059 1791 2248 1847 diebus

675 1882 902 1952 singulis
929 1898 991 1938 ac
1022 1881 1135 1937 fere
1168 1883 1317 1939 horis
1348 1882 1686 1952 subjicimur.
1728 1881 1912 1950 Neque
1948 1883 2091 1937 enim
2127 1899 2248 1937 cor-

676 1990 806 2044 pore
856 1990 1030 2046 neque
1083 1985 1262 2031 mente
1311 1975 1472 2028 iidem
1523 1989 1621 2028 nos
1658 1989 1867 2029 sumus.
1905 1972 2008 2028 Sed
2051 1988 2248 2042 corpus

2020 341 2077 394 8.
2118 341 2244 394 BKS

2350 342 2359 394 Ι
2403 342 2616 398 MAGNI
3853 337 3944 389 38.3

2749 729 2854 781 ΕΙΣ
2892 729 3024 780 TON
3079 729 3187 781 MA'
3224 729 3555 782 ΨΑΛΜΟΝ.

2350 861 2451 925 Εἰς
2475 861 2540 913 τὸ
2571 861 2742 926 τέλος
2761 901 2774 922 ,
2805 861 2956 928 ὑπὲρ
2997 860 3116 913 τῶν
3150 861 3746 929 ἁζλοιωθησομὲνων
3765 901 3780 919 ,
3831 860 3944 920 rei:

2388 931 2539 997 υἱοῖς
2560 932 2709 999 Κορὲ
2724 935 2810 996 εἰς
2830 933 3107 998 σύνεσιν,
3124 931 3246 999 ᾠδὴ
3266 932 3415 999 ὑπὲρ
3444 932 3552 984 τοῦ
3575 933 3908 1000 amanto-3.

2429 1047 2478 1098 1.
2520 1046 2772 1098 Φαίνεται
2813 1047 2911 1116 μὲν
2947 1046 3040 1098 καὶ
3083 1039 3236 1109 οὗτος
3281 1047 3308 1098 6
3343 1044 3560 1115 ψαλμὸς
3601 1045 3942 1106 τελειωτικῂ

2353 1157 2435 1200 τις
2475 1136 2549 1190 ὢν
2581 1139 2680 1209 τῆς
2711 1139 3058 1209 ἀνθρωπίνης
3088 1138 3323 1207 φύσεως,
3370 1138 3463 1190 καὶ
3502 1139 3585 1200 εἰς
3625 1138 3686 1189 τὸ
3732 1141 3937 1207 ττροκεί⁸

2355 1249 2514 1302 μενον
2543 1231 2694 1293 τέλος
2716 1233 2824 1293 τοῖς
2851 1231 2971 1284 κατ’
3000 1231 3204 1303 ἀρετὴν
3229 1231 3378 1301 βιοῦν
3409 1230 3833 1302 προῃρημένοις
3857 1230 3943 1297 τέςί

2350 1324 2621 1394 ὠφέλειαν
2649 1324 3038 1393 παρεχόμενος.
3071 1325 3196 1388 Τοῖς
3236 1324 3345 1395 γὰρ
3372 1325 3756 1394 προκόπτουσι
3794 1324 3944 1393 χρεία

2348 1418 2448 1488 τῆς
2479 1419 2558 1481 εἰς
2581 1417 2640 1470 τὸ
2669 1416 3019 1486 τελειωθῆναι
3048 1416 3412 1479 διδασκαλίας,
3443 1417 3508 1487 ῆν
3541 1419 3570 1468 ὁ
3602 1416 3827 1485 ψαλμος
3863 1408 3946 1464 οἰ-

2349 1529 2439 1574 τος
2468 1511 2792 1582 παρέχεται,
2821 1510 3134 1579 ἐπιγραφὴν
3154 1509 3290 1579 ἔχων
3308 1549 3324 1574 ,
3349 1513 3395 1562 Ε
3405 1513 3455 1576 lc
3481 1510 3544 1562 τὸ
3576 1508 3764 1574 τέλος
3797 1509 3943 1576 ὑπὲρ

2349 1603 2469 1656 τῶν
2520 1602 3119 1670 ἀλλοιωθησομένων.
3176 1603 3592 1672 Κεκρυμμένως
3645 1603 3707 1654 δὲ
3773 1597 3942 1662 εἶπεν,

2348 1695 2501 1764 ὑπὲρ
2529 1695 2647 1749 τῶν
2675 1694 3020 1763 ἀνθρώπων.
3059 1695 3251 1765 Ἡμεῖς
3281 1694 3389 1764 γάρ
3415 1696 3582 1762 ἐσμεν
3611 1695 3660 1745 οἱ
3698 1692 3938 1762 μάλιστα

2349 1789 2567 1841 πάντων
2593 1787 2701 1840 τῶν
2731 1787 2966 1856 λογικῶν
2999 1785 3318 1839 ἁλλοιώσεσί
3352 1802 3410 1836 τε
3442 1785 3535 1836 καὶ
3562 1789 3802 1854 τροπαῖς
3831 1785 3944 1842 ταῖς

2351 1883 2435 1950 ἐφ’
2481 1881 2718 1951 ἑκάστης
2757 1881 2974 1952 ἡμέρας
3017 1882 3108 1934 καὶ
3147 1879 3294 1950 ὥρας
3335 1877 3517 1948 σχεδὸν
3559 1877 3941 1945 ὑποκείμενοι.

2352 1973 2489 2027 Οὔτε
2524 1974 2630 2046 γὰρ
2676 1974 2885 2046 σώματι
2925 1974 3049 2027 οὔτε
3088 1973 3280 2044 γνώμη
3323 1975 3370 2025 οἱ
3415 1970 3563 2023 αύτοί
3604 1971 3780 2040 ἐσμεν
3813 1971 3942 2021 ἑαυ-

673 2068 888 2135 quidem
924 2077 1164 2122 nostrum
1195 2081 1413 2137 semper
1437 2065 1640 2120 fluxum
1672 2081 1737 2121 ac
1764 2065 2108 2136 dissipationi
2151 2065 2244 2120 ob-

2350 2067 2481 2130 τοῖς,
2515 2065 2649 2118 ἀλλὰ
2674 2067 2734 2119 τὸ
2771 2067 2870 2134 μὲν
2900 2065 3061 2137 σῶμα
3094 2066 3272 2137 ἡμῶν,
3300 2064 3386 2118 ἀεὶ
3422 2065 3540 2134 ῥέον
3583 2063 3675 2114 καὶ
3715 2063 3946 2114 σκεδαν-

676 2159 893 2214 noxium
922 2159 974 2215 in
1001 2169 1148 2214 motu
1174 2175 1233 2215 ac
1253 2161 1551 2215 mutatione
1576 2168 1845 2221 versatur,
1872 2168 1962 2212 aut
1986 2174 2050 2213 ex
2081 2172 2248 2228 parvo

677 2251 850 2323 majus
883 2250 1104 2320 factum,
1142 2261 1236 2306 aut
1267 2267 1332 2307 ex
1367 2251 1612 2322 perfecto
1645 2251 1710 2305 ad
1749 2251 2013 2305 minorem
2047 2251 2245 2304 molem

674 2354 1034 2400 contractum.
1069 2342 1184 2399 Non
1214 2346 1358 2398 enim
1390 2359 1525 2412 puer
1553 2344 1643 2411 qui
1673 2343 1785 2410 jam
1817 2342 2058 2397 scholam
2091 2341 2246 2409 petit,

673 2450 730 2492 et
759 2443 826 2492 ad
855 2448 1002 2494 artes
1026 2453 1089 2493 ac
1107 2438 1421 2507 disciplinas
1445 2436 1818 2507 percipiendas
1842 2437 2068 2491 idoneus
2096 2436 2250 2490 inve-

676 2531 841 2596 nitur,
871 2529 1010 2584 idem
1040 2536 1124 2584 est
1159 2543 1223 2582 ac
1253 2528 1343 2583 ille
1385 2527 1474 2596 qui
1517 2541 1688 2598 nuper
1727 2535 1888 2581 natus
1934 2535 2016 2581 est
2046 2525 2242 2581 infans.

675 2621 825 2676 Alius
851 2630 1026 2676 autem
1059 2635 1248 2676 rursus
1281 2620 1348 2674 ab
1381 2619 1474 2673 illo
1505 2629 1587 2675 est
1620 2619 1738 2674 sine
1772 2617 1933 2673 dubio
1981 2619 2244 2690 ephebus,

673 2715 764 2780 qui
799 2714 914 2784 jam
970 2713 1236 2782 iuveniles
1283 2711 1702 2768 exercitationes
1749 2712 1986 2781 experiri
2048 2721 2242 2777 potest.

675 2812 848 2876 Atque
877 2807 944 2861 ab
978 2805 1186 2874 ephebo
1225 2804 1360 2860 alius
1387 2816 1471 2861 est
1513 2805 1615 2869 vir,
1665 2815 1719 2860 et
1750 2804 2004 2859 firmitate
2035 2815 2090 2859 et
2129 2821 2245 2859 ma-

674 2899 953 2970 gnitudine
1003 2899 1269 2967 corporis,
1316 2905 1371 2953 et
1425 2898 1651 2952 rationis
1692 2895 2046 2966 perfectiOne.
2109 2897 2245 2951 Cum

673 3003 849 3047 autem
885 2992 951 3045 ad
980 2993 1217 3061 vigorem
1251 2991 1592 3062 pervenerit,
1646 2999 1805 3060 atque
1831 2991 2010 3044 aetatis
2037 2990 2246 3043 stabili-

676 3093 838 3135 tatem
869 3080 1030 3134 fuerit
1064 3089 1404 3142 consecutus,
1438 3079 1629 3135 iterum
1671 3077 1927 3147 paulatim
1962 3077 2132 3129 minui
2169 3077 2248 3128 in-

674 3174 828 3240 cipit,
860 3170 1132 3224 dilfluente
1155 3171 1355 3224 sensim
1381 3169 1628 3235 corporis
1659 3168 1827 3236 ipsius
1857 3166 2061 3235 vigore,
2087 3176 2248 3234 atque

674 3262 951 3333 corporeis
983 3260 1186 3314 viribus
1213 3258 1687 3320 decrescentibus;
1732 3256 1905 3311 donec
1934 3272 2045 3326 prte
2090 3270 2248 3310 senc-

671 3370 824 3432 ctutc
854 3357 1187 3416 incurvatus,
1216 3350 1459 3405 ultimam
1486 3350 1680 3404 virium
1707 3350 2095 3405 detractionem
2121 3365 2243 3419 per-

2335 2158 2600 2230 ινύμενον,
2632 2160 2688 2212 ὲν
2716 2160 2928 2228 κινήσει
2951 2159 3069 2210 ἐστὶ
3106 2160 3197 2211 καὶ
3223 2157 3512 2230 μεταϐολῇ,
3538 2155 3568 2226 ἢ
3597 2156 3706 2208 ἀπὺ
3740 2154 3942 2225 μικροῦ

2349 2254 2430 2314 είς
2454 2251 2514 2304 τὺ
2541 2249 2724 2322 μεῖζον
2757 2250 2868 2319 (50)
2900 2252 3215 2320 αὐξόμενον,
3244 2252 3275 2321 ἢ
3318 2249 3424 2302 ἀπὸ
3446 2247 3535 2300 τοῦ
3567 2247 3784 2299 τελείου
3811 2247 3944 2315 πρὶς

2348 2345 2409 2395 τὸ
2443 2343 2658 2395 ἔλαττον
2694 2343 3138 2413 συστελλόμενον.
3171 2346 3243 2396 06
3284 2343 3391 2413 γὰρ
3433 2343 3460 2393 6
3501 2341 3658 2402 αὐτὸς
3695 2341 3825 2390 ἐστι
3868 2337 3945 2405 τῷ

2350 2433 2622 2503 ἀρτιγενεῖ
2647 2434 2838 2503 παιδίῳ
2868 2437 2895 2488 6
2924 2437 3002 2498 είς
3032 2434 3399 2488 διδασκαλεῖον
3429 2430 3620 2499 φοιτῶν
3646 2431 3756 2500 ἥδη
3794 2433 3943 2493 παῖς,

2351 2527 2441 2581 καὶ
2462 2526 2604 2598 πρὸς
2639 2526 2737 2588 τὰς
2768 2528 2875 2578 τῶν
2903 2528 3108 2598 τεχνῶν
3136 2528 3229 2580 καὶ
3267 2526 3599 2597 μαθημάτων
3631 2524 3944 2594 ἀναλήψεις

2349 2621 2670 2691 ἐπιτηδείως
2698 2618 2836 2688 ἔχων
2857 2634 2870 2647 ·
2899 2619 3084 2689 ἕτερος
3113 2621 3169 2672 δὲ
3206 2620 3366 2673 πάλιν
3409 2617 3554 2688 παρὰ
3585 2616 3786 2669 τοῦτον
3813 2620 3940 2686 ὁμο-

2347 2717 2689 2787 λογουμένως
2714 2714 2860 2768 ἐστὶν
2887 2715 2914 2766 6
2938 2712 3159 2780 ἔφηϐος,
3203 2715 3303 2782 ἤδη
3330 2713 3436 2764 τῶν
3463 2711 3726 2763 νεανικῶν
3780 2712 3944 2762 Sta-3:-

2351 2810 2471 2864 σθαι
2493 2809 2807 2879 δυνάμενος.
2838 2806 2949 2859 Καὶ
2978 2804 3128 2874 παρὰ
3165 2803 3254 2856 τὸν
3298 2804 3496 2872 ἔφηϐον
3536 2806 3561 2855 6
3593 2803 3693 2870 civi;
3706 2821 3740 2872 ρ
3785 2805 3943 2864 ἄλλος

2347 2903 2430 2964 τίς
2460 2903 2573 2954 ἐστι
2599 2903 2690 2954 καὶ
2721 2899 3040 2972 στερρότητι
3075 2895 3168 2949 καὶ
3196 2895 3411 2964 μεγέθει
3444 2895 3711 2963 σώματος,
3745 2896 3851 2944 καὶ
3883 2899 3940 2960 τῇ

2347 2995 2439 3047 τοῦ
2476 2994 2634 3061 λόγου
2663 2990 3078 3063 συμπληρώσει.
3111 2989 3204 3051 Εἰς
3229 2987 3412 3056 ἀκμὴν
3440 2986 3494 3038 δὲ
3530 2984 3720 3047 ἐλθὼν,
3759 2986 3862 3038 καὶ
3888 2987 3941 3036 τε

2351 3088 2612 3157 στάσιμον
2640 3087 2737 3157 τῆς
2767 3085 2984 3156 ἡλικίας
3011 3082 3319 3145 ἀπολαϐὼν,
3351 3081 3510 3135 πάλιν
3534 3081 3768 3150 ἄρχεται
3803 3081 3940 3132 κατὰ

2352 3179 2547 3248 μικρὸν
2609 3180 2859 3250 ὑφαιρεῖν
2912 3176 3047 3247 πρὸς
3102 3175 3163 3227 τὸ
3235 3175 3493 3236 ἔλαττον,
3555 3172 3940 3242 ὑπορρεούσης

2350 3269 2498 3340 αὐτῷ
2547 3269 2846 3340 λεληθότως
2898 3269 2994 3338 τῆς
3041 3266 3133 3319 τού
3173 3265 3422 3334 σώματος
3466 3265 3649 3329 ἕξεως,
3686 3264 3793 3315 καὶ
3835 3265 3940 3315 τῶν

2353 3361 2678 3433 σωματικῶν
2703 3362 2866 3413 τόνων
2900 3357 3326 3429 ἐλαττουμένων,
3360 3355 3464 3416 ’ἐως
3498 3356 3577 3415 ἂν,
3616 3355 3723 3405 ὑπο
3751 3359 3944 3425 γήμιςς

674 3452 924 3519 petiatur.
957 3447 1066 3502 Nos
1098 3460 1227 3517 ergo
1253 3457 1443 3498 sumus
1469 3442 1559 3511 qui
1594 3450 1898 3507 mutamur;
1926 3458 1988 3495 ac
2021 3457 2117 3495 nos
2148 3442 2240 3494 ho-

2350 3450 2785 3523 κατακαμφθεὶς,
2829 3450 2922 3520 τὴν
2958 3451 3036 3512 εἰς
3070 3448 3295 3518 ἔσχατον
3326 3445 3599 3512 δυνάμεως
3642 3445 3940 3513 ὑςαίρεσιν

674 3546 848 3599 mines
880 3557 972 3612 per
1003 3542 1142 3595 hanc
1169 3553 1350 3594 vocem
1382 3537 1469 3592 hic
1493 3534 1731 3605 psalmus
1763 3534 2038 3602 sapienter
2073 3535 2242 3602 signi-

674 3635 875 3688 ficavit.
931 3630 1046 3687 Non
1097 3630 1242 3685 enim
1301 3629 1653 3683 mutationem
1705 3626 1998 3681 admittunt
2047 3627 2247 3695 angeli.

675 3725 864 3780 Nullus
889 3724 1031 3778 enim
1069 3723 1210 3778 inter
1233 3722 1351 3778 illos
1378 3737 1510 3792 puer
1535 3730 1641 3783 est,
1679 3719 1856 3774 nullus
1887 3719 2202 3774 adolescens
2231 3759 2247 3783 ,

673 3831 841 3871 senex
864 3816 1041 3868 nullus
1066 3834 1081 3869 :
1111 3815 1203 3868 sed
1227 3815 1278 3868 in
1309 3829 1415 3883 quo
1445 3822 1587 3866 statu
1617 3815 1683 3864 ab
1711 3812 1866 3866 initio
1906 3812 2070 3866 creati
2100 3821 2245 3875 sunt,

676 3912 730 3962 in
762 3924 827 3962 eo
855 3915 1207 3976 permanent;
1236 3921 1356 3961 cum
1379 3920 1567 3961 eorum
1601 3905 1901 3959 substantia
1936 3905 2158 3971 simplex
2195 3914 2249 3957 et

675 4000 1028 4055 immutabilis
1059 4009 1438 4056 conservetur.
1472 3997 1582 4054 Nos
1616 4006 1796 4052 autem
1836 4005 2129 4059 mutamur,
2163 4013 2249 4051 se-

675 4090 910 4144 cundum
931 4104 1128 4157 corpus
1148 4091 1392 4158 quidem,
1417 4091 1490 4145 uti
1514 4099 1786 4145 ostensum
1814 4096 1928 4150 est;
1953 4088 2244 4139 secundum

676 4180 910 4236 animam
938 4194 1065 4234 vero
1094 4189 1149 4234 et
1174 4180 1482 4234 interiorem
1511 4181 1803 4244 hominem,
1834 4178 1992 4249 159
2027 4185 2247 4232 senten-

677 4273 779 4325 tias
795 4287 895 4324 una
913 4287 1032 4325 cum
1050 4268 1416 4325 accidentibus
1429 4270 1589 4325 rebus
1602 4284 1812 4338 semper
1825 4278 2095 4323 commuta
2107 4283 2246 4323 tuus.

676 4364 778 4418 Alii
811 4378 1041 4433 namque
1067 4379 1252 4418 sumus
1277 4364 1404 4418 dum
1431 4362 1696 4427 lzetamur,
1728 4362 2017 4430 Ottmiaque
2052 4362 2105 4416 in
2139 4361 2248 4415 vita

676 4456 831 4508 nobis
857 4454 1083 4508 feliciter
1109 4455 1439 4510 succedunt:
1472 4454 1562 4509 alii
1590 4469 1716 4510 vero
1747 4453 2086 4508 calamitosis
2115 4465 2249 4508 tcm-

675 4547 916 4614 poribus.
956 4560 1076 4600 cum
1113 4547 1163 4599 in
1199 4546 1405 4615 aliquas
1450 4561 1536 4600 res
1567 4547 1829 4601 adversas
1874 4545 2245 4607 inciderimus.

675 4640 1029 4694 lmmutamur
1047 4648 1102 4693 et
1122 4639 1173 4693 in
1198 4638 1299 4705 ira,
1324 4639 1492 4694 ferino
1512 4641 1743 4708 quodam
1766 4647 1909 4694 statu
1945 4649 2243 4708 assumpto.

673 4730 1024 4784 lmmutamur
1074 4738 1129 4784 et
1176 4731 1230 4784 in
1276 4732 1770 4799 concupiscentiis,
1816 4729 1987 4784 brutis
2041 4731 2246 4785 similes

668 4823 864 4889 effecti,
902 4839 996 4894 per
1026 4824 1147 4879 vitae
1175 4824 1474 4879 libidinem.
1501 4823 1632 4892 Equi
1660 4824 1714 4877 in
1743 4822 1976 4877 feminas
2003 4824 2245 4880 furentes

669 4919 798 4975 facti
852 4927 980 4972 sunt
1037 4918 1104 4984 ii,
1154 4917 1244 4988 qui
1289 4930 1473 4971 amore
1522 4930 1749 4968 uxorum
1800 4915 2034 4986 proximi
2096 4919 2246 4971 insa-

668 5015 824 5067 niunt
850 5013 914 5067 ⁸⁸.
965 5010 1032 5066 Et
1071 5011 1288 5066 dolosus
1332 5011 1546 5080 quidem
1579 5010 1720 5080 vulpi
1750 5018 2130 5076 comparatur,
2169 5011 2243 5064 uti

673 5106 911 5161 llerodes
938 5104 979 5136 ⁸³
1006 5123 1020 5159 ι
1060 5104 1340 5171 impudens
1364 5119 1493 5158 vero
1520 5104 1672 5159 cauis
1703 5113 1945 5163 vocatur.
1982 5112 2040 5155 ut
2071 5102 2237 5158 Nabal

667 5193 966 5249 Carmelius
1010 5194 1074 5248 ".
1128 5191 1292 5247 Vides
1345 5195 1658 5248 varietatem
1713 5208 1776 5247 ac
1835 5194 2239 5249 immolationis

668 5298 865 5341 nostra:
894 5285 1303 5341 diversitatem?
1331 5286 1609 5339 Admirare
1637 5284 1797 5354 igitur
1820 5302 1942 5340 eum
1974 5285 2064 5352 qui
2100 5302 2243 5340 com-

670 5380 825 5432 mode
867 5379 1359 5445 convenienterque
1417 5378 1552 5430 hanc
1607 5377 1762 5431 nobis
1817 5377 2234 5449 appellationem

667 5469 892 5538 aptavit.

2353 3543 2642 3614 ὑπομείνῃ.
2696 3541 2886 3610 Ἡμεῖς
2915 3541 3093 3591 τοίνυν
3123 3538 3287 3608 ἐσμὲν
3319 3539 3367 3589 οἱ
3416 3533 3816 3603 ἀλλοιούμενοι,
3853 3534 3943 3584 καὶ

2354 3636 2531 3705 σοφῶς
2553 3635 2700 3707 ἡμᾶς
2725 3633 2851 3693 τοὺς
2880 3629 3199 3699 ἀνθρώπους
3224 3628 3310 3680 διὰ
3337 3629 3433 3697 τῆς
3459 3625 3640 3696 φωνῆς
3666 3625 3883 3694 ταύτης
3916 3626 3941 3674 ὁ

2349 3728 2561 3800 ψαλμὸς
2592 3724 2946 3798 παρῃνίξατο.
2973 3722 3048 3775 Οὐ
3078 3720 3186 3792 γὰρ
3213 3719 3434 3788 ἄγγελοι
3466 3720 3818 3789 ἐπιδέχονται
3847 3718 3939 3785 τὴν

2351 3822 2654 3875 ἀλλοίωσιν.
2692 3818 2880 3879 Οὐδεὶς
2908 3815 3016 3886 γὰρ
3045 3813 3174 3885 παρ’
3203 3813 3432 3875 ἐκείνοις
3462 3814 3605 3873 παῖς,
3650 3810 3781 3862 οὐδὲ
3821 3827 3936 3860 νεα-

2350 3914 2555 3976 νίσκος,
2595 3912 2715 3965 οὐδὲ
2757 3909 3067 3982 πρεσϐύτης
3100 3907 3234 3976 (51),
3278 3905 3392 3959 ἀλλ’
3418 3908 3473 3958 ἐν
3501 3899 3640 3977 ᾗπερ
3671 3903 3730 3968 ἐξ
3761 3904 3939 3974 ἀρχῆς

2351 4004 2677 4074 ἐκτίσθησαν
2716 4002 3067 4063 καταστάσει,
3105 4000 3163 4050 ὲν
3200 3997 3374 4068 ταύτῃ
3407 3995 3778 4065 διαμένουσιν,
3818 3997 3937 4047 ἁκε-

2353 4098 2510 4169 ραίας
2549 4097 2729 4157 αὐτοῖς
2761 4096 2855 4147 καὶ
2897 4091 3168 4162 ἀτρέπτου
3199 4090 3297 4158 τῆς
3340 4089 3644 4149 συστάσεως
3687 4086 3936 4155 σωζομέ·

2349 4207 2467 4259 νης.
2521 4187 2712 4256 Ἡμεῖς
2757 4186 2813 4237 δὲ
2862 4177 3255 4249 ἀλλοιούμεθα,
3308 4178 3445 4230 κατὰ
3502 4177 3595 4245 μὲν
3643 4176 3705 4226 τὸ
3751 4177 3932 4244 σῶμα,

2350 4282 2425 4345 ὡς
2448 4280 2738 4338 δέδεικται,
2766 4274 2905 4328 κατὰ
2942 4272 2996 4325 δὲ
3028 4272 3125 4343 τὴν
3149 4270 3324 4343 ψυχὴν
3352 4269 3445 4322 καὶ
3471 4268 3560 4320 τὸν
3582 4266 3691 4318 ἔσω
3717 4267 3923 4337 ἄνθρω-

2353 4390 2472 4438 πον,
2519 4373 2629 4434 τοῖς
2673 4368 2758 4422 ἀεὶ
2806 4364 3207 4437 προσπίπτουσι
3251 4363 3540 4432 πράγμασι
3589 4374 3916 4429 συμμετατι-

2352 4465 2532 4527 θέντες
2562 4464 2658 4525 τὰς
2687 4459 2941 4521 διανοίας.
2981 4455 3162 4509 Ἀλλοι
3197 4455 3293 4524 μὲν
3324 4455 3433 4522 γὰρ
3471 4454 3632 4520 ἐσμεν
3665 4450 3930 4519 εὐθυμού·

2355 4575 2523 4628 μενοι,
2554 4557 2648 4609 καὶ
2674 4555 2889 4607 πάντων
2917 4553 3044 4621 ἡμῖν
3069 4549 3174 4601 τῶν
3205 4547 3345 4599 κατὶι
3372 4545 3462 4597 τὸν
3495 4543 3603 4613 βίον
3626 4543 3775 4594 κατὰ
3811 4543 3932 4611 ῥοῦν

2351 4650 2646 4720 προϊόντων
2678 4663 2691 4675 ·
2717 4645 2863 4698 ἄλλοι
2902 4644 2958 4695 δε
3001 4645 3057 4695 ὲν
3091 4642 3203 4700 τοῖς
3237 4636 3641 4707 περιστατικοῖς
3694 4635 3926 4703 XMr/52;,

2351 4741 2569 4794 ἐπειδάν
2609 4756 2713 4791 τινι
2754 4737 2860 4788 τῶν
2901 4733 3214 4802 ἀϐουλήτων
3266 4728 3753 4800 προσπταίσωμεν.
3819 4725 3930 4779 Ἀλ-

2346 4829 2632 4902 λοιούμεθα
2663 4829 2720 4881 δὲ
2749 4828 2840 4880 καὶ
2879 4825 3020 4878 κατᾶ
3045 4823 3144 4886 τὰς
3176 4820 3364 4895 ὀργὰς,
3400 4817 3640 4889 θηριώδη
3673 4818 3797 4870 τινὰ⁵
3832 4837 3925 4870 κα-

2345 4929 2606 4981 τὰστασιν
2654 4919 3148 4991 ἀναλαμϐάνοντες.
3202 4912 3584 4981 Ἀλλοιούμεθα
3637 4912 3736 4964 καὶ
3791 4911 3927 4961 κατὰ

2344 5019 2445 5081 τὰς
2497 5013 2810 5084 ἐπιθυμίας,
2865 5008 3154 5080 κτηνώδεις
3197 5007 3471 5077 γινῶμενοι
3522 5003 3608 5056 διὰ
3655 5001 3750 5054 τοῦ
3809 5003 3926 5054 καθ⁸

2346 5107 2536 5178 ἡδονὴν
2570 5105 2702 5176 βίου.
2742 5104 2929 5155 Ἰπποι
2959 5100 3286 5172 θηλυμανεῖς
3332 5095 3676 5165 ἐγενήθησαν
3722 5095 3769 5145 οξ
3813 5098 3924 5155 ταῖς

2348 5197 2561 5268 γυναιξὶ
2587 5196 2696 5250 τῶν
2728 5193 2952 5264 πλησίον
2984 5191 3411 5262 ἐπιμαινόμενοι.
3444 5185 3554 5240 Καὶ
3582 5187 3609 5238 6
3645 5185 3747 5255 μὲν
3783 5187 3925 5239 δολε-

2355 5293 2445 5364 ρὸς
2478 5289 2720 5344 ἀλώπεκι
2753 5283 3162 5359 παρεικάζεται,
3195 5283 3268 5346 ὡς
3309 5278 3554 5350 ἸΙρὼδης
3574 5296 3587 5308 ο
3618 5281 3646 5331 6
3689 5279 3745 5331 δὲ
3783 5281 3926 5330 ἀναισ

2351 5386 2445 5455 δὴς
2483 5383 2627 5436 κύων
2671 5379 3159 5452 προσαγορεύεται,
3198 5375 3272 5438 ὡς
3303 5370 3492 5427 Νάὅαλ
3519 5374 3549 5425 6
3580 5360 3922 5442 Καρμήλιος,

2367 5479 2526 5548 Ὁρᾷς
2570 5477 2634 5528 τὸ
2679 5473 2918 5526 ποικίλον
2971 5471 3064 5523 καὶ
3114 5466 3390 5528 πολυειδὲς
3446 5465 3542 5537 τῆς
3589 5462 3925 5527 ἀλλοιώσεως

669 5565 822 5637 ἡμῶν
847 5581 866 5631 ;
902 5564 1191 5636 Θαύμασον
1215 5561 1306 5619 οὖν
1333 5566 1424 5618 τὸν
1464 5567 1786 5639 προσφόρως
1823 5569 1923 5640 τὴν
1965 5577 2332 5647 προσηγορίαν
2357 5573 2562 5643 ταύτην
2589 5572 2722 5639 ἡμῖν
2753 5566 3164 5638 ἐφαρμόσαντα.

740 5703 784 5733 ¹⁸
822 5703 944 5760 Jer:
985 5717 1037 5768 ν,
1083 5701 1136 5758 8.
1215 5703 1258 5734 "
1298 5701 1428 5755 Luc.
1481 5719 1599 5768 xm,
1643 5703 1732 5758 32.

742 5819 852 5880 ‘50)
890 5816 1020 5891 Reg.
1047 5826 1272 5891 quartus
1299 5818 1526 5891 et_Colb.
1557 5827 1739 5872 sextus
1767 5821 1902 5890 πρὸς
1936 5819 1997 5874 τὸ
2030 5823 2230 5891 μεῖζον.

670 5889 866 5943 Ibidem
899 5887 1032 5955 Reg.
1077 5889 1263 5942 [cuius
1295 5887 1676 5959 αὐξανόμενον.
1738 5887 1932 5946 Statim
1982 5887 2222 5965 quinque

1811 5705 1856 5743 ί⁶
1894 5704 1912 5758 l
1955 5705 2088 5775 Reg.
2140 5725 2266 5775 xxv,
2308 5710 2363 5774 ὖ,
2406 5726 2512 5778 seq.
2550 5703 2727 5760 LXX.

2346 5839 2472 5878 mss.
2508 5822 2644 5892 πρὸς
2679 5821 2738 5874 τὸ
2772 5820 3012 5873 ἔλαττον.

2405 5893 2520 5963 (51)
2552 5887 2707 5948 Colb.
2733 5894 2939 5962 primus
2968 5887 3356 5960 πρεσϐύτερος.
