4068 6318
172 381 276 434 393

1279 376 1562 432 HOMILIA
1604 377 1668 434 ΙΝ
1709 377 2040 436 ινδΑωιυΜ
2089 371 2276 435 XLIV.

3303 371 3406 426 εειι

173 495 414 563 λέγεσθαι
443 496 614 550 ταῦτα
651 497 777 568 περὶ
811 494 902 549 τοῦ
937 496 993 547 ἐν
1029 494 1168 565 ἀρχῇ
1201 493 1351 556 ὄντος
1398 491 1531 563 πρὸς
1577 493 1732 546 αὑτὸν

1841 509 1971 548 sona
2001 493 2176 551 Patris
2211 496 2276 553 de
2320 492 2501 548 Verbo
2545 492 2682 563 apud
2714 491 2886 563 ipsum
2927 489 2978 542 in
3017 485 3280 557 principio
3311 499 3406 537 es-

173 590 362 657 Λόγου,
405 590 464 641 ὃν
504 591 568 641 ἐκ
613 588 712 660 τῆς
764 589 926 643 οἱονεὶ
984 587 1209 658 καρδίας
1262 585 1357 638 καὶ
1401 585 1580 638 αὐτῶν
1629 585 1736 638 τῶν

170 680 507 750 σπλάγχνων,
553 682 705 748 φασὶ,
750 679 1033 749 προήγαγε
1063 678 1173 749 (62)
1197 695 1209 708 ·
1251 677 1345 730 καὶ
1381 677 1491 730 ἀπὸ
1525 676 1736 747 ἀγαθῆς

169 775 390 844 καρδίας
411 771 612 841 ἀγαθὸς
640 775 796 842 λόγος
825 773 1118 844 προῆλθεν·
1155 771 1278 842 ἐμοὶ
1313 770 1368 822 δὲ
1394 770 1540 824 δοκεῖ
1565 769 1738 824 ταῦτα

169 869 259 920 ἐπὶ
298 865 359 918 τὸ
395 867 727 938 προφητικὸν
764 866 1128 938 ἀναφέρεσθαι
1173 863 1479 933 πρόσωπον.
1512 865 1592 917 Τά
1629 861 1738 932 γάρ

167 956 358 1028 ἑφεξῆς
391 957 485 1012 τοῦ
517 958 681 1031 ῥητοῦ
709 957 891 1011 οὐκέτι
916 959 1115 1029 ὁμοίως
1148 954 1453 1025 ἐξομαλίζει
1481 959 1613 1027 ἡμῖν
1639 954 1739 1022 τὴν

169 1051 292 1122 περὶ⁸
328 1052 421 1106 τοῦ
466 1050 678 1122 Πατρὺς
711 1049 988 1121 ἐξήγησιν.
1041 1047 1177 1100 Οὖτε
1211 1048 1320 1119 γάρ
1364 1047 1428 1102 ἂν
1468 1048 1597 1121 περὶ
1637 1047 1738 1116 τῆς

166 1144 356 1199 ἑαυτοῦ
385 1145 633 1214 γλώσσης
657 1144 687 1195 6
716 1144 903 1216 Πατήρ
928 1142 1101 1206 εἶπεν,
1129 1142 1211 1194 ὅτι
1239 1142 1348 1212 (65)
1388 1145 1458 1198 Ἡ
1489 1141 1738 1212 γλῶσσὰ

160 1252 274 1304 μου
329 1233 597 1300 κάλαμος
650 1234 1030 1302 γραμματέως
1095 1231 1457 1302 ὀξυγράφου.
1510 1231 1739 1298 Ὠριιῖος

167 1327 372 1379 κάλλει
411 1324 567 1394 παρὰ
605 1327 742 1392 τοὺς
785 1325 954 1391 υίοὺς
991 1326 1107 1378 τῶν
1139 1326 1480 1394 ἀνθρώπιον.
1527 1328 1600 1378 UO
1632 1326 1737 1396 γάρ

167 1422 225 1470 ὲκ
245 1417 343 1486 τῆς
363 1418 501 1489 πρὸς
518 1421 643 1484 τοὺς
664 1418 978 1490 ἀνθρώπους
999 1429 1330 1490 συγκρίσεως
1353 1420 1450 1489 τήν
1467 1419 1738 1491 ὑπεροχὴν

165 1507 253 1560 τοῦ
277 1510 505 1578 κάλλους
526 1512 655 1581 ἔχει.
679 1511 785 1563 Καὶ
804 1511 1007 1581 προῖὼν
1030 1529 1161 1581 φησι
1183 1528 1196 1541 ·
1219 1509 1319 1563 Διὰ
1338 1510 1511 1565 τοῦτο
1532 1510 1738 1580 ἔχρισέ

165 1615 234 1654 σε
261 1604 294 1655 ὁ
317 1603 482 1667 Θεὸς.
513 1617 545 1656 ο
581 1603 725 1667 Θεός
763 1618 900 1668 σου,
949 1605 1158 1659 ἔλαιον
1189 1601 1622 1672 ἀγαλλιάσεως.
1660 1603 1736 1657 Οὐ

165 1694 268 1765 γάρ
302 1691 454 1748 εἶπεν
473 1712 488 1725 ·
523 1695 756 1766 Ἐχρισά
782 1715 838 1751 σε
868 1700 978 1766 ἐγὼ
1007 1703 1034 1753 ὁ
1058 1698 1356 1763 Θεὸς,άλλ’,
1381 1699 1620 1769 Ἕχρισέ
1640 1715 1732 1753 σε·

165 1788 298 1839 ὣστε
340 1789 404 1839 ὲκ
440 1787 626 1842 τούτου
665 1792 1030 1861 παρίστασθαι
1073 1792 1262 1860 ἓτερον
1299 1791 1436 1844 εἶναι
1472 1792 1532 1844 τὸ
1563 1791 1738 1844 διαλε-

1838 588 2064 642 sistente
2098 590 2200 643 dici
2231 607 2245 644 :
2277 591 2441 660 quod,
2466 587 2736 656 inquiunt,
2764 584 2913 639 velut
2945 596 3011 635 ex
3056 583 3217 634 corde
3255 587 3310 632 et
3341 592 3408 631 ex

1842 679 1973 746 ipsis
2025 680 2324 735 visceribus
2380 677 2661 750 produxit;
2716 687 2878 745 atque
2934 688 2998 728 ex
3049 673 3189 726 bono
3246 672 3407 724 corde

1841 771 2038 822 hontnn
2067 771 2286 825 verbum
2312 771 2526 839 prodiit.
2554 767 2682 824 Mihi
2707 782 2832 821 vero
2849 767 3096 822 videntur
3119 763 3230 816 haec
3249 760 3401 832 161

1840 862 1905 914 ad
1954 860 2238 928 Prophetze
2285 875 2568 929 personam
2613 857 2892 914 referenda
2941 870 3083 911 esse.
3120 851 3252 907 Nam
3287 867 3407 920 qua:

1842 955 1980 1007 hanc
2010 954 2266 1021 deinceps
2312 953 2631 1006 sententiam
2677 957 2998 1022 sequuntur,
3037 964 3141 1002 non
3178 943 3407 1013 amplius

1837 1063 1990 1115 reque
2025 1047 2238 1116 planam
2270 1045 2529 1100 exhibent
2551 1044 2706 1098 nobis
2737 1047 2802 1098 de
2829 1042 2993 1098 Patre
3017 1042 3404 1096 narrationem.

1839 1140 2024 1209 Neque
2056 1141 2200 1193 enim
2236 1142 2302 1195 de
2350 1152 2446 1193 sua
2498 1137 2667 1205 ipsius
2717 1135 2896 1205 lingua
2942 1133 3103 1187 Pater
3153 1131 3349 1187 dixerit
3388 1148 3403 1185 :

1842 1234 2043 1299 Lingua
2103 1249 2219 1285 mea
2280 1230 2516 1285 calamus
2574 1227 2760 1280 scribta
2805 1227 3045 1280 velociter
3108 1224 3401 1278 scribentis.

1840 1323 2006 1377 Vens.
2036 1322 2088 1375 5.
2117 1321 2392 1388 Speciosus
2441 1320 2615 1391 {arma
2649 1335 2756 1385 pra:
2801 1318 2928 1387 ﬁliis
2957 1318 3247 1371 hominum.
3287 1312 3403 1368 Non

1838 1419 1978 1471 enim
2023 1413 2436 1483 pulchritudinis
2471 1411 2832 1483 praestantiam
2877 1426 2942 1466 ex
2980 1408 3217 1463 humana
3266 1421 3407 1460 com-

1839 1507 2117 1579 paratione
2142 1512 2434 1557 mutuatur.
2465 1503 2528 1557 Et
2559 1516 2875 1574 progressus
2905 1501 2982 1555 ait
3015 1498 3056 1530 ³¹
3084 1517 3096 1552 :
3125 1494 3405 1566 Propterea

1840 1599 1990 1651 unxit
2025 1606 2070 1649 te
2104 1594 2242 1647 Deus
2269 1634 2285 1660 ,
2321 1592 2461 1646 Deus
2502 1603 2622 1646 tuus
2647 1633 2663 1658 ,
2695 1591 2809 1644 oleo
2846 1589 3065 1643 la’titice.
3097 1585 3213 1642 Non
3261 1585 3404 1641 enim

1838 1690 1995 1752 dixit,
2026 1687 2166 1744 Unxi
2205 1696 2255 1740 te
2279 1700 2378 1755 ego
2415 1684 2584 1750 Deus,
2616 1684 2707 1738 sed
2729 1724 2744 1750 ,
2777 1679 2940 1736 Unxit
2971 1694 3019 1736 te
3060 1679 3234 1745 Deus;
3272 1677 3406 1732 adeo

1837 1793 1896 1837 ut
1924 1798 1990 1837 ex
2020 1783 2124 1838 hoc
2153 1789 2364 1836 constet
2391 1778 2553 1832 aliam
2584 1792 2704 1833 esse
2742 1777 3051 1848 loquentem
3092 1787 3402 1845 personam.

165 1884 389 1950 γόμενον
435 1857 756 1954 πρόσωπον.-
792 1885 948 1936 Ποῖον
989 1879 1081 1936 οὖν
1118 1857 1232 1936 ἐστι
1263 1883 1420 1934 τοῦτο
1457 1883 1488 1952 ἢ
1528 1884 1557 1933 6
1593 1885 1732 1954 Προ-

1838 1876 1966 1943 Quze
1993 1875 2156 1944 igitur
2186 1875 2297 1928 lucc
2326 1883 2429 1936 cst,
2461 1870 2559 1926 nisi
2591 1870 2857 1939 Propheta
2884 1870 3018 1936 ipse,
3045 1868 3134 1935 qni
3168 1865 3404 1920 alllatum

166 1977 337 2045 φήτης
365 1979 394 2030 6
422 1979 675 2048 χωρήσας
701 1977 799 2049 τήν
826 1976 918 2029 τοῦ
945 1976 1102 2044 ἁγίου
1126 1975 1440 2046 Πνεύματος
1471 1975 1551 2038 είς
1576 1975 1736 2026 αὑτὸν

163 2069 458 2141 γενομένην
477 2069 753 2142 ἐνέργειαν
773 2086 787 2134 ;
817 2069 1232 2138 Ἐξηρεύξατο,
1254 2069 1438 2141 φησὶν,
1462 2069 1500 2136 ἠ
1527 2067 1737 2136 καρδία

158 2181 272 2231 μου
296 2167 485 2235 λόγον
508 2167 750 2236 ἀγαθόν.
785 2166 1000 2238 Ἐπειδὴ
1021 2167 1129 2237 γὰρ
1157 2168 1190 2237 ή
1225 2166 1392 2236 ὲρυγή
1424 2165 1539 2219 ἐστι
1575 2164 1738 2219 πνεῦ-

165 2274 236 2326 μα
268 2257 500 2330 κρύφιον
529 2259 668 2312 κατά
700 2260 798 2330 τὴν
833 2259 982 2323 ζέσιν
1014 2259 1113 2328 τῆς
1153 2257 1360 2329 τροφῆς
1391 2259 1737 2332 ἀπορρηγνυ-

163 2349 334 2416 μένων
367 2352 474 2403 τῶν
509 2350 870 2420 πομφολύγων
904 2351 996 2404 ἐπὶ
1026 2351 1087 2403 τὸ
1132 2350 1243 2404 ἄνω
1274 2352 1678 2422 διαπνεόμενον,
1707 2352 1736 2406 6

160 2442 385 2509 τραφεὶς
411 2441 490 2513 τῷ
519 2443 680 2506 ζῶντι
714 2443 862 2514 ἄρτῳ
884 2443 959 2514 τῷ
982 2445 1044 2496 ὲκ
1071 2443 1162 2497 τοῦ
1185 2444 1415 2514 οὐρανοῦ
1442 2443 1734 2497 καταὸάντι

161 2533 252 2586 καὶ
278 2532 475 2587 διδόντι
509 2535 653 2608 ζωὴν
679 2535 758 2607 τῷ
787 2536 995 2607 κόσμῳ,
1033 2535 1124 2590 καὶ
1149 2537 1177 2588 6
1207 2535 1541 2608 ἐμπλησθεὶς
1577 2537 1736 2589 παντὶ

161 2627 363 2696 ῥήματι
396 2629 808 2701 ἐκπορευομένῳ
840 2629 927 2682 διὰ
978 2628 1243 2697 στόματος
1277 2629 1434 2693 Θεοῦ,
1468 2629 1609 2682 κατὰ
1637 2629 1734 2700 τὴν

157 2717 252 2783 τῆς
293 2716 513 2788 Γραφῆς
571 2719 770 2788 συνήθη
819 2717 1195 2788 τροπολογῐαν,
1245 2719 1278 2788 ἡ
1327 2720 1592 2790 τραφεῖσα
1620 2721 1732 2784 τοῖς

158 2807 319 2876 ἱεροῖς
370 2807 654 2878 μαθήμασι
717 2810 899 2880 ψυχὴ,
954 2808 1259 2880 πρόσφορον
1312 2814 1423 2874 τοῖς
1481 2810 1731 2882 βρώμασι

159 2899 400 2968 προΐεται
436 2899 531 2972 τὴν
581 2902 801 2973 ὲρυγήν.
841 2901 939 2954 Διά
978 2902 1157 2964 τοῦτο,
1199 2902 1386 2971 ἐπειδὴ
1427 2902 1618 2973 λογικὴ
1662 2897 1731 2973 ἦν

158 2991 245 3043 καὶ
278 2991 457 3063 ἀγαθή
482 2994 512 3062 ή
543 2994 735 3065 τροφή,
759 2993 914 3062 λόγον
943 2995 1143 3063 ἀγαθὸν
1169 2994 1513 3064 ἐξερεύγεται
1541 2997 1568 3048 ὁ
1595 2996 1732 3068 Προ-

158 3085 350 3154 ςήτης.
403 3084 465 3138 '0
505 3085 613 3159 γὰρ
645 3086 865 3156 ἀγαθὸς
908 3085 1215 3156 ἅνθρωπος
1244 3088 1312 3142 ἐκ
1352 3088 1457 3142 τοῦ
1505 3088 1730 3159 ἀγαθοῦ

1837 1969 2072 2038 Spiritus
2131 1966 2302 2021 sancti
2355 1967 2408 2020 in
2451 1980 2511 2019 se
2538 1961 2788 2018 diﬂ‘usum
2840 1959 3081 2028 recepit?
3132 1955 3404 2011 Eructavit

1837 2077 1928 2112 cor
1951 2077 2140 2122 meum,
2185 2058 2379 2126 inquit,
2412 2058 2619 2111 uerbum
2647 2057 2854 2108 bonum.
2883 2052 3014 2108 Cum
3046 2051 3188 2105 enim
3221 2058 3405 2103 ructus

1836 2151 1995 2205 ﬂatus
2035 2151 2108 2204 sit
2135 2149 2378 2205 occultus
2401 2186 2416 2213 ,
2445 2147 2536 2218 qui
2563 2188 2578 2213 ,
2606 2147 2767 2201 bullis
2809 2146 2877 2199 ub
2914 2143 3114 2212 sumpti
3162 2138 3404 2195 alimenti

1836 2245 2104 2300 fervorem
2151 2243 2558 2314 erumpentibus
2586 2281 2602 2306 ,
2647 2254 2862 2297 sursum
2905 2251 3093 2291 versus
3135 2232 3402 2297 diluatur;

1834 2339 1926 2409 qui
1975 2337 2207 2394 nutritus
2253 2347 2338 2392 est
2393 2348 2530 2405 pane
2582 2333 2674 2389 illo
2724 2333 2971 2394 vivente,
3003 2329 3095 2399 qui
3153 2327 3219 2382 de
3264 2323 3406 2382 caelo

1835 2435 2135 2498 descendit,
2166 2434 2364 2500 datque
2386 2429 2550 2482 vitam
2578 2427 2778 2481 mundo
2807 2425 2874 2490 ",
2905 2433 2958 2479 et
2977 2421 3122 2478 omni
3147 2419 3309 2474 verbo
3335 2433 3402 2474 ex

1834 2543 1929 2582 ore
1964 2525 2056 2579 Dei
2085 2523 2380 2594 prodeunte
2407 2521 2452 2553 ”
2481 2530 2755 2577 saturatas
2777 2527 2878 2582 est,
2903 2516 3055 2584 juxta
3088 2513 3401 2569 co‘hsuetam

1835 2618 2129 2687 Scriptura.-
2157 2614 2528 2685 tropologiam,
2566 2615 2745 2667 anima
2765 2655 2780 2680 ,
2813 2611 3052 2682 inquam,
3084 2607 3254 2662 sacris
3278 2620 3402 2659 enu-

1835 2713 1960 2765 trita
1991 2708 2310 2779 disciplinis,
2340 2705 2747 2761 convenientem
2776 2702 2969 2759 eduliis
3004 2708 3216 2755 ructum
3246 2695 3402 2752 emit-

1834 2805 1916 2860 tit.
1967 2803 2311 2874 Quapropter
2361 2817 2482 2854 cum
2539 2797 2798 2868 spiritalis
2841 2805 3014 2862 esset,
3059 2804 3400 2862 optnnusque

1831 2898 2007 2960 cibus,
2034 2895 2297 2965 PrOpheta
2325 2894 2544 2948 verbum
2573 2894 2768 2946 bonum
2791 2896 3026 2945 eructat.
3058 2885 3231 2940 Bone;
3257 2886 3399 2938 enim

1831 2989 1984 3042 homo
2015 3002 2079 3041 ea:
2105 2985 2236 3040 bono
2266 2985 2444 3039 cordis
2476 2983 2557 3038 sui
2594 2984 2841 3037 thesauro
2881 2979 3072 3032 bonum
3105 2973 3304 3045 profert
3332 2973 3396 3026 “.

1833 3081 2151 3148 Qua-ramus
2181 3079 2361 3149 itaque
2388 3088 2442 3131 et
2469 3090 2568 3129 nos
2605 3091 2632 3126 a
2667 3071 2833 3126 verbo
2863 3069 3065 3132 cibum,
3101 3069 3165 3121 ad
3203 3065 3402 3119 anima-

158 3179 462 3246 θησαυροῦ
492 3179 591 3250 τῆς
623 3179 848 3251 καρδίας
879 3181 1043 3234 αὑτοῦ
1073 3182 1351 3252 προφέρει
1377 3184 1443 3238 τὸ
1477 3185 1724 3254 ἀγαθόν.

1834 3193 1948 3233 rum
1993 3186 2299 3232 nostrarum
2343 3171 2680 3227 saturitatem
2716 3166 2923 3238 (Justus
2957 3164 3132 3226 enim,
3175 3160 3394 3229 inquit,

157 3269 486 3340 Ζητήσωμεν
513 3268 605 3325 οὖν
654 3273 745 3325 καὶ
770 3275 934 3342 ἡμεῖς
961 3275 1059 3341 τὴν
1088 3276 1193 3328 ἀπὸ
1222 3275 1314 3328 τοῦ
1344 3276 1500 3343 λόγου
1522 3276 1729 3347 τροφὴν

155 3361 229 3422 εἰς
265 3360 546 3432 πλήρωσιν
571 3363 676 3416 τῶν
706 3363 890 3432 ψυχῶν
927 3365 1080 3435 ήμῶν
1111 3369 1363 3434 (Δίκαιος
1399 3368 1726 3439 γὰρ,φησίν,

152 3450 389 3514 ἐσθίων,
435 3453 768 3522 ἐμπίπλησι
803 3457 916 3526 τὴν
956 3458 1171 3527 ψυχὴν
1213 3460 1442 3526 αὐτοῦ),
1473 3461 1556 3514 ἵνα
1589 3459 1729 3514 κατὰ

152 3541 245 3610 τήν
271 3542 562 3609 ἀναλογίαν
596 3538 669 3597 ὧν
701 3548 1032 3618 τρεφόμεθα,
1068 3549 1126 3600 οὐ
1168 3549 1258 3602 τὸν
1289 3550 1517 3618 τυχόντα
1550 3551 1725 3619 λόγον,

151 3631 283 3686 ἀλλὰ
315 3633 518 3703 ἀγαθὸν
547 3636 973 3708 ἀναπέμπωμεν,
1016 3639 1072 3693 '0
1104 3641 1212 3712 γὰρ
1245 3643 1481 3714 πονηρὸς
1512 3643 1726 3715 ἄνθρω-

153 3739 268 3789 πος,
323 3727 429 3780 ὑπὸ
491 3728 774 3800 μοχθηρῶν
805 3731 1089 3798 δογμάτων
1128 3735 1476 3806 ἀνατραφεὶς,
1513 3735 1729 3800 ὲξεοεύ-

153 3830 301 3882 γεται
335 3822 401 3890 τῇ
439 3820 634 3891 καρδίᾳ
680 3819 834 3890 λόγον
879 3824 1133 3894 πονηρόν.
1167 3825 1275 3896 Οὐχ
1307 3829 1438 3900 ὁρᾷς
1470 3831 1630 3881 ὁποῖα
1659 3829 1728 3883 τὰ

155 3906 393 3976 στόματα
424 3911 530 3964 τῶν
562 3913 850 3985 αἰρετικῶν
874 3917 1272 3989 άπερεύγεται;
1297 3920 1372 3984 ώς
1398 3920 1610 3991 χαλεπά
1633 3923 1726 3976 καὶ

150 3996 379 4070 δυσώδη.
440 4004 636 4075 πολλήν
688 4023 811 4060 τινα
854 4009 952 4077 τὴν
995 4011 1053 4062 ὲν
1102 4010 1180 4082 τῷ
1228 4011 1380 4082 βάθει
1435 4013 1586 4068 νόσον
1620 4014 1727 4068 τῶν

148 4088 346 4144 ἀθλίων
378 4097 820 4166 κατηγοροῦντα;
865 4101 927 4153 '0
973 4100 1082 4171 γὰρ
1126 4105 1388 4170 πονηρὸς
1417 4104 1727 4173 ἅνθρωπος

149 4179 214 4234 ἐκ
246 4182 351 4236 τοῦ
384 4186 650 4253 πονηροῦ
678 4191 981 4257 θησαυροῦ
1013 4195 1108 4262 τῆς
1138 4193 1362 4265 καρδίας
1390 4195 1553 4248 αὑτοῦ
1583 4211 1726 4263 προ-

150 4274 309 4342 φέρει
334 4275 401 4328 τὸ
422 4279 707 4346 πονηρόν.
726 4280 816 4352 Μὴ
839 4281 901 4353 δὴ
929 4278 1041 4346 οὖν,
1061 4284 1389 4356 κνηθόμενος
1413 4288 1510 4359 τὴν
1536 4289 1724 4362 ἀκοήν,

152 4365 525 4438 ἑπισωρεύσῃς
546 4369 752 4440 σεαυτῷ
767 4371 1135 4438 διδασκάλους,
1159 4375 1311 4429 νόσον
1333 4377 1726 4447 ἐνεργάσασθαι

149 4460 257 4521 τοῖς
304 4461 633 4532 σπλάγχνοις
682 4481 774 4517 σου
804 4465 1149 4536 δυναμένους,
1204 4469 1297 4522 καὶ
1342 4472 1593 4544 πονηρῶν
1644 4491 1725 4526 σοι

153 4545 409 4623 ῥημάτων
443 4554 642 4626 ἐρυγὴν
678 4557 1005 4628 πῳξενῆσαι
1037 4560 1168 4626 (64),
1202 4561 1269 4614 δι’
1306 4556 1379 4616 ὧν
1413 4541 1625 4634 μέλλεις
1665 4568 1722 4619 ὲν
1759 4541 1801 4597 D

151 4647 210 4715 τῇ
243 4645 427 4716 ἡμέρα
453 4649 550 4717 τῆς
577 4649 807 4718 κρίσεως
830 4653 1306 4716 καταδικάξεσθαι.
1348 4655 1440 4708 Ἐκ
1463 4656 1573 4726 γὰρ
1603 4655 1722 4711 τῶν

149 4738 342 4806 λόγων
374 4755 514 4804 σου,
552 4740 703 4810 φησὶ,
749 4741 1136 4812 δικαιωθήσῃ,
1166 4748 1262 4799 καὶ
1290 4747 1359 4800 ἐκ
1391 4749 1506 4803 τῶν
1528 4751 1724 4820 λόγων

150 4844 262 4882 σου
306 4830 822 4901 καταδικασθήσῃ.
869 4834 1031 4904 Λέγω
1063 4835 1175 4905 ἐγὼ
1206 4837 1277 4890 τὰ
1307 4838 1448 4907 ἔργα
1481 4858 1600 4909 μου
1641 4840 1721 4906 τῷ

146 4918 408 4981 βασιλεῖ.
448 4923 592 4976 Πάνυ
624 4925 887 4996 προσάγει
917 4927 1064 4997 ἡμᾶς
1113 4931 1177 4999 τῇ
1226 4929 1435 5001 διανοίᾳ
1463 4929 1555 4982 τοῦ
1588 4948 1720 5001 προ-

152 5011 377 5082 φητικοῦ
409 5014 701 5084 προσώπου
730 5018 823 5070 καὶ
850 5017 1003 5071 τοῦτο
1031 5020 1090 5072 τὸ
1118 5020 1266 5091 ῥῆμα
1286 5038 1299 5050 ·
1326 5019 1487 5092 Λέγω
1505 5023 1620 5091 ἐγὼ
1653 5023 1722 5076 τὰ

150 5106 286 5173 ἕντίι
313 5123 438 5174 μου
487 5106 564 5172 τῷ
596 5109 873 5173 ,ϐασιλεῖ’
909 5113 1030 5166 ἀντὶ
1076 5113 1192 5176 τοῦ,
1231 5115 1724 5185 Ἑξομολογήσομαι

150 5197 224 5269 τῷ
255 5202 444 5272 κριτῇ,
490 5203 584 5256 καὶ
617 5204 982 5275 προλαμϐάνω
1013 5206 1106 5258 τὸν
1153 5207 1473 5279 κατήγορον,
1506 5207 1591 5260 διὰ
1624 5208 1725 5278 τῆς

154 5294 272 5363 περὶ
297 5293 409 5348 τῶν
447 5293 588 5348 ίδίων
615 5295 788 5367 ἔργων
823 5299 1179 5368 ἀπαγγελίας.
1219 5300 1466 5371 Ἐντολήν
1505 5301 1613 5372 γάρ
1645 5303 1724 5354 εἰ·

1830 3271 2103 3325 comedens
2147 3267 2320 3334 implet
2367 3264 2597 3318 animam
2641 3276 2789 3315 suam
2817 3258 2908 3324 ³⁸),
2953 3266 3011 3310 ιιι
3039 3267 3138 3324 pro
3192 3251 3401 3305 ratione

1830 3376 2014 3418 eorum
2068 3359 2265 3431 quibus
2319 3355 2533 3422 alimur,
2565 3368 2670 3410 non
2728 3351 2989 3421 vulgare,
3043 3347 3137 3403 sed
3199 3345 3398 3398 bonum

1831 3457 2052 3510 verbum
2103 3453 2438 3509 emittamns.
2491 3444 2628 3501 Nam
2668 3444 2844 3500 malus
2887 3441 3084 3504 homo,
3135 3433 3400 3505 dogmatis

1830 3551 2010 3620 pravis
2039 3549 2330 3610 enutritus,
2363 3560 2430 3600 ex
2462 3544 2626 3598 corde
2658 3553 2882 3610 pravum
2911 3534 3132 3591 verbum
3163 3536 3397 3586 eructat.

1830 3643 1945 3699 Non
1983 3642 2132 3695 vides
2159 3639 2337 3709 qualia
2373 3642 2623 3692 eructent
2651 3647 2743 3685 ora
2783 3624 3198 3685 hereticorum?
3236 3635 3397 3690 quam

1830 3735 2046 3806 gravia,
2084 3747 2245 3801 quam
2279 3729 2440 3783 fetida
2465 3767 2480 3793 ,
2524 3738 2773 3793 magnum
2817 3718 3104 3790 quemdam
3153 3713 3398 3768 morbum

1831 3829 1882 3883 in
1929 3828 2117 3881 intimo
2170 3824 2487 3878 miserorum
2544 3818 2758 3874 illorum
2793 3822 3013 3884 pectore
3066 3800 3401 3863 indicantia?

1831 3919 1972 3974 Nam
2004 3917 2174 3971 malus
2212 3917 2364 3968 homo
2394 3928 2457 3966 ex
2492 3911 2634 3964 malo
2667 3906 2850 3963 cordis
2882 3903 2965 3958 sui
3009 3901 3254 3956 thesauro
3287 3913 3401 3965 pro-

1828 4010 1927 4081 fert
1953 4009 2148 4062 malum
2174 4005 2242 4058 ³⁸.
2271 4002 2346 4056 Ne
2377 4003 2536 4072 igitur
2563 3997 2813 4068 pruriens
2836 3994 3078 4057 auribus,
3107 4003 3400 4047 coacerves

1829 4101 1925 4154 tibi
1979 4097 2267 4166 magistros
2297 4093 2372 4158 ³⁷,
2399 4093 2490 4162 qui
2537 4089 2835 4146 visceribus
2876 4086 2982 4140 tuis
3022 4083 3270 4138 morbum
3312 4081 3396 4132 in-

1831 4191 1973 4245 ferre
2005 4190 2250 4255 valeant,
2281 4186 2484 4255 tibique
2529 4197 2819 4252 pravorum
2864 4177 3149 4233 verborum
3189 4185 3398 4228 rnctum

1829 4296 2036 4345 creare,
2079 4282 2148 4334 ob
2177 4294 2296 4347 quae
2323 4278 2374 4330 in
2398 4278 2487 4331 die
2512 4275 2698 4342 judicii
2731 4269 3231 4326 condemnationem
3281 4266 3398 4319 su'u-

1832 4376 2005 4430 iturus
2023 4374 2119 4428 sis.
2148 4370 2230 4424 Ea:
2252 4369 2422 4424 verbis
2446 4369 2584 4422 enim
2603 4368 2729 4431 tuis,
2761 4365 2954 4432 inquit,
2976 4359 3355 4431 justiﬁcaberis
3381 4396 3396 4419 ,

1831 4481 1876 4522 et
1910 4484 1974 4521 ex.
1990 4466 2152 4520 verbis
2179 4466 2282 4518 tuis
2303 4463 2729 4516 condemnaberis
2756 4461 2820 4513 ³⁸.
2842 4459 2970 4513 Dico
2991 4473 3084 4526 ego
3107 4470 3260 4524 opera
3282 4467 3395 4503 mea

1829 4561 1954 4630 regi.
1987 4559 2212 4613 Maxime
2254 4556 2471 4610 adducit
2500 4569 2633 4617 nos,
2675 4564 2732 4606 ut
2782 4550 3059 4618 Propheta!
3103 4558 3392 4617 personam

1831 4655 2209 4722 intelligamus,
2249 4660 2302 4704 et
2333 4649 2435 4703 hoc
2471 4647 2692 4700 verbum
2725 4663 2738 4698 :
2788 4643 2917 4696 Dico
2953 4658 3045 4710 ego
3081 4654 3243 4708 opera
3284 4653 3398 4688 mea

1831 4747 1981 4814 regi:
2030 4748 2130 4796 hoc
2175 4748 2297 4804 est,
2331 4736 2640 4792 Conlitebor
2685 4732 2889 4802 judici,
2944 4739 3000 4786 et
3029 4735 3397 4784 accusatorem

1827 4848 2202 4894 antevertam,
2239 4847 2336 4902 per
2386 4843 2607 4899 cperunt
2655 4825 2992 4897 propriorum
3047 4821 3395 4877 delationem.

1829 4929 1934 4998 ipsi
1977 4927 2119 4982 enim
2167 4925 2479 4979 mandatum
2514 4922 2851 4993 accepimus,
2892 4916 3033 4988 quod
3075 4915 3155 4970 sic
3185 4913 3346 4966 habet
3383 4925 3395 4961 :

1832 5023 1927 5076 Dic
1971 5031 2024 5074 tu
2075 5020 2275 5088 primus
2321 5018 2622 5088 iniquitates
2660 5025 2814 5076 tuas,
2869 5019 2926 5065 ut
2970 5005 3282 5080 justiﬁesris
3330 5002 3396 5057 ⁸⁸.

1833 5117 2033 5186 Lingua
2089 5132 2201 5168 mea
2266 5114 2500 5166 calamus
2561 5111 2747 5164 scriba:
2805 5107 3050 5162 velociter
3103 5101 3395 5157 scribentis.

1832 5208 2293 5278 Quemadmodum
2328 5208 2566 5261 calamus
2599 5205 3015 5258 instrumentum
3059 5209 3141 5253 est
3170 5197 3401 5264 scripto-

1832 5302 2000 5363 rium,
2037 5314 2196 5370 quem
2233 5299 2390 5363 periti
2427 5296 2704 5367 cujusdam
2753 5310 2941 5350 manus
2987 5301 3168 5348 movet
3195 5291 3263 5345 ad
3293 5292 3402 5345 lor-

220 5500 256 5530 ³¹
289 5498 445 5555 Joan.
482 5514 570 5564 xv,
603 5497 658 5556 8.
731 5498 775 5530 ”
810 5499 960 5555 Jotm.
992 5518 1063 5565 vt,
1095 5502 1183 5558 33.
1261 5503 1305 5534 ³³
1340 5504 1488 5557 Dem.
1521 5519 1636 5569 νιιι,
1673 5505 1730 5565 3:

1834 5506 1957 5559 atth.
2002 5521 2072 5566 rv,
2119 5505 2170 5559 4.
2247 5505 2294 5537 ³⁸
2335 5503 2518 5562 Matth.
2557 5519 2668 5569 xu,
2715 5502 2806 5560 55.
2881 5502 2925 5536 ³³
2952 5502 3111 5559 Prov.
3155 5517 3272 5561 xm.
3307 5501 3398 5556 23.

155 5570 195 5599 ³⁸
223 5570 415 5624 .ilattlt.
451 5587 549 5634 ιιι,
573 5570 666 5626 55.
739 5569 782 5602 ³⁷
807 5571 848 5625 ll
870 5570 1009 5626 Tim.
1036 5589 1116 5638 tv,
1143 5574 1195 5628 5.

364 5745 500 5829 Beg.
530 5747 792 5826 secundus
820 5747 1160 5829 σπλάγχνων,
1181 5753 1331 5822 φησι,
1361 5755 1719 5825 προσήγαγεν.

223 5822 333 5887 (θα)
364 5819 458 5870 Sic
485 5819 718 5884 quinque
741 5834 867 5873 mss.
904 5821 1057 5875 Deest
1086 5823 1164 5874 ὅτι
1205 5819 1255 5877 in
1275 5819 1451 5878 editis.

1274 5574 1316 5605 ³³
1358 5574 1546 5630 Matth.
1594 5591 1663 5629 xit
1693 5617 1704 5640 ,
1743 5575 1833 5630 57.
1911 5577 1953 5607 ³⁸³
1988 5578 2086 5631 Isa.
2119 5593 2282 5642 xstn,
2312 5576 2402 5629 26.

2180 5754 2327 5835 Ιξυκῖὶ
2356 5754 2698 5835 sentimus-et
2732 5755 2921 5810 tertius
2953 5770 3072 5809 cum
3107 5754 3254 5811 Colb.
3289 5760 3397 5827 pri-

1832 5843 1938 5882 mu.
1979 5827 2152 5881 Blitio
2190 5825 2359 5878 Paris.
2403 5824 2780 5894 προξενοῦσαι.
