4098 6324
198 353 312 409 557

1265 348 1552 404 HOMILIA
1591 346 1658 403 IN
1698 344 2026 402 PSALMUM
2062 340 2243 397 XLIV.

3363 345 3468 400 5‘38

203 468 290 535 τῷ
326 466 544 538 σταυρῷ
589 465 684 519 τοῦ
741 465 997 535 Χριστοῦ,
1050 459 1130 528 οἷς
1186 465 1502 537 ἐφανερώθη
1563 463 1650 517 διὰ
1699 463 1772 515 τοὲ

1899 463 2170 518 cntionem
2219 460 2508 516 stultitiam
2556 459 2838 516 nominant
2877 459 2922 491 “
2955 477 2968 513 :
3012 473 3110 514 nos
3144 473 3270 513 vero
3297 461 3385 528 qni
3413 462 3462 513 in

205 559 528 629 Ιινεῦματος
561 559 628 611 τὰ
659 559 761 611 ὑπὸ
795 557 886 613 τοῦ
913 557 1046 610 Θεοῦ
1079 557 1403 627 χαρισθέντα.
1434 559 1584 626 ἡμῖν,
1609 555 1709 607 οὐκ
1732 557 1789 606 ὲν

203 647 478 711 διδακτοῖς
529 647 875 719 ἀνθρωπίνης
929 649 1120 716 σοφίας
1167 648 1367 715 λόγοις,
1420 648 1661 717 οἴδαμεν,
1709 647 1789 698 ὅτι

205 739 440 790 πλουσία
468 739 626 810 χάρις
656 741 804 793 ἐστἰν
831 739 1171 809 ὲκκεχυμένη
1201 738 1352 809 παρὰ
1381 739 1518 791 Θεοῦ
1558 738 1651 790 ἐπὶ
1678 740 1789 800 τοῖς

206 829 342 898 περὶ
375 829 608 900 Χριστοῦ
657 829 851 898 λόγοις.
894 830 990 882 Διὰ
1023 816 1178 882 τοῦτο
1222 829 1278 880 ὲν
1312 828 1477 899 ὀλίγῳ
1504 829 1582 898 τῷ
1613 827 1790 898 χρόνῳ

205 922 390 973 πᾶσαν
436 922 618 990 σχεδὸν
667 923 765 991 τὴν
811 921 1138 989 οἰκουμένην
1174 920 1355 989 διῆλθε
1395 921 1456 973 τὸ
1507 923 1786 990 κήρυγμα,

202 1012 397 1082 ἐπειδὴ
433 1012 658 1066 πλουσία
701 1013 793 1065 καὶ
836 1012 1062 1081 ἄφθονος
1096 1015 1128 1082 ἡ
1166 1014 1322 1084 χάρις
1365 1012 1656 1081 ἐκκέχυται
1696 1013 1788 1065 ἐπὶ

200 1107 336 1170 τοὺς
357 1109 602 1177 κήρυκας
626 1105 717 1158 τοῦ
741 1107 1091 1174 Εὑαγγελίου,
1124 1105 1216 1170 οὒς
1251 1107 1344 1158 καὶ
1374 1106 1522 1177 χείλη
1552 1106 1784 1176 Χριστοῦ

200 1202 489 1273 ὠνόμασεν
530 1207 562 1275 ὴ
609 1205 821 1276 Γραφή.
861 1205 957 1257 Διὰ
999 1204 1155 1258 τοῦτο
1190 1205 1247 1257 ὲν
1293 1204 1787 1273 εὐκαταφρονήτως

201 1295 481 1360 λεξειδίοις
514 1296 646 1348 πολὺ
688 1296 748 1348 τὸ
791 1297 1003 1365 ἀγωγὸν
1035 1296 1145 1367 (70)
1190 1296 1285 1349 καὶ
1332 1295 1468 1366 πρὸς
1514 1295 1786 1365 σωτηρίαν

198 1387 362 1439 ὁλκὸν
391 1387 502 1455 ἔχει
552 1387 643 1439 τοῦ
690 1389 1021 1456 Εὑαγγελίου
1065 1388 1127 1440 τὸ
1169 1390 1446 1457 κήρυγμα.
1479 1387 1590 1440 Καὶ
1635 1390 1785 1439 πᾶσα

199 1478 350 1546 ψυχὴ
380 1478 710 1548 κεκράτηται
739 1478 1000 1547 δόγμασιν
1043 1478 1338 1547 ἀκινήτοις,
1375 1474 1466 1528 διὰ
1497 1477 1598 1546 τῆς
1632 1477 1785 1545 χάρι-

198 1585 296 1629 τος
329 1569 464 1638 πρὸς
509 1570 605 1639 τὴν
647 1569 936 1622 ἀσάλευτον
964 1571 1041 1630 εἰς
1077 1569 1318 1639 Χριστὸν
1336 1569 1515 1621 πίστιν
1544 1568 1786 1638 βεϐαιου-

201 1659 365 1731 μένη.
401 1662 560 1714 Ὅθεν
590 1663 750 1731 φησιν
794 1665 822 1714 ὁ
868 1661 1213 1724 Ἀπόστολος·
1247 1661 1327 1713 Δι’
1383 1657 1455 1716 οὗ
1491 1662 1786 1730 ἐλάϐομεν

198 1751 381 1818 χάριν
408 1752 503 1804 καὶ
539 1751 892 1818 ἀποστολὴν
922 1753 1008 1818 εἰς
1055 1750 1336 1818 ὑπακοὴν
1365 1755 1624 1816 πίστεως
1643 1768 1656 1781 ·
1691 1752 1784 1804 καὶ

1893 569 2055 609 cruce
2091 554 2292 608 Christi
2330 553 2628 624 gloriamur
2655 553 2722 615 ",
2749 552 2944 620 quibus
2975 551 3312 606 manifestata
3341 563 3466 603 sunt

1890 659 1987 712 per
2020 645 2280 714 Spiritum
2305 658 2390 706 ea,
2423 658 2541 712 qua:
2571 644 2769 697 donata
2803 652 2927 698 sunt
2953 643 3108 695 nobis
3136 656 3164 696 a
3201 641 3328 704 Deo,
3358 659 3460 694 non

1891 733 2149 788 indoctis
2214 735 2463 788 humanae
2522 732 2803 801 sapientiae
2865 731 3147 795 verbis“,
3211 732 3460 785 novimus

1889 824 2119 894 gratiam
2146 839 2288 887 eam,
2327 839 2447 892 quae
2476 838 2504 876 a
2543 825 2646 878 Deo
2677 823 2730 877 in
2769 823 2982 877 traditis
3009 823 3075 877 de
3115 822 3331 876 Christo
3360 824 3459 876 do-

1890 915 2077 970 ctrinis
2109 912 2299 969 dilfusa
2329 914 2459 979 fuit,
2493 914 2709 968 divitem
2742 929 2881 968 esse.
2924 912 3280 978 Quamobrem
3309 913 3455 966 brevi

1893 1016 2140 1076 tempore
2181 1005 2234 1058 in
2278 1006 2588 1060 universum
2640 1019 2804 1075 pr0pe
2845 1013 3109 1057 terrarum
3147 1003 3330 1056 orbem
3370 1003 3458 1058 illa

1889 1098 2204 1170 praedicatio
2231 1097 2497 1167 pervenit,
2523 1107 2805 1167 pr0pterea
2835 1095 2974 1163 quod
3007 1095 3157 1148 dives
3199 1104 3252 1148 et
3284 1095 3451 1148 abun-

1888 1191 2024 1247 dans
2054 1191 2231 1262 gratia
2267 1189 2433 1244 eﬂ'usa
2462 1198 2548 1243 est
2593 1189 2644 1241 in
2679 1187 2949 1258 Evangelii
2993 1200 3458 1260 praccones,quos

1888 1283 2054 1340 etiam
2099 1282 2302 1337 Christi
2351 1280 2490 1334 labia
2541 1277 2823 1347 Scriptura
2878 1277 3172 1330 nominavit
3201 1276 3269 1330 ".
3307 1275 3456 1341 Qua-

1887 1384 2108 1445 propter
2159 1373 2439 1444 Evangelii
2500 1369 2806 1442 praedicatio
2858 1370 2914 1422 in
2961 1367 3452 1438 contemptibilibus

1888 1467 2232 1523 dictiunculis
2286 1466 2394 1519 vim
2443 1464 2664 1518 multam
2716 1461 2879 1516 habet
2923 1459 3280 1528 persuadendi
3307 1470 3361 1513 et
3387 1463 3452 1512 ad

1887 1559 2116 1615 salutem
2180 1557 2456 1614 illiciendi.
2507 1555 2574 1609 Et
2620 1555 2799 1609 anima
2860 1554 3037 1608 omnis
3091 1553 3454 1608 immobilibus

1889 1649 2159 1718 dogmatis
2187 1651 2411 1706 subacta
2437 1657 2538 1712 est,
2566 1662 2660 1718 per
2691 1647 2918 1719 gratiam
2955 1645 3007 1699 in
3049 1646 3363 1699 inconcussa
3402 1646 3451 1698 in

1887 1741 2168 1798 Christum
2225 1743 2330 1796 lide
2383 1743 2725 1798 conﬁrmata.
2793 1740 2943 1796 Unde
2995 1738 3069 1792 ait
3121 1737 3450 1805 Aposmlns:

199 1842 398 1895 πάλινο
437 1843 870 1910 Περισσότερον
915 1841 1116 1896 αὐτῶν
1154 1841 1395 1895 πάντων
1443 1842 1772 1896 ἐκοπίασαε

1886 1830 1990 1884 Per
2009 1848 2158 1902 quem
2188 1833 2482 1899 accepimus
2509 1831 2736 1900 gratiam
2762 1839 2812 1884 et
2841 1829 3214 1898 apostolatum,
3245 1836 3303 1879 ut
3333 1826 3453 1879 obe-

196 1936 316 1988 οὐκ
347 1933 460 2003 ἐγὼ
495 1932 582 2000 δὲ,
609 1934 746 1988 ἀλλ’
771 1935 807 2002 ἠ
838 1934 1010 2003 χάρις
1042 1934 1146 1987 τοῦ
1186 1934 1348 1997 Θεοῦ,
1389 1936 1426 2003 ἠ
1467 1935 1588 1988 σὺν
1626 1935 1778 2000 ἐμοί.

271 2174 323 2228 5.
368 2176 652 2244 Ἐξεχύθη
701 2177 872 2246 χάρις
901 2180 970 2232 ἐν
1003 2179 1238 2248 χείλεσι
1276 2194 1424 2232 σου·
1470 2179 1568 2233 διὰ
1604 2180 1780 2234 τοῦτο

190 2268 496 2335 είρλόγησέ
532 2287 604 2322 σε
635 2273 666 2322 ὁ
709 2270 852 2336 Θεὸς
880 2275 967 2336 εὶς
1011 2272 1116 2324 τὸν
1146 2271 1348 2324 αἰῶνα.
1381 2272 1693 2342 Γέγραπται
1721 2274 1780 2325 ὲν

193 2355 275 2426 τῷ
309 2357 638 2430 Εὑαγγελίῳ,
667 2361 747 2412 ὅτι
783 2360 1135 2428 Ἐθαύμίιζον
1157 2360 1252 2413 ἐπὶ
1292 2360 1414 2426 τοῖς
1440 2362 1643 2428 λόγοις
1671 2360 1780 2429 τῆς

192 2448 439 2516 χάριτος
463 2450 582 2514 τοῖς
609 2449 1100 2517 ἐκπορευομένοις
1125 2449 1221 2502 διὰ
1247 2453 1544 2519 στόματος
1567 2451 1775 2504 αὐτοῦ.

189 2542 396 2612 Διόπερ
423 2540 764 2610 ἐμφαντικῶς
790 2542 816 2594 ὁ
841 2540 1072 2612 ψαλμὸς,
1105 2542 1167 2594 τὸ
1198 2541 1402 2612 πλῆθος
1424 2543 1522 2612 τῆς
1555 2543 1778 2613 χάριτος

189 2633 303 2686 τῶν
353 2632 503 2702 παρὰ
530 2632 622 2685 τοῦ
666 2634 869 2706 Κυρίου
918 2634 1074 2706 ἡμῶν
1120 2634 1378 2706 ῥημάτων
1428 2633 1777 2704 παραστῆσαι

191 2722 536 2793 βουλόμενος,
587 2724 873 2794 Ἐξεχύθη
914 2725 1086 2794 χάρις
1122 2726 1190 2779 ἐν
1217 2725 1339 2792 τοῖς
1368 2725 1604 2795 χείλεσι
1639 2741 1775 2789 σου,

187 2807 340 2878 εἷπε,
361 2813 447 2866 διὰ
474 2814 533 2866 τὸ
566 2814 795 2884 ἄφθονον
823 2815 922 2885 τῆς
946 2818 1001 2866 ὲν
1033 2815 1108 2885 τῷ
1138 2815 1280 2886 λόγῳ
1316 2816 1557 2887 χάριτος.
1587 2817 1778 2870 Euid-

187 2905 347 2974 γησέ
380 2923 472 2971 σε,
503 2909 685 2978 φησιν,
708 2910 739 2961 ό
764 2907 908 2973 Θεὸς
927 2910 1012 2973 εὶς
1038 2907 1144 2960 τὸν
1164 2907 1369 2962 αἰῶνα.
1399 2908 1565 2979 Δῆλον
1591 2908 1667 2972 δὲ,
1694 2909 1776 2960 ὅτι

187 3001 286 3050 ἐπὶ
331 3001 390 3052 τὸ
440 2999 776 3070 ἀνθρώπινον
821 3002 924 3071 χρὴ
977 3000 1342 3069 ἀναφέρεσθαι
1394 3000 1587 3064 ταῦτα,
1632 2999 1776 3054 καθὰ

185 3092 488 3162 προκόπτει
526 3093 708 3159 σοφίᾳ
746 3092 843 3143 καὶ
866 3092 1074 3158 ἡλικίᾳ
1115 3090 1212 3143 καὶ
1233 3090 1446 3158 χάριτι.
1474 3090 1625 3144 Κατὰ
1645 3091 1772 3144 τοῦ-

1883 1926 2063 1978 diatur
2093 1924 2220 1992 ﬁdei
2247 1925 2313 1975 ⁸⁸.
2340 1923 2406 1978 Ει
2438 1939 2626 1979 rursus
2653 1942 2666 1982 :
2689 1924 3058 1977 Abundantius
3082 1920 3185 1973 illis
3214 1918 3452 1973 omnibus

1882 2015 2151 2079 laboravi;
2189 2031 2293 2069 non
2339 2031 2432 2085 ego
2473 2024 2678 2082 autem,
2727 2016 2818 2069 sed
2857 2014 3030 2085 gratia
3064 2011 3191 2077 Det,
3226 2027 3341 2083 quo:
3375 2020 3451 2065 est

1879 2121 2081 2158 mecum
2116 2105 2197 2160 θ’]

1951 2198 2005 2251 5.
2047 2197 2258 2265 Diﬁ‘usa
2307 2207 2382 2251 est
2431 2199 2605 2268 gratia
2655 2199 2712 2251 in
2755 2195 2911 2249 labiis
2963 2194 3067 2248 tuis
3109 2210 3128 2248 :
3181 2202 3451 2260 propterea

1879 2290 2139 2342 benedixit
2173 2300 2219 2342 te
2249 2288 2384 2342 Deus
2413 2292 2466 2342 in
2490 2300 2764 2343 teter-num.
2788 2287 3059 2357 Scriptum
3085 2295 3169 2342 est
3198 2288 3250 2342 in
3269 2286 3452 2341 Evan-

1879 2377 2040 2446 gelio,
2069 2377 2211 2447 quod
2241 2377 2577 2431 Mirabantur
2609 2379 2663 2431 in
2691 2379 2858 2433 verbis
2893 2379 3100 2448 gratim,
3127 2395 3242 2448 quw
3267 2393 3451 2440 proce-

1879 2470 2067 2523 debant
2115 2470 2178 2524 de
2223 2486 2313 2524 ore
2362 2471 2529 2538 ipsius
2554 2472 2622 2526 '°.
2662 2470 3024 2536 Quamobrem
3081 2471 3452 2540 signiﬁcanter

1879 2560 2276 2615 multitudinem
2310 2563 2498 2630 gratia:
2520 2563 2804 2618 verborum
2831 2562 3041 2618 Domini
3070 2563 3239 2616 nostri
3275 2572 3454 2616 osten—

1879 2652 2007 2705 dere
2049 2651 2234 2706 volens
2261 2654 2502 2721 psalmus
2524 2695 2539 2720 ,
2581 2654 2790 2724 Diﬂ‘usa
2823 2665 2900 2709 est
2926 2695 2940 2720 ,
2967 2656 3161 2725 inquit,
3193 2654 3366 2723 gratia
3397 2653 3450 2706 in

1878 2742 2030 2798 labiis
2064 2745 2187 2809 tuis,
2217 2744 2286 2798 ob
2316 2748 2500 2813 gratiae
2540 2761 2659 2814 quae
2687 2747 2738 2799 in
2772 2761 3023 2802 sermone
3044 2759 3126 2800 est
3155 2747 3450 2800 exuberan-

1879 2845 1985 2888 tetn
2021 2835 2251 2904 copiam.
2283 2833 2564 2889 Benedixit
2599 2848 2646 2890 te
2670 2837 2830 2902 Deus,
2867 2837 3062 2906 inquit,
3089 2838 3143 2888 in
3171 2849 3448 2890 wternum.

1876 2923 2060 2978 Palam
2085 2935 2166 2979 est
2191 2935 2369 2981 autem
2404 2928 2517 2981 haec
2547 2927 2612 2981 ad
2645 2928 3032 2982 humanitatem
3069 2929 3285 2993 referri,
3311 2943 3448 2995 qua-

1877 3025 2030 3071 tenus
2061 3018 2275 3086 prolicit
2308 3021 2567 3086 sapientia
2590 3032 2638 3074 et
2681 3031 2833 3075 tetate
2858 3029 2906 3074 et
2936 3025 3112 3090 gratia
3142 3021 3210 3086 “;
3255 3036 3447 3074 secun-

1877 3109 2004 3162 dum
2036 3125 2236 3178 quam,
2270 3110 2617 3180 intelligimus
2647 3117 2875 3183 gratiam
2915 3128 3129 3182 quoque
3176 3128 3273 3167 ceu
3308 3129 3444 3180 pra:-

184 3200 248 3234 το
279 3182 388 3251 (71)
427 3183 602 3250 δῆλον,
645 3183 726 3234 ὅτι
756 3182 848 3234 καὶ
883 3178 1040 3234 ἆθλον
1073 3182 1579 3253 ἀνδραγαθημάτων
1622 3181 1771 3253 αὐτῷ

1876 3197 2156 3252 clarorum
2208 3198 2507 3255 facinorum
2565 3201 2841 3269 praemium
2908 3205 2957 3254 ei
3014 3205 3193 3255 datam
3257 3202 3446 3256 fuisse.

183 3271 415 3340 νοοῦμεν
458 3272 697 3326 δεδόσθαι
742 3271 838 3344 τὴν
886 3273 1064 3345 χάριν.
1099 3276 1319 3344 Ὅμοιον
1359 3274 1414 3327 δὲ
1461 3273 1632 3346 τούτῳ
1673 3274 1766 3327 τό·

197 3363 548 3433 Ἠγάςτησας
577 3365 988 3436 δικαιοσύνην,
1025 3367 1122 3420 καὶ
1151 3368 1449 3436 ἐμίσησας
1483 3368 1764 3436 ἀνομίαν·

181 3457 285 3510 διὰ
322 3458 495 3513 τοῦτο
527 3459 731 3528 ἕχρισέ
761 3475 832 3513 σε
865 3463 896 3513 ὁ
942 3460 1103 3524 Θεὸς,
1136 3462 1167 3512 ὀ
1208 3461 1350 3526 Θεός
1389 3474 1527 3525 σου,
1565 3461 1770 3513 ἔλαιον

181 3550 604 3618 ἀγαλλιάσεως
636 3551 793 3619 παρὰ
832 3550 971 3616 τοὺς
996 3552 1289 3619 μετόχους
1319 3565 1455 3604 σου.
1495 3546 1562 3622 ᾮ
1593 3570 1769 3624 παρα-

183 3640 416 3709 πλήσιόν
447 3643 561 3695 ἐστι
593 3644 685 3695 καὶ
712 3643 772 3695 τὸ
794 3642 1174 3713 Φιλιππησίοις
1216 3641 1366 3714 παρὰ
1391 3642 1603 3695 Παύλου
1633 3660 1767 3714 γρα-

185 3731 311 3801 φὲν.
336 3730 415 3782 ὅτι
450 3733 876 3787 Ἐταπείνωσεν
903 3733 1118 3788 ἑαυτὸν
1145 3737 1466 3805 γενόμενος
1498 3734 1766 3802 ὑπήκοος

177 3820 359 3889 μέχρι
392 3824 668 3885 θανάτου,
713 3824 972 3878 θανάτου
1012 3825 1080 3878 δὲ
1120 3827 1408 3895 σταυροῦ,
1455 3828 1548 3882 διὸ
1598 3829 1698 3881 καὶ
1735 3831 1767 3882 ό

183 3909 336 3974 Θεὸς
384 3909 568 3962 αὐτὸν
615 3914 1035 3980 ὑπερύψωσεν.
1084 3913 1244 3967 Ὥστε
1301 3915 1456 3985 δῆλον
1500 3916 1634 3985 ('72),
1686 3919 1765 3970 ὅτι

177 4000 359 4056 ταῦτα
385 4002 508 4074 περὶ
536 4001 628 4055 τοῦ
659 4003 800 4057 κατὰ
823 4005 913 4058 τὸν
943 4007 1168 4077 Σωτῆρα
1195 4006 1480 4078 ἀνθρώπου
1508 4007 1724 4075 λέγεται
1748 4027 1761 4039 ο

178 4096 218 4166 ἢ
261 4095 445 4167 ἐπειδὴ
492 4099 524 4168 ἡ
583 4097 878 4168 Ἐκκλησία
911 4099 1069 4171 σῶμά
1113 4102 1228 4153 ἐστι
1270 4099 1363 4152 τοῦ
1415 4100 1642 4172 Κυρίου,
1670 4103 1765 4155 καὶ

178 4187 580 4259 αὑτὸς-κεφαλὴ
613 4189 712 4259 τῆς
747 4191 1070 4263 Ἐκκλησίας
1091 4212 1103 4223 ·
1135 4194 1319 4264 ὥσπερ
1348 4194 1765 4265 ἀποδεδώκαμεν

179 4280 338 4350 χείλη
365 4275 501 4332 εἶναι
526 4281 619 4332 τοῦ
648 4282 883 4351 Χριστοῦ
915 4285 1038 4346 τοὺς
1067 4285 1536 4356 ὑπηρετουμένους
1569 4285 1644 4356 τῷ
1675 4287 1764 4338 οὑ-

185 4372 357 4441 ρανίῳ
386 4371 527 4442 λόγῳ
556 4373 761 4444 (ὥσπερ
809 4373 1020 4438 Παῦλος
1067 4377 1123 4428 ἐν
1158 4376 1333 4445 ἑαυτῷ
1371 4377 1508 4446 ἔχων
1533 4379 1646 4447 (75)
1672 4379 1763 4432 τὸν

1872 3285 2042 3356 Hujus
2085 3289 2241 3360 163
2286 3303 2462 3346 autem
2518 3293 2694 3346 simile
2729 3304 2815 3348 est
2853 3293 2980 3347 illud
3019 3296 3065 3326 “
3127 3311 3141 3347 :
3205 3293 3444 3347 Dilexisti

1861 3378 2154 3448 justitiam,
2209 3391 2259 3435 et
2311 3384 2470 3436 odisti
2524 3385 2892 3452 iniquitatem;
2965 3395 3237 3454 propterea
3294 3387 3444 3440 unxit

1871 3481 1919 3526 te
1970 3471 2135 3537 Deus,
2191 3472 2335 3527 Deus
2363 3485 2481 3528 tuus
2535 3476 2646 3530 oleo
2704 3478 2907 3530 ltetitia:
2953 3495 3063 3547 pra:
3120 3480 3445 3532 consortibus

1870 3566 1996 3620 luis.
2031 3565 2127 3620 Cui
2169 3565 2328 3622 amne
2369 3578 2451 3622 est
2485 3579 2538 3623 et
2577 3568 2707 3624 illud
2753 3568 3185 3639 Pbilippeusibus
3221 3589 3249 3623 ιι
3279 3572 3444 3624 Paulo

1869 3659 2170 3728 scriptum:
2220 3658 2532 3714 Humiliavit
2590 3662 2925 3729 semetipsum
2971 3661 3144 3730 factus
3200 3663 3442 3717 obediens

1868 3765 2029 3817 usque
2078 3752 2147 3802 ad
2187 3763 2426 3818 mortem,
2481 3764 2702 3809 ntortem
2756 3765 2930 3808 autem
2982 3758 3174 3821 crucis,
3236 3769 3445 3826 propter

1865 3840 2003 3908 quod
2031 3851 2077 3892 et
2106 3839 2247 3894 Deus
2270 3843 2522 3896 exultavit
2553 3845 2704 3897 illum
2726 3846 2792 3897 ⁸³.
2835 3847 3012 3913 Quare
3048 3847 3217 3915 liquet
3255 3851 3440 3903 istha-c

1867 3929 1935 3985 de
1969 3929 2248 3983 Salvatore
2276 3940 2334 3984 ut
2362 3931 2579 3986 homine
2601 3933 2707 3989 dici
2735 3953 2750 3988 :
2789 3944 2882 3988 aut
2918 3938 3173 4006 quoniam
3202 3938 3438 3993 Ecclesia

1868 4035 2063 4089 corpus
2111 4030 2193 4075 est
2215 4021 2427 4076 Domini
2451 4061 2466 4089 ,
2500 4032 2554 4077 et
2581 4025 2690 4093 ipse
2728 4035 2890 4093 caput
2914 4024 3166 4080 Ecclesia:
3196 4044 3209 4080 :
3239 4043 3397 4094 quem
3418 4058 3434 4066 -

1866 4114 2153 4168 admodum
2223 4116 2455 4170 caelestis
2521 4116 2666 4169 verbi
2739 4118 3013 4171 ministros
3097 4118 3237 4171 labia
3318 4135 3440 4173 esse

1867 4205 2066 4260 Christi
2103 4206 2340 4261 diximus
2376 4207 2476 4276 (uti
2515 4215 2631 4260 erat
2662 4205 2860 4266 Paulus
2904 4209 2955 4264 in
2992 4224 3049 4263 se
3085 4211 3200 4280 ipso
3233 4213 3438 4266 habens

1865 4297 2141 4352 Christum
2189 4297 2495 4366 loquentem
2527 4299 2573 4330 ⁸⁷⁵
2599 4341 2614 4367 ,
2651 4313 2706 4356 et
2746 4304 2789 4356 si
2831 4305 2950 4371 quis
2990 4305 3060 4358 illi
3094 4320 3193 4373 par
3242 4308 3439 4360 virtute

1864 4391 1967 4460 est)
2019 4404 2035 4441 :
2087 4389 2165 4443 sic
2231 4391 2395 4445 etiam
2443 4393 2649 4463 reliqua
2710 4396 2953 4464 corporis
3007 4397 3208 4453 Christi
3273 4414 3439 4453 mem-

179 4461 419 4532 Χριστὸν
470 4463 750 4527 λαλοῦντα,
807 4466 898 4517 καὶ
944 4466 997 4517 εί
1044 4484 1126 4530 τις
1175 4467 1366 4537 ἐκείνῳ
1414 4469 1512 4538 τὴν
1560 4471 1759 4542 ἀρετὴν

1876 4497 1958 4534 πε
2036 4497 2224 4538 smnus
2277 4461 2949 4553 quotquot—credidimtis.
3025 4489 3079 4544 Si
3137 4491 3256 4559 quis
3311 4507 3437 4560 ergo

180 4556 620 4626 παραπλήσιος)’
658 4557 797 4611 οὕτω
837 4559 930 4611 καὶ
959 4559 1027 4611 τὰ
1069 4560 1227 4613 λοιπὰ
1273 4560 1408 4630 μέλη
1435 4561 1525 4614 τοῦ
1575 4562 1758 4634 σώμα-

174 4667 274 4711 τος
323 4647 416 4700 τοῦ
467 4650 741 4721 Χριστοῦ,
793 4653 840 4704 οἱ
893 4650 1080 4715 καθεῖς
1152 4653 1258 4706 τῶν
1320 4655 1756 4708 πεπιστευκότων

176 4741 369 4811 ἐσμέν.
420 4741 529 4812 Τὴν
575 4738 665 4795 οῦν
711 4747 777 4814 τῇ
839 4744 1134 4816 Ἐκκλησία
1177 4746 1460 4817 διδομένην
1509 4747 1754 4816 εὐλογίαν

175 4832 274 4884 ἐπὶ
303 4832 394 4884 τὸν
423 4832 626 4903 Κύριον
663 4833 690 4884 ὁ
724 4835 1013 4904 ἀναφέρων
1042 4835 1139 4905 οὐχ
1175 4837 1480 4909 ἁμαρτήσει
1507 4838 1640 4910 (74).
1678 4840 1752 4892 Τὸ

173 4917 295 4984 σῦν,
332 4923 643 4993 Εὺλόγησέ
673 4939 744 4978 σε
775 4929 806 4983 ὀ
840 4927 999 4992 Θεὸς,
1024 4929 1288 4993 τουτέστι,
1322 4931 1403 4985 Τὰ
1435 4932 1571 5002 μέλη
1592 4932 1657 4985 τὰ
1681 4933 1748 4985 σὰ

174 5015 275 5069 καὶ
306 5014 364 5067 τὸ
391 5013 550 5083 σῶμα
576 5017 638 5069 τὸ
667 5017 756 5070 σὸν
783 5018 1067 5090 ἐπλήρωσε
1091 5019 1197 5073 τῶν
1232 5021 1361 5091 παρ’
1393 5021 1586 5075 ἑαυτοῦ
1612 5023 1749 5089 ἀγα-

245 5217 295 5244 θδ
322 5215 335 5266 Ι
367 5215 490 5271 Cor.
521 5232 557 5277 ι,
592 5214 680 5271 21.
778 5221 823 5251 ιδ
850 5219 1025 5274 Calat.
1061 5235 1132 5284 vt,
1164 5221 1247 5276 14.

1325 5225 1369 5255 ⁸⁸
1399 5225 1412 5278 Ι
1447 5225 1571 5278 Cor.
1606 5228 1774 5287 11,12.
1809 5226 1893 5279 15.
1972 5227 2012 5256 ’⁵⁷
2050 5225 2177 5279 Luc.
2208 5243 2261 5290 χ,
2296 5229 2382 5284 16.

1869 4577 2049 4630 datam
2088 4576 2342 4631 Ecclesiae
2389 4578 2817 4634 benedictionem
2883 4583 2948 4635 ad
3022 4583 3304 4638 Dominum
3347 4600 3436 4638 re-

1868 4669 2086 4734 tulerit,
2149 4670 2193 4724 is
2246 4668 2557 4738 neutiquam
2619 4670 2972 4729 aberraverit.
3020 4675 3154 4730 Illud
3218 4678 3431 4747 itaque,

1863 4762 2140 4816 Denedixit
2179 4769 2227 4814 te
2254 4759 2414 4826 Deus,
2448 4763 2499 4816 id
2547 4774 2650 4829 est,
2693 4769 2932 4821 membra
2992 4778 3100 4827 tua.
3137 4780 3190 4826 et
3241 4787 3437 4841 corpus

1861 4864 2007 4905 tuum
2032 4852 2273 4924 implevit
2304 4855 2458 4909 bonis
2484 4857 2616 4921 suis,
2646 4859 2699 4911 in
2736 4869 3010 4924 a'lcrnum,
3033 4863 3133 4917 hoc
3153 4875 3256 4928 est,
3284 4868 3333 4918 in
3362 4867 3436 4919 in.

1860 4946 2094 5000 ﬁnitum.
2134 4947 2292 5002 Vens.
2317 4947 2369 5011 4,
2391 4948 2442 5002 5.
2465 4950 2747 5018 Accingere
2769 4951 2946 5020 gladio
2971 4966 3058 5007 tuo
3082 4973 3236 5024 super
3263 4959 3434 5026 femur

1859 5051 2028 5104 tuum,
2055 5043 2433 5109 potentissime.
2464 5044 2646 5112 Specie
2682 5055 2770 5097 tua
2805 5058 2851 5098 et
2888 5048 3276 5114 pulchritudine
3317 5064 3428 5109 tua.

2459 5230 2501 5259 "‘
2537 5230 2693 5283 Rom.
2726 5247 2763 5296 ι,
2792 5231 2846 5284 5.
2936 5233 2978 5262 ⁸³
3020 5231 3182 5287 lCor.
3216 5249 3307 5291 xv.
3341 5238 3414 5292 10

171 5286 216 5321 ⁸ο
252 5285 386 5338 Luc.
421 5302 492 5351 tv,
524 5287 612 5340 2'2.
690 5289 732 5319 ⁵¹
763 5289 891 5346 Luc.
927 5309 987 5357 ιι,
1016 5289 1101 5342 52.
1179 5295 1223 5324 ⁵³
1260 5294 1411 5350 Vers.
1447 5295 1499 5349 8.
1576 5297 1619 5327 ⁵³
1645 5285 1772 5350 l’bili

1901 5314 1963 5362 ιι,
1990 5297 2044 5361 8,
2072 5296 2124 5349 9.
2204 5285 2318 5352 “'ll
2342 5301 2464 5354 Cor.
2502 5317 2618 5362 xm,
2641 5302 2695 5354 5.

246 5422 362 5494 (70)
395 5424 568 5497 Editio
613 5421 774 5478 Basil.
818 5434 869 5476 et
901 5435 1132 5493 quatuor
1185 5445 1312 5481 mss.
1343 5430 1581 5497 ἀγωγόν.
1620 5432 1746 5485 Edi-

172 5497 249 5543 ιῑυ
287 5509 412 5565 vero
444 5494 617 5546 Paris.
657 5503 711 5548 et
757 5504 867 5547 tres
905 5513 1031 5550 mss.
1071 5494 1400 5565 ἔειταγιιιγόν.⁷
1430 5494 1548 5552 Mox
1583 5503 1747 5555 editio

172 5564 340 5643 i'nsil.
374 5573 426 5616 et
449 5580 540 5616 sex
582 5580 708 5619 mss.
732 5565 888 5618 ὁλκὸν
918 5566 1049 5634 ἔχει.
1102 5564 1283 5622 Editio
1317 5570 1490 5624 Paris.
1523 5572 1747 5639 ἐφολκὸν

172 5654 188 5684 Ξ
234 5652 304 5684 ει.

245 5701 361 5784 t7!)
409 5702 799 5786 (Itiib._pritqlts
841 5707 959 5786 καθ’
1100 5709 1292 5763 Statim
1325 5720 1557 5779 quatuor
1615 5729 1741 5768 mss.

172 5773 347 5841 ’βιότῳ
384 5776 459 5826 τύ.
489 5774 624 5827 Εάὲιὶ
652 5776 810 5828 τοῦτο
843 5777 936 5845 τῷ.

1919 5433 2032 5509 (3:2)
2071 5435 2210 5509 lies.
2241 5439 2432 5509 tertius
2457 5437 2580 5490 ὅθεν
2599 5439 2777 5509 δῆλον.

1919 5503 2028 5571 (75)
2070 5504 2144 5557 lla
2179 5507 2329 5558 tuulti
2370 5524 2499 5561 mss.
2536 5503 2661 5562 cuni
2687 5511 2924 5565 editione
2965 5512 3127 5570 Basil.
3161 5516 3229 5570 At
3257 5518 3418 5574 editi.

1847 5573 2017 5646 Pa
2087 5578 2142 5626 ὲν
2172 5576 2319 5646 αὐτῷ
2344 5577 2501 5646 ἒχων.

1919 5645 2029 5721 (74.)
2057 5645 2550 5721 Ιίνςηιειίιὶιιενοῦχ
2584 5651 2943 5721 ἁμαρτήσεις.
2980 5656 3081 5706 Alii
3133 5657 3237 5709 duo
3291 5677 3416 5713 nisa,

1849 5715 1942 5782 οὐχ
1996 5716 2308 5794 ἁμαρτήσῃ.
2360 5715 2835 5794 βιιὶιιιυιοὶυιιι
2897 5728 3076 5794 ltt'gits
3123 5745 3318 5794 quarto
3368 5747 3420 5783 ct

1849 5794 2000 5839 sexto
2036 5787 2131 5854 οῦκ
2162 5787 2486 5857 ἁμαρτήσει.
