4068 6318
134 359 277 418 ιοι
1235 368 1524 423 HOMILIA
1564 368 1628 423 IN
1665 368 1745 423 PS

1846 369 1993 424 MUM
2037 362 2218 418 XLIV.
3316 377 3419 430 ισθ

138 492 272 545 νην
325 472 478 528 ποιοῦ
512 476 611 546 τὴν
646 478 983 547 ἐπιμέλειαν.
1021 482 1189 534 Τοῦτο
1216 481 1322 553 γὰρ
1349 482 1467 536 ὁδὸν
1509 482 1600 534 καὶ
1632 482 1745 552 δρό-

1860 482 1977 538 lens
2024 499 2145 538 esse
2199 485 2485 550 videatur,
2523 487 2665 555 quod
2714 486 3027 554 imperative
3078 487 3277 540 dictum
3329 490 3419 555 sit,

150 586 277 638 μον
316 569 545 638 παρέξει
566 569 643 639 τῷ
666 570 1000 642 κηρύγματι,
1031 576 1123 629 καὶ
1155 576 1361 638 πάντας
1406 574 1661 639 ὑποτάξει
1684 576 1745 645 τῇ

1856 574 2116 644 Prospere
2152 578 2387 644 procede,
2407 594 2530 633 curn
2559 594 2620 633 ea
2643 594 2761 647 qua:
2786 588 3056 648 optantur,
3080 594 3293 647 semper
3324 584 3421 635 hoc

154 660 440 731 βασιλείᾳ
482 678 595 714 σου.
622 664 711 733 Μὴ
743 663 993 727 ξενιζέτω
1030 665 1085 717 δὲ
1116 668 1260 736 ἡμᾶς
1289 666 1350 719 τὸ
1376 666 1745 738 προστατικῶς

1855 669 2015 721 modo
2042 666 2272 737 ﬁgurare
2303 667 2581 738 Scriptura
2629 669 2823 724 soleat.
2855 668 3115 723 Nimirum
3138 711 3151 732 ,
3182 667 3308 723 Fiat
3337 689 3425 723 t‘O-

147 751 439 819 λέγεσθαι
483 753 563 817 τὸ,
614 754 973 818 Κατευοὸοῦ,
1034 754 1123 808 διὰ
1178 755 1277 827 τὴν
1326 758 1613 829 συνήθειαν
1654 758 1745 829 τῆς

1852 760 2026 814 luutas
2071 770 2165 812 tua
2193 761 2262 825 ",
2292 775 2408 828 pro,
2450 762 2652 814 utinam
2684 762 2796 829 ﬁat.
2841 761 2970 816 Item
3008 776 3023 814 :
3056 761 3303 815 Adreniat
3338 778 3422 816 re-

148 844 408 915 Γραφῆς
432 844 605 909 οὕτως
634 847 721 899 ἀεὶ
748 847 1182 919 σχηματιξούσης
1204 849 1273 902 τὰ
1302 850 1550 904 εὐκτικὰ.
1568 854 1745 918 Γενη·

1854 866 2009 921 gnum
2053 862 2200 905 tuum
2232 852 2299 917 °°,
2334 866 2451 921 pro,
2488 853 2687 905 utinam
2711 853 2975 906 adveniat.

147 935 241 1001 θή
254 952 338 988 τω
366 936 473 1007 γὰρ
496 936 561 990 τὸ
588 937 813 1006 θέλημά
840 954 977 1003 σου,
1006 941 1125 993 ἀντὶ
1152 941 1266 1007 τοῦ,
1299 944 1572 1012 γενηθείη
1593 959 1607 971 θ
1636 945 1751 1006 καὶ,

168 1027 443 1082 Ἐλθέτω
472 1030 511 1097 ἠ
536 1031 821 1094 βασιλειά
842 1046 979 1097 σου,
1010 1034 1129 1085 ἀντὶ
1159 1034 1275 1098 τοῦ,
1294 1036 1455 1089 ἔλθοι
1477 1036 1609 1106 (81).

237 1119 302 1175 6.
339 1121 580 1176 Ἕνεκεν
605 1123 889 1190 ἀληθείας
920 1125 1016 1177 καὶ
1034 1128 1365 1194 πραότητος
1395 1129 1491 1181 καὶ
1527 1128 1750 1181 δικαιο-

148 1214 379 1281 σύνης
400 1230 415 1245 ·
446 1216 543 1268 καὶ
566 1214 850 1283 ὁδηγήσει
874 1232 946 1270 σε
978 1220 1331 1288 θαυμαστῶς
1356 1222 1394 1289 η
1425 1220 1591 1285 δεξιά
1612 1236 1748 1275 σου.

154 1306 354 1358 Πάλιν
383 1310 412 1360 ὁ
443 1307 595 1376 λόγος
617 1310 813 1381 ὁμοίως
838 1312 1255 1382 ἐσχημάτισται,
1288 1313 1528 1383 ὡσπερεὶ
1560 1312 1751 1382 μισθὸν

151 1397 351 1450 ταῦτα
395 1398 756 1469 λαμϐάνοντος
784 1402 876 1454 τοῦ
930 1403 1155 1474 Κυρίου,
1180 1404 1241 1455 τὸ
1280 1403 1750 1457 κατευοδοῦσθαι

153 1492 269 1543 καὶ
302 1491 681 1556 βασιλεύειν,
722 1494 873 1560 ὑπὲρ
913 1496 1215 1562 ἀληθείας,
1264 1495 1361 1548 καὶ
1394 1496 1748 1563 πραότητος,

152 1582 275 1634 καὶ
299 1582 712 1652 δικαιοσύνης.
743 1589 834 1639 Δεῖ
859 1587 917 1641 δὲ
954 1588 1093 1640 οὕτω
1121 1590 1261 1643 νοεῖν
1286 1606 1298 1619 ·
1337 1589 1417 1641 ὅτι
1452 1589 1637 1659 ἐπειδὴ
1673 1588 1751 1659 τῷ

150 1673 361 1741 ψεύδει
390 1676 840 1748 προδιέστραπται
860 1680 925 1731 τὰ
955 1679 1287 1750 ἀνθρώπινα,
1316 1682 1401 1733 ἵνα
1428 1680 1751 1751 ἐπισπείρῃς

154 1767 271 1836 τὴν
298 1767 574 1838 ἀλήθειαν,
601 1770 849 1839 βασίλευε
878 1774 937 1824 ὲν
961 1774 1071 1835 τοῖς
1104 1772 1411 1843 ἀνθρώποις
1442 1775 1556 1835 τοῖς
1596 1772 1747 1842 βασι-

153 1854 485 1927 λευομένοις
518 1860 620 1912 ὑπὸ
644 1862 744 1931 τῆς
768 1863 1040 1933 ἁμαρτίας
1060 1880 1073 1892 ·
1122 1864 1185 1914 σὺ
1217 1863 1324 1933 γὰρ
1356 1859 1405 1915 εἷ
1435 1865 1467 1933 ἠ
1497 1863 1740 1933 ἀλήθεια.

156 1951 308 2013 Καὶ,
339 1952 591 2007 Ἕνεκεν
635 1956 985 2022 πραότητος,
1024 1956 1109 2007 ἵνα
1140 1954 1217 2024 τῷ
1257 1955 1399 2008 κατὰ
1457 1956 1517 2008 σὲ
1543 1956 1746 2009 ὑποδεί-

154 2060 195 2108 γ
208 2060 347 2110 ματι
370 2044 568 2107 πάντες
582 2047 660 2107 είς
677 2046 974 2097 ἐπιείκειαν
992 2046 1083 2097 καὶ
1099 2046 1441 2115 χρηστότητα
1459 2045 1743 2116 προαχθῶ-

158 2155 219 2188 σι
254 2137 391 2205 (82).
425 2140 513 2189 Διὸ
538 2141 632 2192 καὶ
688 2141 715 2191 ὁ
742 2140 945 2209 Κύριος
978 2140 1159 2208 ἐλεγεο
1196 2140 1422 2194 Μάθετε
1450 2142 1550 2195 ἀπ’
1578 2142 1743 2211 ἐμοῦ,

156 2227 255 2278 ὅτι
287 2227 477 2294 πρᾶός
519 2232 633 2298 ειμι
672 2231 769 2283 καὶ
796 2230 1073 2298 ταπεινὸς
1098 2232 1172 2301 τῇ
1196 2234 1426 2301 καρδίᾳ.
1465 2234 1573 2286 Καὶ
1609 2234 1743 2286 ἀπό-

154 2318 338 2382 δειξιν
386 2320 673 2391 παρείχετο
723 2321 823 2392 τῆς
898 2323 1205 2394 πραότητος
1264 2326 1349 2375 ἐπ’
1409 2323 1585 2377 αὐτῶν
1634 2321 1744 2374 τῶν

157 2412 351 2483 ἔργων
376 2429 390 2443 ·
422 2412 848 2485 λοιδορουμενος,
876 2414 1116 2468 ἐσιώπαο
1149 2415 1559 2483 μαστιζόμενος,
1594 2414 1743 2483 ὴνεί-

159 2521 320 2574 χετο.
352 2507 465 2559 Καὶ
508 2507 792 2576 ὁδηγήσει
830 2523 904 2561 σε
937 2506 1291 2575 θαυμαστῶς
1324 2507 1359 2573 ἡ
1405 2506 1576 2569 δεξιὰ
1603 2522 1742 2562 σου.

162 2599 309 2668 Οὐχὶ
342 2598 532 2663 στῦλος
588 2600 835 2668 νεφέλης,
883 2599 1001 2651 οὐδὲ
1054 2599 1330 2670 φωτισμὸς
1381 2601 1572 2672 πυρὸς,
1626 2602 1745 2655 ἀλλ’

161 2691 311 2760 αὑτὴ
340 2693 373 2761 ἡ
406 2691 555 2757 δεξιά
588 2708 702 2745 σου.
760 2694 837 2745 Τὰ
872 2691 1031 2760 ,βέλη
1085 2709 1203 2747 σου
1233 2692 1597 2763 ἠκονημένα,
1638 2695 1741 2748 δυ-

163 2780 315 2835 νατέ
338 2781 469 2849 (85).
499 2782 637 2854 Βέλη
674 2780 769 2835 τοῦ
795 2782 1022 2837 δυνατοῦ
1056 2784 1371 2855 ἠκονημένα
1403 2786 1550 2837 ἐστὶν
1584 2786 1631 2837 οἱ
1659 2785 1746 2838 εὖ-

167 2890 355 2943 στοχοι
406 2873 587 2942 λόγοι,
638 2877 689 2927 οί
732 2874 1148 2947 καθικνούμενοι
1211 2876 1311 2947 τῆς
1367 2876 1591 2947 καρδίας
1639 2876 1747 2930 τῶν

164 2967 562 3036 ἀκροωμένων,
594 2968 878 3038 βάλλοντες
907 2970 999 3021 καὶ
1022 2967 1415 3039 τιτρώσκοντες
1462 2970 1558 3031 τὰς
1594 2970 1744 3023 εὐαι-

169 3058 403 3128 σθήτους
420 3059 614 3129 ψυχάς.
641 3062 815 3129 Λόγοι
846 3061 975 3128 γὰρ,
1006 3060 1159 3128 φησὶ,
1186 3057 1394 3127 σοφῶν
1413 3060 1492 3125 ὡς
1514 3058 1585 3111 τὰ
1599 3060 1748 3122 βού-

1922 1124 1975 1177 6.
2008 1120 2230 1193 Propter
2259 1126 2609 1190 veritatem,et
2650 1125 3103 1177 mansuetudinem
3128 1165 3142 1187 ,
3183 1135 3229 1178 et
3256 1126 3420 1194 justi-

1850 1216 1977 1268 tiam
2004 1232 2025 1280 ;
2059 1226 2104 1270 et
2143 1216 2357 1270 deducet
2390 1225 2437 1269 te
2485 1217 2795 1271 mirabiliter
2831 1218 3045 1271 dextera
3073 1228 3184 1272 tua.
3216 1217 3420 1273 Rursus

1850 1305 1935 1358 hic
1983 1320 2162 1359 sermo
2210 1305 2471 1375 ﬁguratus
2522 1316 2636 1372 est,
2668 1306 2886 1376 perinde
2934 1322 2999 1361 ac
3052 1310 3097 1361 si
3157 1308 3419 1362 Dominus

1850 1398 2112 1452 mercedis
2150 1397 2269 1452 loco
2321 1399 2553 1467 accipiat
2600 1399 2685 1454 illa
2708 1438 2722 1463 ,
2752 1415 2993 1469 prospere
3023 1401 3320 1467 procedere,
3370 1412 3419 1454 et

1851 1505 2087 1558 regnare,
2140 1504 2350 1557 nempe,
2393 1501 2603 1558 propter
2643 1491 2926 1553 veritatem,
2956 1501 3004 1543 et
3050 1494 3417 1545 mansuetudi-

1850 1599 1988 1644 nem,
2021 1593 2069 1635 et
2090 1582 2378 1651 justitiam.
2407 1583 2629 1653 Oportet
2650 1595 2828 1639 autem
2857 1585 3152 1655 intelligere
3177 1585 3277 1639 hoc
3304 1602 3419 1637 mo-

1852 1675 1919 1728 do
1956 1691 1968 1725 :
1998 1677 2251 1742 quoniam
2276 1688 2362 1728 res
2395 1674 2639 1729 humana:
2680 1674 2905 1727 inversa:
2947 1686 3070 1727 sunt
3112 1676 3415 1741 mendacio,

1854 1774 1911 1819 ut
1941 1780 2087 1819 seras
2110 1764 2414 1829 veritatem,
2437 1779 2596 1832 regna
2630 1764 2680 1817 in
2706 1763 3016 1817 hominibus
3039 1774 3257 1833 peccato
3286 1767 3417 1819 sub-

1842 1859 2001 1928 jectis
2035 1874 2051 1913 :
2084 1868 2137 1911 tu
2180 1857 2322 1911 enim
2371 1874 2428 1911 es
2461 1858 2576 1927 ipsa
2625 1859 2843 1912 veritas.
2882 1858 2971 1919 Et,
3030 1856 3246 1924 Propter
3275 1874 3418 1911 mau-

1846 1952 2197 2014 suetudinsm,
2230 1962 2287 2005 ut
2330 1964 2518 2005 omnes
2570 1950 2819 2019 exetnplo
2852 1960 2939 2003 tuo
2980 1950 3043 2002 ad
3070 1951 3415 2004 clementiam

1845 2055 1898 2099 et
1951 2044 2247 2100 bonitatem
2278 2045 2656 2114 perducantur.
2707 2043 3067 2109 Quamobrem
3118 2046 3279 2096 etiam
3319 2041 3419 2095 Do-

1847 2136 2021 2190 minus
2061 2136 2271 2190 dicebat
2298 2153 2310 2187 :
2341 2132 2532 2188 Discite
2559 2151 2588 2185 a
2614 2149 2691 2186 me
2717 2136 2855 2203 quod
2884 2135 3022 2187 mitis
3045 2150 3155 2187 sum
3184 2146 3230 2187 et
3248 2133 3421 2185 Immi-

1844 2227 1909 2279 lis
1941 2226 2097 2279 corde
2141 2225 2206 2275 ⁶¹.
2239 2224 2378 2291 Quin
2422 2233 2478 2278 et
2532 2225 2690 2279 istam
2746 2224 3209 2278 mansuetudinem
3259 2221 3421 2276 factis

1844 2320 1977 2385 ipsis
2007 2319 2242 2373 ostendit
2276 2336 2288 2372 :
2328 2317 2524 2388 quippe
2559 2316 2771 2371 tacebat
2797 2318 3059 2371 conviciis
3094 2311 3424 2372 lacessitus;

1843 2410 2026 2479 ﬂagris
2063 2424 2255 2477 cursus,
2295 2410 2618 2480 perferebat.
2649 2408 2715 2463 Et
2764 2412 2978 2464 deducet
3027 2420 3074 2463 te
3109 2411 3424 2463 mirabiliter

1845 2504 2057 2558 dextera
2081 2516 2193 2557 tua.
2214 2504 2330 2559 Non
2362 2504 2610 2559 columna
2642 2505 2819 2572 nubis,
2843 2519 2947 2559 non
2983 2506 3121 2575 ignis
3146 2503 3420 2571 splendor,

1844 2598 1937 2650 sed
1962 2596 2073 2664 ipsa
2105 2598 2327 2652 dextera
2380 2607 2493 2651 tua.
2529 2599 2689 2653 Vens.
2719 2596 2772 2651 6.
2823 2596 3045 2667 Sagitta:
3093 2610 3196 2651 tute
3230 2606 3420 2662 acutar,

1842 2689 2221 2755 potentissime.
2250 2690 2438 2744 Acuta:
2479 2691 2712 2758 potentis
2742 2691 2955 2759 sagittae
2986 2706 3264 2745 sermones
3295 2698 3424 2743 sunt

1845 2780 2073 2848 appositi
2113 2797 2178 2835 ac
2210 2782 2457 2845 solerles,
2489 2784 2578 2850 qui
2617 2784 2925 2836 auditorum
2960 2784 3268 2850 pertingunt
3300 2798 3421 2835 cor-

1844 2874 1933 2938 da,
1969 2874 2270 2945 feriuntque
2300 2884 2357 2931 et
2402 2874 2650 2930 sauciant
2698 2875 2908 2929 animas
2963 2890 3124 2928 sensu
3178 2872 3322 2929 facili
3359 2887 3423 2926 ac

1848 2974 2094 3033 prompto
2137 2966 2407 3033 prcetlitas.
2459 2963 2626 3019 Verba
2674 2967 2831 3026 enim.
2861 2964 3057 3033 inquit,
3082 2965 3421 3031 sapientium,

1845 3057 1982 3109 sicut
2005 3057 2202 3110 stimuli
2236 3056 2426 3110 bonum
2458 3058 2521 3109 ⁶¹.
2551 3057 2728 3122 Quare
2762 3068 2816 3110 et
2855 3056 3136 3110 Psaltnista
3164 3073 3193 3108 a
3222 3056 3423 3110 dolosis

169 3167 407 3219 κεντρα.
449 3152 540 3204 Διὸ
570 3152 663 3204 καὶ
704 3152 733 3201 ὁ
779 3150 1078 3219 Ψαλμῳδὸς
1128 3151 1390 3221 ρυσθῆναί
1447 3167 1575 3203 ποτε
1634 3150 1744 3204 ἀπὸ

1846 3146 2152 3203 hominibus
2201 3149 2376 3201 relatis
2428 3162 2539 3202 suae
2575 3148 2867 3217 aliquando
2917 3148 3133 3203 liberari
3174 3148 3421 3216 cupiens,

168 3242 283 3294 τῶν
304 3241 533 3310 ὼλερῶν
563 3240 673 3293 τῶν
705 3241 841 3293 κατὰ
874 3240 971 3311 τὴν
998 3240 1193 3309 γενεὰν
1222 3240 1385 3294 αὐτοῦ
1430 3242 1739 3312 εὐχόμενος,

170 3335 254 3397 είς
290 3334 582 3404 θεραπείαν
620 3332 873 3404 γλώσσης
902 3334 1081 3397 δολίας
1114 3333 1181 3387 τὰ
1224 3333 1354 3405 βέλη
1400 3334 1493 3388 τοῦ
1519 3334 1743 3388 δυνατοῦ

173 3427 485 3498 ἠκονημένα
524 3427 693 3498 ζητεῖ.
736 3426 1013 3495 Ἐπιζητεῖ
1047 3425 1102 3478 δὲ
1159 3427 1252 3478 καὶ
1288 3428 1415 3489 τοὺς
1467 3426 1742 3498 ἄνθρακας

175 3521 431 3590 παρεῖναι
476 3520 617 3585 τοὺς
665 3518 984 3587 ἐρημικούς
1005 3534 1016 3546 ·
1052 3518 1191 3569 ὥστε
1230 3518 1369 3570 ὅσων
1405 3518 1471 3571 ἂν
1502 3520 1575 3589 μὴ
1612 3519 1744 3572 καθ-

175 3610 379 3679 άψηται
407 3608 494 3661 διά
516 3608 617 3677 τὴν
642 3606 897 3675 πώρωσιν
918 3604 1015 3674 τῆς
1045 3605 1269 3677 καρδίας
1293 3607 1359 3659 τά
1379 3606 1570 3675 λογικά
1589 3606 1739 3678 βέλη,

177 3698 380 3760 τούτοις
402 3694 623 3765 ἑτοίμην
646 3690 785 3748 εἶναι
810 3693 908 3765 τὴν
940 3694 1178 3759 κόλασιν,
1203 3697 1269 3768 ἣν
1304 3697 1396 3749 καὶ
1424 3697 1741 3767 ὲρημικοὺς

180 3792 446 3864 ἄνθρακας
495 3791 954 3864 προσηγόρευσεν.
992 3790 1147 3845 Ὅσοι
1203 3792 1311 3865 γὰρ
1361 3794 1601 3865 ἐρήμους
1648 3793 1741 3847 τοῦ

180 3881 311 3936 Θεοῦ
332 3882 668 3953 κατέστησαν
684 3883 931 3947 ἑαυτοὺς,
952 3882 1159 3945 τούτοις
1182 3884 1476 3951 ἀναγκαῖος
1501 3886 1527 3937 ὁ
1553 3886 1741 3956 εὑτρε-

184 3974 379 4044 πισμὺς
412 3974 519 4027 τῶν
543 3973 827 4044 ὲρημικῶν
856 3972 1163 4043 ἀνθράκων.
1206 3973 1319 4025 Νῦν
1358 3970 1450 4026 οὗν
1495 3975 1569 4029 Τὰ
1583 3976 1739 4043 βέλη

181 4080 296 4117 σου
322 4062 682 4131 ἠκονημένα.
720 4064 814 4115 Ἐκ
838 4062 1042 4114 τούτων
1076 4062 1183 4114 τῶν
1220 4062 1389 4132 βελῶν
1417 4065 1741 4135 τιτρώσκον-

183 4174 269 4208 ται
300 4156 351 4208 al
387 4154 823 4225 παραδεξάμεναι
851 4155 950 4225 τὴν
989 4156 1171 4207 πίστιν
1203 4156 1392 4227 ψυχαὶ,
1428 4158 1519 4210 καὶ
1543 4162 1621 4223 είς
1644 4160 1742 4231 τὴν

184 4252 350 4321 ἄκραν
382 4250 475 4303 τοῦ
507 4249 640 4304 Θεοῦ
670 4250 892 4322 ἀγάπην
922 4251 1271 4305 ὲκκαυθεῖσαι
1310 4252 1524 4321 λέγουσι
1575 4267 1743 4326 παρα-

187 4342 414 4413 πλησίως
442 4344 507 4413 τῇ
538 4342 721 4413 νύμφῃ
744 4343 823 4405 τὸ,
850 4342 1180 4412 Τετρωμένη
1210 4344 1444 4413 ἀγάπης
1463 4346 1575 4413 ἐγώ
1602 4349 1737 4415 ειμι.

196 4435 595 4505 ’Δνεκδιήγητον
624 4435 681 4487 δὲ
714 4434 807 4488 καὶ
845 4434 1084 4505 ἄρρητον
1121 4436 1180 4486 τὸ
1213 4436 1305 4487 τοῦ
1333 4436 1488 4503 λόγου
1517 4438 1737 4502 κάλλος,

187 4527 277 4579 καί
321 4526 476 4597 ἡτῆς
522 4528 711 4594 σοφίας
754 4528 1045 4597 ὡραιότης,
1083 4530 1173 4581 καὶ
1211 4533 1243 4600 ἡ
1276 4529 1369 4581 τοῦ
1402 4530 1537 4583 Θεοῦ
1574 4534 1631 4585 ὲν
1672 4535 1739 4603 τῇ
1777 4505 1818 4559 D

186 4617 342 4670 εἰκόνι
375 4617 538 4671 αὐτοῦ
571 4622 771 4691 μορφή.
823 4621 1099 4693 Μακάριοι
1128 4619 1241 4688 οὖν,
1269 4623 1317 4675 οἱ
1346 4622 1440 4676 τοῦ
1487 4625 1741 4693 ἀληθινοῦ

185 4710 399 4774 κάλλους
424 4710 829 4780 φιλοθεάμονες.
850 4714 1025 4766 Οίονεὶ
1050 4713 1158 4784 γὰρ
1192 4714 1575 4785 προσδεθέντες
1596 4715 1744 4787 αὐτῷ

186 4805 272 4857 διὰ
300 4803 392 4873 τῆς
423 4804 662 4875 ἀγάπης,
699 4806 794 4856 καὶ
824 4805 913 4857 τὸν
941 4808 1259 4877 ἐπουράνιον
1289 4810 1381 4862 καὶ
1408 4811 1743 4879 μακαριστὸν

188 4894 404 4965 ἐρῶντες
439 4896 636 4966 ἔρωτα,
674 4896 1116 4951 ἐπιλανθάνονται
1151 4899 1249 4967 μὲν
1287 4899 1502 4954 οἰκείων
1531 4903 1623 4954 καὶ⁸
1656 4901 1741 4966 φί-

190 4992 313 5041 λων’
345 4988 786 5044 ἐπιλανθάνονται
825 4990 880 5044 δὲ
915 4993 1063 5043 οἴκου
1110 4993 1201 5043 καὶ
1238 4994 1553 5063 περιουσίας
1599 4995 1740 5049 άπά-

192 5099 305 5151 σης·
334 5081 674 5151 ἐκλαθόμενοι
698 5082 753 5135 δὲ
784 5083 989 5153 καὶτῆς
1020 5085 1334 5154 σωματικῆς
1361 5087 1437 5147 είς
1459 5087 1518 5137 τὸ
1543 5087 1741 5141 ἐσθίειν

257 5266 296 5296 ⁸*
324 5264 505 5321 Matth.
531 5281 603 5331 νι,
632 5264 717 5318 l0.
797 5266 839 5295 °°
872 5265 999 5318 ibid.
1077 5264 1119 5295 “
1152 5262 1334 5318 Matth.
1357 5281 1433 5330 χι,
1467 5264 1555 5319 29.
1634 5270 1677 5299 “
1710 5267 1889 5324 Eccie.
1919 5282 2017 5333 stt,
2046 5267 2131 5321 Η.

260 5399 357 5467 (81)
393 5401 482 5454 Sic
520 5402 758 5470 quinque
810 5416 938 5452 mss.
989 5417 1109 5455 cum
1158 5402 1393 5455 editione
1458 5402 1622 5457 Basil.
1674 5403 1742 5458 At

195 5474 343 5524 editio
380 5470 547 5523 Paris.
592 5472 740 5541 ἔλθῃ.
772 5470 877 5523 Nec
906 5471 979 5523 ita
999 5472 1165 5523 multo
1191 5482 1312 5535 post
1334 5474 1574 5539 quinque
1610 5491 1739 5526 mss.

205 5544 351 5614 ’Υπὲρ
372 5540 646 5611 ἀληθείας.
664 5531 801 5614 Eiliti
824 5543 1047 5593 Ἕνεκεν
1080 5531 1365 5614 ἀληθείαςί
1391 5531 1582 5595 Staiitn
1614 5559 1745 5606 qna-

196 5625 303 5665 tuor
327 5612 454 5664 mss.
489 5627 610 5683 cttm
637 5612 871 5665 editione
894 5614 1054 5683 Basil.
1078 5613 1591 5683 προσδιέστραπται.
1624 5615 1745 5665 Edi-

196 5688 263 5733 tio
320 5698 442 5737 vero
510 5680 683 5735 Paris.
741 5700 861 5735 cum
916 5682 1066 5735 Coll).
1122 5680 1279 5736 Sexto
1348 5683 1738 5753 προςόιέστρα-

197 5770 297 5809 «to.

257 5824 503 5887 mittam;
536 5822 845 5891 ἐναχθῶσιν.
874 5825 937 5876 At
961 5838 1085 5877 mss.
1110 5822 1339 5892 quinque
1372 5823 1733 5901 προτιμῶσιν,

1843 3249 2032 3295 acutas
2067 3239 2304 3309 potentis
2332 3238 2561 3310 sagittas
2590 3242 2850 3310 exquirit,
2875 3256 2975 3310 pro
3007 3241 3203 3310 linguae
3229 3239 3425 3294 dolosae

1844 3331 2104 3387 remedio.
2139 3330 2343 3397 Quzerit
2393 3332 2575 3386 itidem
2632 3333 2893 3387 carbones
2937 3332 3127 3385 adesse
3169 3333 3404 3384 desolato

1845 3425 1947 3478 rios
1965 3423 2037 3489 “,
2072 3431 2132 3478 ut
2187 3438 2324 3493 quos
2371 3422 2440 3477 ob
2493 3423 2751 3477 callosum
2787 3423 2969 3478 cordis
3020 3422 3272 3477 duritiem
3314 3435 3423 3475 non

1844 3526 2071 3585 tangunt
2117 3515 2426 3586 spirituales
2477 3514 2724 3583 sagittae,
2764 3514 2829 3570 iis
2885 3524 3170 3584 parentum
3203 3514 3273 3569 sit
3299 3528 3425 3583 sup-

1842 3606 2083 3677 plicium,
2122 3607 2264 3676 quod
2308 3608 2573 3662 carbones
2602 3606 2767 3662 etiam
2812 3608 3164 3662 desolatorios
3195 3607 3428 3677 appella-

1841 3702 1919 3755 vit
1961 3701 2283 3771 Quicunque
2311 3700 2455 3757 enim
2488 3700 2658 3757 Deum
2698 3701 3009 3764 deseruere,
3035 3702 3102 3755 iis
3128 3701 3425 3754 carbonum

1843 3796 2289 3852 desolatoriorum
2322 3806 2611 3865 apparatus
2644 3794 2983 3848 necessarius
3005 3803 3109 3849 est.
3143 3793 3295 3848 Nunc
3330 3795 3427 3862 igi-

1846 3898 1931 3942 tur
1957 3887 2177 3955 Sagittaz
2211 3896 2315 3939 tute
2342 3896 2531 3939 acutis.
2553 3885 2683 3952 Qua:
2717 3886 2877 3941 tidem
2932 3886 3253 3955 amplexata:
3300 3897 3427 3942 sunt

1844 3980 2056 4043 animae,
2077 3979 2159 4034 his
2175 3977 2488 4035 sanciantur
2504 3980 2715 4049 sagittis
2736 3995 2750 4044 ;
2770 3991 2823 4035 et
2842 3980 2929 4034 ubi
2952 3994 3161 4034 summa
3182 3981 3234 4033 in
3256 3979 3424 4034 Deum

1843 4070 2110 4127 charitate
2131 4070 2453 4138 exarserint,
2490 4072 2694 4140 pariter
2721 4086 2786 4125 ac
2810 4086 3006 4142 sponsa
3041 4074 3263 4126 dicunt:
3296 4070 3427 4124 Vul-

1843 4174 2027 4218 nerata
2060 4166 2315 4217 charitate
2340 4179 2434 4233 ego
2462 4178 2577 4217 sum
2601 4163 2668 4219 “.
2690 4164 2859 4219 Porro
2882 4164 3033 4220 verbi
3057 4165 3425 4235 pulchritudo,

1843 4258 2120 4326 sapientia:
2148 4256 2376 4325 species,
2396 4271 2459 4311 ac
2488 4256 2581 4310 Dei
2606 4257 2657 4311 in
2686 4258 2853 4327 ipsius
2881 4258 3110 4326 imagine
3140 4257 3309 4310 forma
3347 4258 3426 4310 in-

1844 4348 2175 4417 eXplicabilis
2198 4360 2283 4405 est
2322 4365 2387 4405 ac
2431 4350 2738 4405 inell‘abilis.
2775 4350 2923 4403 Beati
2958 4351 3142 4419 igitur,
3183 4350 3274 4420 qui
3306 4366 3429 4406 con-

1846 4442 2166 4511 templanda:
2221 4457 2364 4496 vera:
2399 4442 2543 4495 illius
2585 4442 3007 4509 pulchritudinis
3058 4453 3187 4498 sunt
3224 4445 3423 4512 cupidi.

1849 4535 1982 4591 Nam
2010 4536 2155 4590 velut
2188 4534 2312 4589 huic
2339 4534 2538 4602 alligati
2579 4548 2673 4603 per
2702 4534 3075 4599 dilectionem,
3120 4536 3427 4590 caelestem-

1849 4644 1953 4699 que
1981 4637 2032 4684 et
2055 4628 2214 4698 plane
2242 4630 2457 4681 beatum
2506 4638 2748 4682 amantes
2780 4642 3015 4682 amorem
3042 4667 3056 4691 ,
3100 4628 3427 4698 propinquo-

1852 4739 1969 4778 rum
1994 4720 2387 4776 obliviscuntur
2413 4728 2468 4775 et
2492 4720 2828 4775 amicorum:
2876 4721 3000 4775 item
3050 4720 3238 4773 domus
3286 4720 3424 4773 obli-

1847 4813 2128 4867 viscuntur
2161 4818 2214 4864 et
2239 4824 2400 4880 opum
2445 4809 2723 4874 omnium;
2764 4809 2871 4863 imo
2905 4805 3060 4877 165
3096 4809 3257 4859 etiam
3305 4820 3426 4859 cor-

1847 4904 2089 4974 poralem
2129 4902 2323 4957 edendi
2366 4911 2421 4954 et
2451 4899 2671 4955 bibendi
2718 4901 3093 4954 necessitatem
3122 4897 3295 4963 obliti,
3326 4898 3425 4953 soli

1848 4996 2029 5051 divino
2063 5009 2128 5049 ac
2164 5007 2299 5062 puro
2337 4992 2509 5046 amori
2565 4990 2704 5045 aﬂixi
2740 5001 2883 5045 sunt.
2922 4990 3221 5060 Intelligere
3246 4998 3423 5042 autem

1846 5087 2020 5157 possis
2046 5086 2266 5155 sagittas
2304 5093 2486 5139 acutas
2515 5098 2609 5139 eos
2640 5083 2824 5148 etiam,
2851 5084 2940 5153 qui
2968 5082 3033 5135 ad
3064 5081 3423 5135 disseminan-

2208 5266 2253 5297 "
2278 5264 2424 5321 Psal.
2450 5279 2596 5329 CXIX,
2625 5263 2677 5318 4.
2756 5264 2799 5295 ⁸⁸
2833 5264 2987 5318 Cant.
3024 5279 3080 5326 ιι,
3113 5261 3165 5315 5.

1924 5404 2032 5472 (83)
2060 5404 2133 5456 Ita
2168 5416 2382 5469 quoque
2408 5400 2607 5471 legitur
2636 5400 2774 5469 apud
2802 5398 2965 5472 LXX,
3001 5402 3095 5453 sed
3127 5415 3308 5472 vocem
3331 5400 3417 5453 δυ-

1853 5475 1982 5527 νατέ
2008 5470 2111 5527 non
2144 5474 2387 5535 agnoscit.
2406 5470 2809 5533 Eusebius,nec
2832 5470 3049 5523 duhium
3070 5471 3195 5535 quin
3227 5470 3420 5525 abesse

1856 5554 2125 5611 oporteat.
2170 5542 2331 5595 Notat
2386 5542 2529 5595 enim
2586 5541 2947 5608 Hieronymus
2982 5541 3044 5593 3d
3078 5540 3325 5611 Simiam,
3363 5542 3414 5593 id

1851 5610 2172 5669 vocabulum
2208 5613 2533 5677 redundare,
2562 5621 2724 5681 atque
2754 5626 2783 5663 e
2818 5611 3097 5680 superiore
3124 5610 3239 5665 loco
3265 5611 3419 5664 addi-

1847 5696 2160 5816 m't'i'il‘isi'ia
2202 5753 2395 5823 λογικά
2434 5754 2483 5808 in
2516 5750 2781 5824 aliquibus
2824 5768 2950 5806 mss.
2988 5766 3091 5807 non
3124 5750 3408 5821 reperitur.
