4098 6324
653 380 752 433 “‘7

1983 374 2039 430 S.
2082 375 2329 432 BASiLll
2368 374 2583 431 MACNI

3815 370 3915 427 ωε

641 490 849 549 Christi
907 491 1078 545 bonus
1128 491 1263 546 odor
1318 492 1591 564 myrrham
1646 493 1863 561 quidem
1918 494 2108 564 spirat,
2152 497 2220 551 ob

2324 493 2624 565 γορεύεται.
2641 491 2847 547 Οὐκοῦν
2865 494 2959 545 καὶ
2982 492 3240 547 ἀποπνέει
3258 492 3290 564 ἡ
3307 490 3401 544 τοῦ
3423 491 3668 562 Χριστου
3693 493 3917 564 εὐωδία,

645 584 953 655 passionem
992 598 1006 634 ε
1044 591 1254 642 mittam
1291 597 1438 646 vero,
1470 582 1609 651 quod
1653 598 1758 638 non
1806 584 2094 640 immobilis
2123 600 2219 642 nec

644 678 854 733 Otiosus
889 685 980 727 aut
1014 673 1260 730 inelIicax
1300 676 1659 745 permanserit
1696 679 1866 734 tribus
1897 678 2000 732 illis
2035 678 2222 737 diebus

644 782 711 822 ac
743 768 1015 829 noctibus,
1039 768 1131 822 sed
1167 768 1219 823 in
1251 769 1523 822 infernum
1557 769 1920 834 descenderit,
1945 771 2014 824 ob
2042 784 2222 826 resur—

647 861 912 916 rectionis
969 861 1467 931 dispensationem,
1523 873 1584 918 ut
1646 866 1826 920 omnia
1876 878 1998 932 quae
2051 864 2117 918 ad
2165 881 2222 919 se

646 956 966 1023 spectabant
1018 955 1284 1024 expleret.
1334 955 1550 1011 Casiam
1590 959 1804 1012 tandem
1846 956 2035 1024 spirat,
2077 959 2222 1026 quod

645 1051 789 1105 casia
823 1066 1006 1108 cortex
1048 1059 1135 1106 est
1182 1051 1558 1114 tenuissimus.
1591 1062 1642 1106 et
1669 1052 1805 1104 bene
1842 1051 2016 1115 olens,
2049 1051 2224 1120 lignu-

645 1159 765 1198 sum
815 1142 1116 1200 obtendens
1163 1145 1459 1200 calamum.
1510 1143 1784 1198 Fortassis
1828 1143 1993 1212 igitur
2043 1145 2222 1198 crucis

642 1236 954 1306 passionem
1015 1235 1188 1304 gratia
1260 1237 1527 1290 universae
1589 1243 1852 1288 creaturae
1914 1247 2219 1304 susceptam

647 1328 756 1383 alte
805 1328 959 1382 nobis
1011 1343 1074 1383 ac
1123 1330 1402 1400 sapienter
1448 1341 1546 1396 per
1594 1326 1754 1381 casiae
1806 1343 1998 1382 nomen
2049 1327 2223 1383 innuit

648 1418 952 1490 Scriptura.
1004 1420 1182 1477 Habes
1226 1434 1354 1486 ergo
1408 1419 1686 1489 myrrham
1737 1419 1806 1472 ob
1851 1418 2219 1488 sepulturam,

646 1523 856 1584 guttam
902 1513 970 1568 ob
1023 1513 1337 1566 descensum
1386 1509 1450 1564 ad
1500 1509 1702 1565 inferos
1749 1510 2218 1580 («ptandoquidem

646 1604 825 1654 omnis
855 1601 1104 1654 deorsum
1145 1596 1364 1665 fertur),
1397 1599 1600 1653 casiam
1638 1615 1788 1664 vero,
1835 1601 1904 1653 ob
1953 1601 2136 1654 carnis
2169 1602 2222 1654 in

649 1692 793 1759 ligno
827 1689 1312 1758 dispensationem.
1343 1689 1421 1744 Ex
1449 1690 1549 1746 bac
1577 1700 1756 1744 autem
1787 1705 1951 1744 causa
1982 1689 2223 1745 Delecta-

645 1793 849 1847 verunt,
886 1782 1082 1852 inquit,
1117 1793 1164 1837 te
1212 1782 1337 1852 ﬁlia:
1379 1801 1555 1854 regum
1604 1785 1657 1837 in
1706 1783 1902 1837 honore
1943 1794 2054 1840 tuo.
2094 1785 2223 1850 Quae

2325 587 2571 658 σμύρνης
2625 590 2723 658 μὲν
2765 586 2853 639 διὰ
2891 585 2955 639 τὺ
2988 587 3179 651 πάθος,
3224 583 3460 654 στακτῆς
3513 584 3572 637 δὲ
3623 586 3714 640 διὰ
3757 587 3822 639 τὸ
3845 586 3915 656 μὴ

2322 678 2576 749 ἀκίνητον
2631 683 2806 750 μεῖναι
2866 678 3000 749 μηδὲ
3050 679 3408 750 άνενέργητον
3455 676 3514 728 ὲν
3559 678 3688 739 ταῖς
3738 677 3916 745 τρισὶν

2323 773 2556 843 ἡμέραις
2584 775 2676 826 καὶ
2696 777 2814 837 ταῖς
2833 772 2980 844 τρισὶ
3005 771 3174 836 νυξὶν,
3203 775 3336 827 ἀλλὰ
3370 768 3656 826 κατελθεῖν
3674 773 3764 832 είς
3793 772 3914 840 ᾅδου

2322 865 2421 935 τῆς
2453 867 2581 936 περὶ
2614 866 2712 937 τὴν
2745 867 3039 922 ἀνάστασιν
3066 868 3375 936 οἰκονομίας
3402 867 3612 926 ἕνεκεν,
3647 862 3745 914 ἵνα
3779 865 3913 932 πλη-

2325 955 2476 1030 ρώσῃ
2528 959 2722 1011 ἑαυτοῦ
2766 960 2834 1013 τὰ
2879 959 3186 1030 σύμπαντα.
3225 959 3471 1024 Κασσίας
3516 959 3574 1013 δὲ
3619 957 3911 1018 ἀποπνέει,

2323 1049 2456 1102 διότι
2486 1052 2518 1121 ὴ
2548 1050 2748 1103 κασσία
2784 1054 2966 1122 φλοιός
3009 1051 3092 1114 τίς
3134 1051 3248 1102 ἐστι
3295 1049 3622 1115 λεπτότατος
3653 1049 3753 1103 καὶ
3785 1044 3914 1099 εὑῶ-

2324 1141 2441 1211 δης,
2477 1139 2697 1204 ξυλώδει
2733 1143 2932 1214 κάρφει
2968 1139 3415 1212 περιτεινόμενος.
3447 1143 3678 1209 Μήποτε
3727 1133 3828 1191 οὖν
3859 1136 3915 1186 τὸ

2323 1231 2419 1285 τοῦ
2449 1233 2684 1305 σταυροῦ
2720 1233 2910 1298 πάθος,
2929 1236 3017 1287 ἐπ’
3038 1231 3326 1304 εὐεργεσίᾳ
3346 1230 3442 1298 τῆς
3471 1234 3709 1296 κτίσεως
3733 1232 3916 1296 πάσης

2325 1328 2701 1398 παραληφθὲν,
2741 1326 2949 1396 βαθέως
2981 1329 3110 1397 ἡμῖν
3142 1328 3234 1380 καὶ
3260 1323 3438 1393 σοφῶς
3466 1325 3493 1375 ὁ
3514 1324 3675 1392 λόγος
3707 1322 3802 1374 διά
3826 1319 3914 1372 τοῦ

2324 1421 2424 1490 τῆς
2455 1423 2685 1484 κασσίας
2711 1420 2971 1490 ὀνόματος
3003 1420 3352 1491 παρῃνίξατο.
3394 1415 3576 1484 Ἔχεις
3608 1413 3705 1468 οὗν
3741 1413 3916 1483 σμύρ-

2323 1530 2420 1568 ναν
2455 1515 2551 1584 μὲν
2582 1517 2670 1568 διὰ
2702 1514 2796 1586 τὴν
2825 1513 3023 1584 ταφὴν,
3056 1513 3291 1584 στακτὴν
3321 1512 3375 1565 δὲ
3406 1508 3493 1562 διὰ
3519 1507 3620 1577 τὴν
3673 1511 3759 1570 εἰς
3790 1509 3915 1576 Etim

2324 1609 2547 1664 κάθοδον
2585 1609 2791 1678 (ἐπειδὴ
2822 1609 2970 1659 πᾶσα
3006 1603 3216 1674 σταγὼν
3246 1605 3338 1656 ἐπὶ
3360 1603 3426 1656 τά
3457 1600 3607 1655 κάτω
3634 1599 3914 1668 φέρεται).

2324 1703 2555 1756 κασσίαν
2582 1703 2638 1754 δὲ
2670 1701 2756 1754 διὰ
2782 1700 2876 1770 τὴν
2908 1699 3010 1769 τῆς
3040 1697 3241 1769 σαρκὸς
3266 1699 3394 1768 περί
3419 1695 3478 1749 τὸ
3509 1693 3668 1760 ξύλον
3704 1694 3916 1742 οἰκονο-

2328 1795 2475 1865 μίαν.
2519 1796 2610 1847 Ἐκ
2635 1793 2690 1846 δὲ
2718 1792 2920 1862 ταύτης
2943 1791 3042 1864 τῆς
3067 1790 3245 1854 αίτίας
3279 1786 3600 1860 Εὔφρανὰν
3657 1801 3757 1841 σε,
3816 1799 3916 1851 φη-

647 1892 777 1932 vero
814 1877 1016 1933 fuerint
1060 1877 1183 1933 lilia:
1235 1894 1418 1948 regum
1465 1878 1564 1932 nisi
1605 1891 1879 1948 generosa:
1912 1890 2220 1948 magnaque

2327 1887 2398 1949 a‘t,
2430 1885 2748 1954 θυγατέρες
2764 1882 3073 1948 ,ϐασιλέων
3098 1883 3166 1937 ἐν
3200 1880 3274 1950 τῇ
3300 1881 3438 1952 τιμῇ
3471 1895 3611 1934 σου.
3659 1872 3913 1941 Θυγατέ-

644 1976 699 2020 et
738 1968 899 2032 regia:
951 1968 1190 2023 animm?
1236 1984 1353 2037 quae
1404 1977 1622 2037 propter
1675 1968 1815 2022 hanc
1869 1969 1935 2022 ad
1985 1970 2215 2023 humana

647 2057 1027 2112 demissionem
1051 2058 1325 2111 Christum
1349 2068 1764 2130 cognoscentes,
1794 2059 1967 2128 ipsum
1992 2059 2219 2114 delecta-

648 2159 841 2202 verunt
872 2149 924 2204 in
962 2150 1188 2216 honore,
1217 2151 1268 2205 in
1299 2166 1425 2205 vera
1455 2151 1560 2206 lide
1585 2160 1640 2204 et
1663 2152 1927 2206 charitate
1955 2148 2217 2220 perfecta,

644 2239 876 2308 gloriam
911 2239 1179 2295 divinitati
1219 2239 1338 2310 ejus
1374 2241 1588 2294 dantes.
1618 2241 1712 2295 Ait
1738 2250 1917 2295 autem
1951 2243 2063 2295 haec
2091 2255 2217 2294 aro-

645 2341 792 2385 mata
823 2347 928 2385 non
960 2346 1119 2400 parce
1152 2331 1337 2386 adesse
1371 2329 1569 2385 Christi
1603 2332 1940 2387 vestimentis
1968 2333 2106 2401 (haec
2135 2340 2220 2388 est

645 2437 954 2476 sermonum
987 2421 1240 2490 parabola
1275 2431 1328 2476 et
1360 2423 1666 2492 dogmatum
1698 2421 1854 2493 167
1885 2423 2219 2493 apparatus),

643 2515 737 2569 sed
759 2530 789 2568 a
815 2514 941 2569 totis
962 2513 1207 2569 aediﬁciis
1233 2511 1432 2568 all'erri.
1460 2513 1656 2568 Domos
1676 2513 1818 2568 enim
1838 2514 1966 2570 dicit
1991 2516 2219 2572 aedilicia

645 2608 904 2672 maxima,
934 2621 1105 2679 eaque
1132 2621 1198 2661 ex
1227 2607 1390 2662 ebore
1419 2615 1734 2662 constructa
1769 2622 1785 2663 :
1817 2606 2038 2662 divitem
2071 2605 2218 2662 illam

643 2701 849 2756 ChriSti
878 2716 1004 2768 erga
1037 2699 1294 2754 mundum
1322 2699 1664 2754 dilectionem
1695 2699 1975 2763 edocente,
2004 2700 2218 2769 opinor,

645 2796 935 2863 Propheta.
985 2793 1160 2846 Astitit
1215 2793 1392 2860 regina
1449 2809 1479 2844 a
1518 2792 1718 2844 dextris
1769 2793 1872 2843 tuis
1922 2791 1977 2842 in
2030 2792 2218 2844 vestitu

643 2892 936 2954 deaurato,
989 2889 1318 2942 circumdata
1374 2887 1645 2942 varietate.
1700 2884 1774 2938 De
1819 2883 2058 2938 Ecclesia
2105 2883 2216 2954 jam

645 2981 808 3035 verba
857 2980 1006 3044 facit,
1037 2979 1104 3034 de
1136 2994 1242 3047 qua
1292 2978 1344 3032 in
1393 2977 1619 3033 Cantico
1667 2975 1949 3030 didicimus
1981 2974 2048 3038 ⁷³,
2075 2975 2215 3044 quod

645 3088 750 3125 una
774 3072 846 3126 sit
871 3069 1110 3140 perfecta
1135 3069 1338 3126 Christi
1369 3068 1640 3133 columba,
1675 3082 1795 3137 qua:
1817 3081 1915 3122 eos
1943 3066 2034 3136 qui
2061 3065 2219 3121 bonis

645 3164 903 3231 operibus
936 3161 1215 3232 conspicui
1248 3172 1397 3223 sunt,
1425 3160 1490 3215 ad
1524 3160 1770 3214 dextram
1803 3158 2005 3215 Christi
2038 3156 2218 3214 sedem

2325 1996 2417 2048 ρες
2443 1979 2499 2030 δὲ
2532 1976 2793 2047 βασιλέων
2821 1978 2963 2040 τίνες
2995 1975 3060 2030 ἂν
3086 1972 3192 2028 εἷεν
3219 1976 3251 2045 ἢ
3278 1975 3516 2043 εὐγενεῖς
3543 1971 3640 2024 καὶ
3673 1967 3912 2039 μεγάλαι

2324 2071 2418 2123 καὶ
2453 2067 2726 2139 βασιλικαὶ
2757 2069 2957 2139 ψυχαίς
2987 2069 3062 2131 αἳ,
3093 2066 3181 2118 διὰ
3208 2067 3305 2135 τὴν
3333 2066 3465 2134 πρὸς
3487 2063 3556 2115 τά
3586 2060 3914 2131 ἀνθρώπινα

2327 2160 2729 2227 συγκατάόασιν
2760 2158 3073 2228 ἐπιγνοῦσαι
3098 2156 3187 2208 τὸν
3216 2153 3470 2225 Χριστὸν,
3501 2151 3789 2223 εὔφραναν
3813 2150 3911 2200 αύ-

2323 2255 2413 2308 τὸν
2440 2255 2497 2306 ἐν
2528 2257 2593 2324 τῇ
2621 2255 2774 2324 τιμῇ,
2806 2253 2862 2304 ὲν
2891 2249 3116 2321 ἀληθινῇ
3151 2251 3334 2305 πίσςιι
3356 2247 3448 2301 καὶ
3472 2246 3670 2317 ἀγάπῃ
3695 2242 3912 2313 τελείᾳ,

2322 2346 2639 2412 δοξάζουσαι
2674 2344 2838 2398 αὐτοῦ
2865 2343 2964 2416 τὴν
2995 2342 3245 2415 θεότητα.
3274 2342 3354 2394 Ϊα
3385 2341 3442 2394 δὲ
3473 2337 3751 2410 ἀρώματα
3784 2335 3914 2389 ταῦ-

2324 2457 2391 2492 τα
2429 2439 2491 2492 ού
2532 2435 2870 2509 μικρολόγως
2902 2438 3036 2507 φησὶ
3079 2436 3355 2506 προσεῖναι
3388 2435 3500 2496 τοῖς
3536 2430 3780 2502 ἱματίοις
3818 2427 3910 2480 τοῦ

2325 2531 2563 2605 Χριστοῦ
2600 2530 2923 2603 (τουτέστιν,
2955 2533 2987 2603 ἡ
3021 2529 3305 2600 παραϐολὴ
3333 2529 3441 2597 (95)
3473 2526 3582 2578 τῶν
3616 2525 3799 2590 λόγων
3821 2523 3912 2574 καὶ

2326 2630 2360 2698 ὴ
2385 2625 2494 2680 τῶν
2515 2625 2804 2696 δογμάτων
2828 2621 3181 2690 κατασκευὴ),
3219 2619 3332 2672 ἀλλ’
3367 2617 3474 2671 ἀπὸ
3518 2616 3658 2668 ὅλων
3687 2613 3805 2666 τῶν
3839 2614 3913 2665 oi-

2327 2718 2724 2788 κοδομημάτων
2760 2715 3042 2786 φέρεσθαι.
3077 2711 3274 2781 Βάρεις
3303 2708 3411 2780 γὰρ
3452 2710 3578 2772 τοὺς
3616 2706 3914 2778 μεγίστους

2322 2808 2431 2860 τῶν
2458 2808 2618 2859 οῐκων
2653 2806 2800 2874 λέγει
2827 2806 2960 2877 (96),
2992 2803 3086 2859 καὶ
3115 2802 3334 2866 τούτους
3367 2801 3426 2866 ἐξ
3451 2801 3746 2869 ἐλέφαντος
3779 2795 3917 2852 εἶναι

2324 2899 2886 2969 κατεσκευασμένους,
2916 2899 2978 2952 τὸ
3008 2896 3279 2959 πλούσιον,
3312 2891 3486 2966 οἶμαι,
3508 2893 3610 2963 τῆς
3643 2892 3739 2944 τοῦ
3779 2893 3914 2960 Χρι-

2325 2989 2451 3044 στοῦ
2477 2990 2606 3060 περὶ
2627 2991 2717 3044 τὸν
2741 2990 2944 3062 κόσμον
2971 2990 3191 3060 ἀγάπης
3216 2988 3309 3041 τοῦ
3338 2986 3619 3056 προφήτου
3644 2984 3919 3036 διδάσκον-

2323 3097 2433 3144 τος.
2488 3082 2764 3150 Παρέστη
2820 3080 2858 3148 ἡ
2903 3079 3248 3144 βασίλισσα
3281 3077 3346 3128 ἐκ
3385 3073 3599 3137 δεξιῶν
3659 3085 3807 3134 σου,
3852 3069 3918 3123 ἐν

2327 3173 2617 3243 ιματισιιῷ
2653 3173 2959 3241 διαχρύσῳ
3000 3165 3486 3236 περιϐεϐλημένη,
3526 3161 3913 3231 πεποικιλμέ-

648 3257 905 3321 admittit,
939 3272 1232 3328 segregans
1267 3258 1414 3327 ipsos
1457 3270 1487 3311 a
1525 3256 1727 3327 pravis,
1753 3255 1896 3311 sicut
1925 3265 2107 3326 pastor
2135 3268 2220 3310 se-

2324 3285 2420 3334 νη.
2451 3267 2585 3336 Περὶ
2609 3267 2704 3334 τῆς
2746 3262 3066 3330 Ἐκκλησίας
3100 3260 3201 3331 ήδη
3229 3258 3556 3327 διαλέγεται,
3591 3258 3725 3328 περὶ
3757 3253 3831 3326 ἧς
3860 3259 3916 3309 tv

644 3357 836 3415 grcgat
861 3362 991 3402 oves
1020 3349 1088 3402 ab
1117 3348 1283 3402 haedis
1321 3347 1390 3402 ⁷⁸.
1421 3350 1576 3402 Astat
1606 3348 1770 3417 igitur
1798 3347 2006 3417 regina,
2041 3346 2220 3400 anima

646 3438 893 3493 videlicet
935 3439 1174 3506 sponsali
1221 3438 1399 3492 Verbo
1437 3439 1708 3508 copulata,
1746 3439 1952 3508 peccati
1996 3438 2222 3506 imperio

648 3533 790 3587 haud
827 3531 1093 3602 subjecta,
1122 3531 1216 3586 sed
1244 3531 1390 3601 regni
1416 3529 1621 3585 Christi
1644 3532 1937 3600 particeps,
1967 3543 1994 3581 a
2017 3528 2220 3582 dextris

649 3625 954 3680 Salvatoris
983 3625 1036 3679 in
1063 3622 1263 3679 vestitu
1299 3623 1576 3686 deaurato,
1616 3623 1716 3677 hoc
1743 3632 1847 3688 εει,
1881 3622 1934 3675 ἰη
1965 3621 2222 3691 spiritua-

648 3720 790 3773 libus
821 3719 1185 3787 dogmatibus,
1219 3717 1395 3786 iisque
1439 3715 1749 3770 intertextis
1791 3731 1855 3769 ac
1885 3714 2173 3784 variegatis
2203 3733 2218 3771 :

645 3809 845 3877 quippe
897 3823 1018 3877 qua:
1066 3818 1290 3861 venuste
1338 3816 1393 3861 et
1439 3806 1689 3875 religiose
1728 3819 1785 3860 se
1825 3805 1937 3872 ipsa
1974 3815 2217 3860 exornet.

643 3900 913 3968 Quoniam
958 3909 1139 3954 autem
1185 3915 1290 3954 non
1340 3900 1497 3954 unius
1544 3899 1743 3967 speciei
1783 3908 1909 3952 sunt
1945 3895 2219 3968 dogmata,

645 3995 741 4048 sed
772 3993 988 4048 diversa
1007 3993 1286 4064 variaque,
1312 3992 1546 4048 morales
1573 4007 1636 4046 ac
1666 3991 1934 4046 naturales
1954 3998 2008 4044 et
2035 3991 2220 4062 mysti-

643 4100 740 4140 cos
767 4100 1046 4142 sermones
1077 4085 1518 4156 eomplectentia,
1548 4085 1751 4140 idcirco
1783 4085 2056 4154 Scriptura
2082 4083 2213 4138 dicit

645 4194 859 4245 spousze
893 4179 1144 4234 vestitum
1180 4180 1512 4248 variegatum
1547 4193 1687 4233 esse.

2324 3357 2401 3429 τῷ
2431 3359 2666 3427 ’ᾼσματι
2718 3355 3137 3426 μεμαθήκαμεν,
3179 3353 3261 3405 ὅτι
3315 3351 3410 3422 μία
3449 3351 3567 3403 ἐστὶ
3597 3349 3786 3401 τελεία
3821 3349 3911 3400 τοῦ

2325 3446 2563 3520 Χριστοῦ
2591 3447 2906 3518 περιστερά,
2947 3446 3066 3516 ἥτις
3109 3446 3190 3508 είς
3221 3444 3318 3515 τὴν
3361 3442 3540 3508 δεξιὰν
3580 3439 3767 3511 χώραν
3804 3439 3912 3506 (97)

2324 3542 2416 3594 τοῦ
2452 3540 2691 3613 Χριστοῦ
2723 3540 2986 3612 λαμὸάνει
3019 3541 3145 3603 τοὺς
3177 3540 3263 3593 ἐπ’
3294 3539 3474 3610 ἔργοις
3510 3535 3739 3602 ἀγαθοῖς
3769 3551 3911 3602 γνω-

2327 3631 2668 3705 ριζομένους,
2710 3633 3060 3705 διακρίνουσα
3110 3631 3216 3686 ἀπὸ
3244 3631 3352 3683 τῶν
3381 3629 3618 3699 φαύλων,
3665 3627 3859 3697 ὥσπερ
3888 3628 3913 3677 ό

2322 3725 2527 3795 ποιμὴν
2559 3724 2823 3794 διακρίνει
2853 3725 2980 3786 τοὺς
3020 3723 3188 3793 ἄρνας
3229 3721 3336 3773 ἀπὸ
3367 3718 3474 3772 τῶν
3501 3718 3731 3789 ἐρίφων.
3766 3718 3913 3786 Παρ-

2324 3815 2536 3868 ίσταται
2575 3811 2667 3868 οῦν
2699 3817 2732 3882 ἠ
2767 3813 3073 3883 βασίλισσα,
3121 3812 3154 3881 ἡ
3201 3809 3277 3879 τῷ
3309 3807 3568 3880 νυμφικῷ
3612 3808 3772 3878 Λόγῳ
3801 3807 3909 3875 (98)

2319 3905 2745 3977 καθηρμοσμένη
2797 3904 2962 3976 ψυχὴ,
3024 3906 3059 3975 ἡ
3111 3902 3183 3974 μὴ
3219 3901 3610 3973 βασιλευομένη
3658 3901 3764 3954 ὑπὸ
3812 3900 3910 3967 τῆς

2316 3993 2610 4063 ἁμαρτίας,
2648 3992 2783 4046 ἀλλὰ
2812 3993 2912 4061 τῆς
2937 3991 3030 4044 τοῦ
3060 3992 3294 4064 Χριστοῦ
3333 3991 3613 4062 βασιλείας
3650 3990 3910 4060 μετέχου-

2320 4101 2407 4148 σα,
2448 4086 2512 4137 ὲκ
2553 4083 2742 4148 δεξιῶν
2782 4084 2876 4137 τοῦ
2915 4084 3167 4155 Σωτῆρος
3194 4084 3250 4136 ὲν
3291 4082 3567 4154 ἱματισμῴ
3593 4081 3907 4152 διαχρύσῳ·

2319 4177 2622 4241 τουτέστιν,
2657 4179 2714 4230 tv
2743 4178 2972 4248 δόγμασι
2994 4179 3198 4249 νοεροῖς
3221 4176 3668 4247 καθυφασμένοις
3694 4176 3788 4228 καὶ

645 4267 1035 4335 ποικιλμένοις,
1069 4267 1314 4335 σοϐαρῶς
1343 4268 1539 4336 ἑαυτὴν
1573 4267 1665 4319 καὶ
1691 4266 2031 4337 ἱεροπρεπῶς
2055 4267 2500 4338 κατακοσμοῦσα.
2543 4269 2756 4339 Ἐπειδὴ
2822 4269 2879 4322 δὲ
2937 4271 3000 4322 οὐ
3065 4270 3306 4340 μονοειδῆ
3363 4269 3431 4322 τὰ
3469 4269 3738 4340 δόγματα,
3772 4267 3906 4320 ἀλλὰ

644 4360 863 4414 ποικίλα
896 4358 1344 4429 καὶππολύτροπα,
1379 4357 1604 4428 ἠθικούς
1631 4375 1691 4409 τε
1721 4358 1813 4409 καὶ
1848 4358 2108 4425 φυσικοὺς
2133 4360 2227 4410 καὶ
2262 4360 2390 4420 τοὺς
2432 4360 2763 4422 ἐποπτικοὺς
2800 4357 3122 4428 λεγομένους
3185 4358 3507 4429 περιέχοντα
3569 4357 3782 4426 λόγους,
3823 4358 3908 4411 διὰ

641 4449 801 4505 τοῦτο
831 4449 1250 4520 πεποικιλμένον
1275 4444 1413 4502 εἶναι
1441 4448 1532 4502 τὸν
1563 4445 1853 4516 ἱματισμὸν
1881 4445 1978 4515 τῆς
2003 4444 2221 4514 νύμφης
2258 4449 2285 4498 ὀ
2311 4445 2466 4513 λόγος
2492 4447 2674 4515 φησίν.

715 4547 801 4602 10.
846 4543 1008 4600 Vsus.
1043 4546 1130 4613 Η,
1179 4545 1265 4598 12.
1307 4544 1468 4610 Audi,
1507 4543 1643 4610 ﬁlia,
1681 4551 1728 4594 et
1765 4543 1904 4603 vide,
1938 4551 1984 4593 et
2016 4541 2217 4594 inclina
2251 4546 2293 4599 D

644 4657 826 4696 aurem
854 4651 1022 4702 tuam,
1051 4649 1100 4695 et
1126 4639 1422 4693 obliviscere
1453 4636 1702 4705 papulum
1731 4648 1900 4697 tuum.
1927 4645 1976 4689 et
2000 4635 2215 4688 domum

644 4735 810 4804 patris
845 4735 960 4786 tui:
1002 4743 1049 4786 et
1096 4733 1423 4796 concupiscet
1465 4746 1556 4784 rex
1601 4731 1834 4783 decorem
1872 4739 2017 4781 tuum
2045 4742 2062 4780 :
2087 4742 2217 4794 quo-

643 4829 788 4883 niam
836 4829 943 4894 ipse
997 4836 1072 4879 est
1131 4825 1385 4879 Dominus
1435 4833 1587 4891 tuus,
1633 4832 1682 4877 et
1731 4822 2023 4875 adorabunt
2073 4834 2213 4875 eum.

714 5031 761 5062 ⁷³
791 5031 950 5086 Cant.
985 5044 1060 5093 vi,
1087 5028 1141 5084 8.
1216 5025 1263 5060 "
1290 5027 1478 5084 Matth.
1508 5043 1635 5094 xxv,
1671 5029 1760 5084 32.

721 5213 1221 5282 (95)Cnmbeiisius
1272 5212 1456 5267 multis
1515 5209 1752 5282 probare
1811 5215 2062 5282 conatur,
2123 5219 2221 5282 pro

651 5275 930 5356 παραϐολή
964 5285 1246 5351 legendum
1289 5300 1408 5356 esse
1463 5275 1723 5356 nép@okﬁ
1762 5298 1774 5332 :
1813 5279 1906 5331 sed
1939 5293 2060 5330 cum
2091 5275 2220 5328 editi

647 5373 692 5404 ιιι
725 5349 892 5408 nostri
921 5349 1048 5408 orto
1079 5370 1209 5407 mss.
1258 5364 1305 5406 et
1340 5349 1547 5408 Catena
1574 5349 1796 5402 Corder.
1826 5364 2012 5400 vocem
2046 5363 2222 5416 παρα-

650 5428 779 5497 ϐολή
799 5435 1112 5479 constanter
1135 5425 1450 5491 praeferant,
1479 5423 1624 5475 illius
1658 5418 2025 5486 conjecturam
2053 5434 2222 5486 quan-

651 5497 851 5551 tumvis
881 5499 1070 5548 bonam
1093 5498 1262 5548 secuti
1295 5511 1400 5547 unn
1433 5507 1637 5546 smnus.

723 5568 834 5634 (96)
867 5567 1039 5639 Etlitio
1077 5565 1242 5639 Basil.
1282 5576 1336 5639 et_
1369 5576 1579 5639 septem
1630 5577 1759 5639 mss.
1796 5561 1995 5639 Βάρεις
2033 5559 2138 5639 γάρ
2175 5559 2221 5609 οἱ

656 5633 898 5706 μέγιστοι
944 5637 1052 5688 τῶν
1109 5636 1270 5689 οίκων
1324 5635 1590 5702 λέγονται.
1629 5634 1697 5687 At
1744 5633 1908 5684 editio
1963 5633 2136 5685 Paris.
2169 5640 2222 5682 et

650 5713 689 5762 (ἑ
737 5725 854 5761 lena
896 5708 1116 5760 Corder.
1154 5708 1289 5758 utin
1329 5716 1607 5759 contextu.

727 5781 836 5837 '97)
875 5781 1077 5830 ltursus
1101 5779 1311 5842 coniicit
1359 5773 1718 5827 Cmnbefisius
1753 5788 1848 5838 pro
1903 5771 2082 5836 δεξιὰν
2115 5768 2218 5837 χώ-

650 5869 750 5919 μιν
786 5850 1063 5919 legendum
1106 5863 1223 5904 esse
1253 5847 1433 5910 δεξιὰν
1466 5847 1622 5915 χεῖρα
1648 5859 1656 5869 ⁸
1686 5844 1776 5896 sed
1808 5855 1926 5896 cum
1965 5844 2049 5896 hic
2079 5858 2213 5910 quu-

2395 4542 2480 4595 10.
2527 4544 2853 4606 Ἄκουσον,
2891 4542 3164 4612 θύγατερ,
3228 4542 3324 4597 καὶ
3376 4541 3495 4603 ἴδε,
3543 4543 3644 4595 καὶ
3697 4544 3906 4597 κλῑνωο

2322 4635 2388 4688 τὸ
2419 4629 2530 4699 οὖς
2559 4651 2698 4697 σου,
2744 4636 2842 4690 καὶ
2867 4635 3153 4691 ἐπιλάθου
3184 4636 3289 4690 τοῦ
3310 4636 3463 4690 λαοῦ
3499 4653 3638 4695 σου.
3676 4636 3773 4689 καὶ
3804 4636 3904 4689 τοῦ

2322 4723 2491 4777 οἴκου
2514 4723 2618 4777 τοῦ
2636 4725 2857 4791 πατρός
2882 4738 2998 4778 σου
3014 4740 3027 4754 °
3054 4725 3153 4778 καὶ
3174 4723 3527 4792 ἐπιθυμήσει
3552 4726 3585 4775 ὀ
3603 4723 3903 4787 ,βασιλεὺς

2322 4816 2427 4871 τοῦ
2450 4816 2717 4885 κάλλους
2742 4832 2857 4872 σου
2875 4834 2888 4847 ·
2924 4817 3014 4872 ὅτι
3039 4817 3218 4884 αὑτός
3241 4817 3370 4870 ἐστι
3399 4818 3620 4885 Κύριός
3645 4833 3784 4884 σου,
3811 4816 3902 4868 καὶ

2331 5221 2436 5274 que
2459 5217 2512 5260 et
2536 5209 2662 5266 editi
2687 5219 2742 5264 et
2769 5203 2939 5260 nostri
2982 5208 3103 5256 octo
3128 5215 3260 5255 mss.
3308 5209 3378 5274 et_
3411 5200 3626 5255 Catena
3673 5201 3890 5274 Corder.

2333 5272 2601 5346 vulgatam
2669 5278 2955 5336 lectionem
3014 5282 3288 5337 tueantur,
3333 5272 3400 5325 ab
3440 5286 3501 5325 ea
3536 5273 3894 5326 recedendum

2332 5363 2439 5400 non
2471 5352 2800 5415 putavimus.

2403 5412 2514 5488 (98)
2556 5419 2705 5475 Fecit
2735 5417 2952 5488 quidem
2989 5429 3086 5488 suo
3117 5428 3264 5468 more
3293 5412 3762 5488 Combelisius,_ut
3793 5412 3890 5488 ali-

2330 5491 2457 5556 quid
2497 5483 2821 5543 imitandum
2882 5485 3185 5553 suspicetur
3223 5504 3236 5538 :
3281 5484 3374 5556 St'tl
3401 5483 3529 5556 ἸιῇίιΔ
3577 5483 3888 5556 modestius.

2321 5551 2482 5621 quam
2514 5562 2668 5614 solet.
2703 5558 2924 5622 Dubitat
2952 5551 3114 5622 igitur
3154 5570 3277 5607 num
3314 5553 3413 5618 legi
3447 5553 3645 5604 debeat
3678 5551 3893 5622 νυμφίῳ

3159 5605 3414 5700 νιξίιίφξκξ)
3448 5605 3889 5700 Λόγιρκῳδιιέσίι

2334 5693 2518 5753 l’ei-lio.
2564 5703 2665 5753 Sed
2695 5713 2750 5753 ut
2787 5700 2921 5752 alias
2955 5697 3172 5766 sa'pius,
3213 5693 3283 5749 ita
3320 5695 3404 5749 hic
3435 5703 3490 5747 et
3517 5693 3650 5748 editi
3681 5702 3736 5746 et
3763 5709 3884 5746 mss.

2319 5773 2364 5824 ei
2405 5773 2781 5827 adversantur.
