4098 6324
208 358 319 412 409

1331 365 1621 423 IIOMILIA
1663 368 1729 422 IN
1770 368 2098 425 PSALML’M
2134 370 2317 429 XLIV.

3356 389 3457 441 610

206 473 756 541 προσκυνήσουσιν
770 476 930 541 αὐτῷ
958 476 1067 545 (99)
1114 479 1513 551 Προσκαλεῖται
1538 484 1637 553 τήν
1670 486 1773 538 Ἐκ·

1896 488 2228 544 Exliortatur
2274 492 2571 549 Ecclesiam
2638 492 2705 546 ad
2767 494 3035 550 audienda
3089 501 3465 556 servandacue

206 568 439 637 γλησίαν
469 566 560 620 ἐπὶ
587 568 681 639 τὴν
710 569 973 639 ἀκρόασιν
994 569 1087 622 καὶ
1100 572 1196 643 τὴν
1214 576 1442 643 τήρησιν
1472 574 1579 626 τῶν
1612 591 1781 646 προσ-

202 658 576 729 τασσομένων,
606 662 699 712 καὶ
726 660 1152 729 προσο.κειοῦται
1188 666 1356 733 αὐτὴν
1378 664 1465 717 διὰ
1490 665 1587 735 τῆς
1617 684 1785 738 προσ-

203 750 455 821 ηγορίας,
497 752 769 821 θυγατέρα
811 753 979 823 αὐτὴν
1012 754 1434 826 προσαγορεύων
1466 759 1542 828 (l)
1567 775 1580 787 °
1619 760 1781 814 οἱονεὶ

200 842 685 912 τεκνοποιούμενος
718 843 886 915 αὐτὴν
926 846 1011 900 διὰ
1051 849 1148 921 τῆς
1190 848 1432 919 ἀγάπης.
1470 854 1785 917 Ἄκουσον,

200 936 476 1003 θύγατερ,
527 935 624 986 καὶ
680 934 788 990 ῖδε.
844 937 1091 992 Διδάσκει
1130 939 1298 1010 αὐτὴν
1340 942 1788 1013 γεγυμνασμένον

200 1025 350 1094 ἔχειν
372 1025 464 1077 τὸν
490 1025 613 1078 νοῦν
636 1027 770 1096 πρὸς
803 1025 1031 1100 θεωρίαν
1070 1029 1156 1081 διὰ
1185 1027 1301 1095 τοῦ,
1340 1032 1469 1086 Ἴδε.
1502 1033 1787 1102 Κατανόη-

201 1133 319 1180 σον,
350 1119 504 1187 φησι,
536 1118 632 1188 τήν
667 1118 860 1186 κτίσιν,
906 1123 998 1175 καὶ
1024 1122 1365 1193 ὠφεληθεῖσα
1402 1126 1513 1178 άπὸ
1536 1125 1633 1195 τῆς
1666 1126 1786 1177 κατ’

197 1210 375 1280 αὑτήν
412 1210 635 1275 τάξεως,
673 1211 844 1276 οὕτως
872 1213 1124 1267 ἀνάϐαινε
1180 1218 1316 1289 πρὸς
1358 1218 1456 1290 τὴν
1512 1216 1608 1270 τοῦ
1665 1219 1783 1272 κτί-

198 1319 395 1366 σαντος
443 1303 688 1375 θεωρίαν.
736 1301 869 1358 Εἶτα
913 1305 1176 1377 κάμπτων
1221 1310 1390 1379 αὐτῆς
1444 1309 1535 1361 τὸν
1584 1310 1787 1381 ὑψηλὸν

194 1396 300 1465 τῆς
345 1396 660 1462 ἀλαζονείας
707 1397 991 1468 τράχηλον,
1042 1401 1286 1464 Elis-or,
1342 1401 1494 1470 φησι,
1545 1401 1609 1455 τὸ
1653 1399 1765 1469 οὖς

193 1506 339 1543 σοι’.
402 1493 491 1560 Μὴ
552 1490 873 1562 ἁποδράμης
925 1494 1059 1563 πρὸς
1094 1495 1220 1557 τοὺς
1256 1495 1360 1560 ἔξω
1396 1493 1617 1563 μύθους,
1649 1496 1785 1551 ἀλλά

194 1584 493 1646 κατάδεξαι
546 1583 606 1635 τὸ
645 1585 897 1639 ταπεινὸν
930 1586 1028 1654 τῆς
1071 1586 1127 1636 ἐν
1162 1585 1239 1655 τῷ
1279 1587 1617 1659 εὐαγγελικῷ
1640 1590 1784 1661 λόγῳ

193 1676 419 1744 φωνῆς·
453 1675 672 1729 Κλῖνον
698 1677 763 1729 τὸ
801 1674 910 1743 οὖς
944 1692 1060 1729 σου
1095 1676 1231 1747 πρὸς
1264 1679 1359 1750 τήν
1391 1673 1495 1733 ὦδε
1525 1681 1783 1739 διδασκα-

190 1765 342 1833 λίαν,
382 1768 467 1822 ἵνα
505 1769 735 1841 ἐπιλάϐῃ
762 1768 870 1821 τῶν
907 1768 1196 1841 μοχθηρῶν
1244 1771 1382 1826 ἐθῶν
1424 1774 1648 1828 ἐκείνων
1686 1777 1781 1831 καὶ

1892 592 2181 651 praecepta,
2209 596 2436 652 eamque
2474 588 2574 641 sibi
2619 585 2733 655 ipsa
2770 584 3130 657 appellatione
3159 586 3376 641 asciscit
3410 588 3463 641 in

1892 673 2338 740 familiaritatem,
2376 674 2517 731 illam
2572 677 2851 749 appellans
2902 679 3096 746 ﬁliam;
3143 680 3295 747 quasi
3344 695 3463 732 eam

1889 764 1989 819 sibi
2022 779 2118 832 pro
2149 767 2253 819 ﬁlia
2287 781 2383 835 per
2411 768 2730 826 charitatem
2760 768 3094 839 adoptasset.
3129 772 3292 833 Audi,
3323 772 3462 838 ﬁlia,

1888 869 1937 912 et
1973 858 2109 912 vide.
2147 857 2313 913 Docet
2360 858 2462 914 hoc
2505 863 2690 927 verbo,
2729 862 2884 925 Vide,
2919 862 3214 918 Ecclesiam
3266 863 3466 916 habere

1892 958 2125 1002 mentem
2169 949 2235 1001 ad
2286 952 2795 1019 contemplationem
2853 955 3231 1012 exercitatam.
3275 954 3465 1010 Consi-

1890 1041 2041 1107 dera,
2074 1040 2269 1109 inquit,
2306 1057 2392 1094 res
2430 1050 2646 1097 creatas
2678 1056 2842 1112 atque
2877 1045 3072 1100 intuitu
3108 1047 3312 1101 ordinis
3342 1046 3462 1099 illa-

1891 1146 2011 1184 rum
2040 1133 2249 1203 adjuta,
2284 1134 2354 1186 ita
2387 1133 2604 1187 demum
2632 1136 2697 1187 ad
2727 1136 3005 1204 ipsiusmet
3028 1136 3301 1191 Creatoris
3326 1154 3459 1191 con-

1891 1222 2295 1291 templationem
2330 1225 2584 1278 ascende.
2619 1226 2820 1279 Deinde
2853 1226 3017 1280 altum
3055 1225 3319 1297 superbia:
3349 1226 3461 1280 col-

1889 1310 1996 1366 lum
2027 1314 2325 1383 inllectens,
2356 1316 2594 1380 lnclina,
2618 1316 2813 1387 inquit,
2835 1334 3014 1372 aurem
3042 1329 3206 1379 tuam.
3235 1320 3311 1378 Ne
3336 1338 3465 1375 cur-

1887 1419 1979 1459 ras
2032 1407 2101 1460 ad
2150 1416 2403 1465 externas
2460 1408 2693 1475 fabulas,
2732 1408 2827 1463 sed
2879 1408 3133 1463 humilem
3190 1413 3459 1467 sermonis

1885 1504 2182 1577 evangelici
2214 1520 2398 1560 vocem
2446 1507 2661 1576 suscipe
2697 1523 2712 1560 :
2750 1505 2958 1559 lnclina
2996 1522 3175 1560 aurem
3212 1517 3353 1560 luam
3391 1511 3456 1562 ad

1886 1591 2027 1647 hanc
2066 1593 2392 1657 doctrinam,
2426 1602 2483 1647 ut
2531 1593 2861 1648 obliviscare
2908 1608 3197 1662 pravarum
3247 1594 3455 1647 illaru-u

1885 1684 2342 1740 consuetudinum
2389 1694 2550 1753 atque
2594 1696 2943 1756 paternorum
2987 1686 3454 1741 documentorum.

1884 1777 2225 1847 Quapropter
2276 1774 2592 1831 Obliviscere
2642 1776 2889 1846 populum
2939 1786 3111 1839 tuum,
3145 1792 3191 1829 et
3240 1778 3454 1831 domum

187 1861 305 1912 τῶν
342 1861 623 1931 πατρικῶν
652 1862 1000 1933 διδαγμάτων
1034 1865 1136 1934 (2).
1181 1867 1271 1921 Διὸ
1306 1867 1631 1923 Ἐπιλάθου
1671 1871 1773 1925 τοῦ

1880 1871 2045 1939 patris
2078 1871 2175 1923 tui.
2198 1870 2382 1925 Omnis
2409 1870 2552 1924 enim
2579 1871 2670 1940 qui
2692 1873 2818 1941 facit
2844 1882 3133 1941 peccatum,
3157 1888 3221 1924 est;
3243 1872 3454 1926 diabolo

186 1952 353 2005 λαοῦ
382 1967 518 2020 σου,
554 1953 651 2007 καὶ
694 1954 799 2009 τοῦ
844 1956 1014 2011 οἴκου
1062 1959 1169 2013 τοῦ
1210 1962 1431 2028 πατρός
1471 1977 1607 2016 σου.
1651 1961 1777 2029 Πᾶς

188 2044 307 2115 γὰρ
337 2047 369 2098 ό
394 2045 578 2099 ποιῶν
596 2045 709 2116 τὴν
728 2047 1021 2117 ἁμαρτίαν
1038 2049 1107 2102 ἐκ
1142 2049 1246 2102 τοῦ
1270 2048 1553 2103 διαϐόλου
1575 2051 1778 2119 γεγέν-

188 2154 394 2203 νηται.
444 2138 679 2190 ’Ἐκϐαλὲ
727 2157 835 2208 μοι,
872 2140 1026 2211 φησὶ,
1072 2139 1167 2202 τάς
1195 2138 1301 2192 τῶν
1330 2140 1599 2211 δαιμόνων
1629 2140 1776 2193 διδαο

190 2226 449 2289 σκαλίας,
492 2226 744 2280 ἐπιλάθου
778 2228 997 2293 θυσιῶν,
1048 2229 1267 2300 χορείας
1297 2230 1642 2303 νυκτερινῆς»
1684 2230 1779 2301 μύ-

188 2318 309 2370 θων
353 2320 432 2380 είς
466 2318 718 2390 πορνείαν
750 2321 843 2375 καὶ
879 2323 1058 2375 πᾶσαν
1092 2323 1379 2394 ἀσέλγειαν
1423 2324 1773 2379 ὲκκαιόντων.

185 2411 298 2463 Διὰ
329 2410 483 2463 τοῦτο
509 2411 781 2485 θυγατέρα
823 2431 880 2468 σε
925 2416 1160 2487 ἐμαυτοῦ
1198 2419 1641 2490 προσηγόρευσα,
1686 2420 1774 2474 ἵνα

193 2504 442 2577 μισήσῃς
464 2506 554 2559 τὸν
585 2508 794 2578 πατέρα
824 2508 913 2561 τὸν
943 2510 1209 2580 πρότερόν
1246 2527 1305 2562 σε
1334 2513 1670 2580 γεννήσαντα
1697 2516 1777 2577 είς

186 2596 493 2652 ἀπώλειαν.
548 2599 675 2653 Ἐἀν
712 2601 819 2671 γὰρ
857 2600 945 2653 διά
978 2600 1077 2671 τῆς
1106 2600 1276 2673 λήθης
1301 2602 1608 2675 ἀπαλείψῃς
1651 2605 1778 2667 τοὺς

188 2692 422 2756 σπίλους
466 2694 574 2747 τῶι
626 2693 877 2765 πονηρῶν
926 2693 1283 2766 μαθημάτων,
1324 2694 1671 2749 ἀπολαϐοῦσα
1716 2696 1776 2749 τὸ

187 2786 332 2839 ἴδιον
368 2788 566 2855 ἑαυτῆς
597 2786 811 2850 κάλλος,
848 2786 1157 2858 ἐπιθυμητὴ
1194 2788 1413 2859 φανήσῃ
1445 2787 1522 2857 τῷ
1558 2786 1776 2857 νυμφίῳ

186 2876 291 2927 καὶ
360 2874 585 2943 βασιλεῖ.
637 2876 755 2927 Ὅτι
806 2877 987 2939 αὑτός
1033 2877 1164 2928 ἐστι
1224 2878 1437 2943 Κύριός
1479 2891 1615 2939 σου,
1676 2876 1777 2929 καὶ

187 2966 736 3034 προσκυνήσουσιν
760 2964 917 3032 αὐτῷ
942 2967 1038 3037 (3).
1079 2968 1152 3019 Τὸ
1183 2967 1478 3034 ἀναγκαῖον
1514 2968 1607 3036 τῆς
1640 2969 1774 3021 ὑπο-

185 3058 365 3127 ταγῆς
393 3057 693 3129 παραδηλοῖ
729 3058 815 3111 διά
853 3058 966 3119 τοῦ,
1002 3059 1192 3125 Αὐτός
1218 3058 1348 3112 ἐστι
1378 3060 1599 3127 Κύριός
1633 3076 1770 3113 σου.

188 3150 704 3217 Προοκυνήσουσι
728 3149 797 3203 δὲ
822 3148 981 3214 αὐτῷ
1015 3150 1112 3218 (4),
1145 3151 1294 3202 πᾶσα
1329 3150 1361 3220 ή
1391 3149 1585 3213 κτίσις.
1629 3149 1774 3202 Διότι

1880 1963 2037 2009 natus
2075 1966 2149 2009 est
2176 1957 2243 2012 ⁷³.
2277 1956 2482 2023 Abjice,
2528 1957 2733 2027 inquit,
2778 1959 3083 2012 daemonum
3141 1958 3453 2024 doctrinas,

1877 2047 2199 2104 obliviscere
2224 2050 2637 2116 sacriﬁciorum,
2670 2058 2951 2103 nocturna:
2983 2051 3217 2117 choreae,
3248 2053 3457 2106 fabula—

1879 2157 1996 2195 rum
2027 2141 2093 2195 ad
2127 2148 2371 2211 stuprum
2421 2150 2473 2195 et
2522 2157 2737 2196 omnem
2785 2140 3061 2197 libidinem
3114 2143 3453 2198 inﬂamman-

1879 2235 2033 2288 tium.
2073 2235 2278 2290 Idcirco
2316 2242 2367 2289 te
2414 2235 2517 2287 mei
2570 2235 2741 2304 ipsius
2786 2234 2950 2289 tiliam
2994 2238 3203 2300 vocavi,
3239 2248 3298 2291 ut
3327 2249 3450 2290 eum

1877 2335 2152 2395 parentem
2202 2325 2413 2389 oderis,
2437 2325 2531 2396 qui
2580 2334 2630 2379 te
2676 2326 2823 2395 prius
2862 2327 2928 2381 ad
2963 2328 3319 2397 perditionem
3360 2342 3452 2398 ge-

1877 2427 2086 2472 nuerat.
2128 2417 2333 2472 Etenim
2377 2419 2421 2473 si
2465 2433 2562 2488 per
2598 2418 2925 2475 oblivionem
2967 2420 3203 2475 maculas
3253 2437 3448 2488 pravo-

1878 2525 1996 2565 rum
2037 2508 2487 2565 documentorum
2540 2509 2824 2574 deleveris,
2868 2520 2960 2564 tuo
2999 2510 3214 2579 proprio
3253 2511 3451 2565 decore

1876 2608 2174 2672 assumpto,
2210 2598 2586 2657 desiderabilis
2634 2601 2921 2670 apparebis
2968 2616 3169 2671 sponso
3210 2611 3265 2657 et
3309 2601 3445 2674 regi.

1878 2692 2140 2758 Quoniam
2166 2694 2275 2762 ipse
2296 2703 2370 2748 est
2399 2693 2654 2748 Dominus
2684 2704 2827 2761 tuus,
2853 2704 2900 2748 et
2928 2694 3222 2749 adorabunt
3253 2696 3443 2763 ipsum.

1876 2784 2262 2838 Necessitatem
2332 2786 2649 2842 obedientia:
2716 2788 2986 2852 declarat,
3048 2789 3134 2843 his
3191 2788 3373 2843 verbis
3428 2808 3441 2845 :

1876 2875 1997 2947 Ipse
2042 2887 2116 2930 est
2159 2876 2416 2931 Dominus
2468 2887 2609 2931 tuus.
2664 2876 2970 2933 Adorabunt
3026 2889 3199 2934 autem
3248 2884 3443 2951 ipsum,

1876 2985 2065 3037 nempe
2087 2983 2274 3022 omnes
2300 2984 2385 3023 res
2406 2974 2619 3024 creatae.
2640 2969 2773 3025 Nam
2795 2969 2859 3024 In
2882 2973 3088 3027 nomine
3102 2974 3227 3027 .Iesu
3246 2972 3445 3028 Christi

1876 3076 2025 3114 omne
2055 3077 2189 3129 genu
2226 3061 2486 3129 flectetur,
2516 3059 2818 3123 calestium,
2846 3065 3172 3116 terrestrium
3200 3075 3247 3118 et
3276 3065 3443 3133 infer-

1876 3152 2142 3204 narum".
2176 3151 2339 3221 168
2363 3150 2523 3207 Vens.
2552 3151 2639 3206 15.
2664 3149 2731 3205 Et
2758 3150 2871 3219 [ilia
2893 3152 3018 3221 Tyri
3041 3153 3095 3205 in
3120 3154 3439 3211 muneribus.

200 3244 269 3296 Ἐ
273 3261 310 3295 ν
337 3241 413 3307 τῷ
441 3244 682 3312 ὀνόματι
721 3241 914 3309 Ἰησοῦ
936 3210 1193 3311 Χριστοῦ
1222 3210 1517 3314 πᾶιίγιόνυ
1546 3240 1771 3309 κάμψει

1885 3240 2096 3295 Vultum
2138 3210 2769 3310 triumvdeprecabuntur'
2794 3210 2975 3297 divites
3007 3245 3187 3314 plebis.
3226 3248 3445 3303 Videtur

182 3336 587 3403 ἐπουρανίων,
618 3334 715 3387 καὶ
752 3333 1045 3403 ἐπιγείων,
1071 3333 1169 3387 καί
1202 3336 1630 3403 καταχθονίων.
1657 3333 1768 3389 Kal

185 3426 454 3495 θυγάτηρ
473 3430 615 3495 Τύρο
625 3446 655 3480 υ
668 3427 737 3479 ἐν
753 3425 980 3494 δώροις.
1007 3426 1076 3480 Τὸ
1100 3427 1425 3493 πρόσωπόν
1438 3443 1556 3481 σου
1568 3431 1773 3481 λιταν-

183 3519 487 3570 είοσουσιν
512 3518 585 3588 (5)
613 3521 665 3572 οἱ
686 3518 963 3571 πλούσιοι
985 3516 1090 3569 τοῦ
1105 3516 1279 3570 λαοῦ.
1314 3519 1519 3588 Δοκεῖή
1538 3518 1639 3571 ΰπε
1649 3519 1771 3588 (260-

185 3609 257 3681 λὴ
287 3609 385 3679 τῆς
419 3609 849 3680 εἰδολωλατρείας
874 3610 930 3661 ὲν
959 3611 1025 3679 τῇ
1060 3608 1373 3662 Χανανίτιδι
1411 3608 1563 3679 χώρᾳ
1593 3611 1773 3663 ἐπιτε-

184 3700 500 3773 τηδεῦσθαι.
533 3701 875 3772 Μητρόπολις
900 3701 953 3754 δὲ
972 3702 1070 3772 τῆς
1093 3700 1313 3755 Χαναάν
1342 3702 1376 3772 ή
1402 3700 1596 3772 Τύρος.
1629 3701 1769 3773 Προ-

183 3794 524 3865 τρεπόμενος
550 3789 641 3847 οὖν
676 3795 754 3856 είς
778 3792 1019 3864 ὑπακοὴν
1047 3792 1145 3864 τὴν
1181 3793 1509 3865 Ἐκκλησίαν
1531 3794 1559 3845 ὁ
1589 3793 1768 3863 λόγος,

185 3888 302 3942 Καὶ
346 3890 610 3960 θυγάτηρ,
659 3889 811 3958 φησὶ,
847 3886 1021 3956 Τύρου
1050 3888 1167 3957 ἥξει
1214 3887 1344 3940 ποτὲ
1388 3886 1525 3957 μετὰ
1555 3886 1765 3959 δώρων.

182 3982 299 4035 Καὶ
324 3982 384 4034 τὸ
415 3982 504 4034 σὸν
536 3982 591 4034 δὲ
624 3982 913 4053 πρόσωπον
941 3980 991 4032 οἱ
1021 3979 1264 4033 πλούσιοι
1304 3979 1395 4033 τοῦ
1436 3979 1564 4033 λαοῦ
1591 3998 1761 4050 προσ-

180 4074 510 4143 κυνήσουσιν
548 4075 604 4125 ὲν
630 4074 819 4144 δώροις
871 4074 966 4143 (6).
1002 4074 1114 4125 Οὐκ
1156 4070 1298 4137 εἶπε,
1351 4074 1416 4125 Σὲ
1456 4074 1762 4145 προσκυνή-

1879 3333 2179 3388 idololatria
2213 3334 2265 3387 in
2301 3332 2604 3389 Chananaaa
2646 3338 2866 3404 regione
2912 3338 3215 3392 immodicis
3248 3340 3439 3395 studiis

1875 3426 2087 3482 exculta
2138 3425 2327 3482 fuisse.
2367 3426 2678 3496 Metropolis
2723 3440 2905 3484 autem
2947 3428 3205 3485 Chanaan
3242 3432 3438 3504 Tyrus.

1875 3516 2172 3573 Ecclesiam
2210 3518 2373 3587 igitur
2404 3518 2470 3572 ad
2504 3518 2868 3574 obedientiam
2903 3521 3197 3575 exhortans
3232 3536 3435 3578 sermo.

1870 3610 2043 3665 Etiam
2082 3610 2215 3673 tilia,
2256 3610 2452 3679 inquit,
2482 3609 2607 3681 Tyri
2638 3610 2817 3665 veniet
2842 3610 3133 3681 aliquando
3162 3628 3282 3668 cum
3318 3629 3438 3668 mu-

1868 3700 2105 3756 neribus.
2149 3698 2217 3753 Et
2262 3699 2467 3754 vultum
2503 3707 2653 3753 tuum
2685 3699 2989 3754 adorabunt
3022 3700 3218 3757 divites
3263 3701 3439 3772 plebis

1867 3793 1920 3849 in
1953 3792 2289 3848 muneribus.
2321 3789 2435 3846 Non
2476 3790 2631 3857 dixit,
2662 3790 2739 3847 'l‘e
2769 3790 3067 3845 adorabunt
3103 3792 3154 3847 in
3190 3794 3432 3848 muneri—

1865 3883 1987 3951 bus,
2019 3885 2133 3950 sed,
2167 3882 2389 3937 Vultum
2422 3892 2593 3937 tuum.
2626 3880 2865 3936 Ecclesia
2906 3881 3051 3935 enim
3090 3898 3194 3938 non
3240 3883 3435 3941 adora-

1870 3987 1977 4044 tur,
2008 3976 2101 4032 sed
2134 3981 2296 4045 caput
2318 3971 2577 4028 Ecclesia:
2602 3972 2847 4029 Christus
2872 3972 2941 4040 ",
2967 3986 3129 4043 quem
3156 3972 3434 4044 Scriptura

1867 4071 2068 4125 vultum
2105 4065 2415 4136 appellavit.

184 4179 375 4215 σουσιν
422 4165 479 4215 ἐν
527 4162 735 4234 δώροις,
783 4163 934 4227 ἀλλὰ,
990 4163 1063 4215 Τὸ
1103 4163 1391 4233 πρόσωπον
1428 4162 1490 4215 τὸ
1536 4162 1648 4217 σόν.
1713 4163 1786 4217 Οὐ
1826 4162 1935 4234 γάρ
2011 4157 2307 4231 Ἐκκλησία
2375 4160 2783 4230 προσκυνεῖται,
2836 4156 2971 4211 ἀλλὰ
3036 4154 3137 4226 τῆς
3210 4154 3435 4227 Ἐκκλη-

183 4258 311 4321 ala;
343 4260 375 4329 ἡ
415 4259 621 4330 κεφαλὴ
647 4261 674 4312 ό
702 4259 954 4331 Χριστὸς,
980 4258 1039 4312 ὃν
1069 4261 1393 4327 πρόσωπον
1420 4259 1701 4331 ὠνόμασεν
1728 4261 1760 4331 ή
1795 4260 2009 4332 Γραφή.

260 4354 346 4407 Η.
386 4353 557 4408 Πᾶσα
596 4356 633 4420 ἠ
664 4354 813 4419 δόξα
846 4354 954 4424 τῆς
988 4355 1277 4425 θυγατρὸς
1317 4356 1421 4409 τοῦ
1454 4356 1763 4420 ,βασιλέως

1939 4359 2025 4411 ll.
2062 4354 2231 4410 Vens.
2272 4355 2355 4415 M,
2391 4353 2474 4409 15.
2516 4352 2700 4408 Omnis
2727 4351 2898 4424 gloria
2922 4351 3050 4420 ﬁliae
3083 4350 3219 4419 regis
3252 4349 3315 4402 ab
3346 4350 3398 4403 in
3419 4382 3432 4392 -

177 4447 429 4509 ἔσωθεν,
463 4447 532 4500 ἐν
563 4447 930 4515 κροσσωτοῖς
975 4448 1228 4516 γρυσοῖς
1270 4447 1758 4516 περιϐεϐλημένη,

177 4539 634 4608 πεποικιλμένη.
679 4540 1207 4611 Ἄπενεχθ-ήσονται
1234 4540 1309 4605 τῷ
1333 4541 1588 4605 βασιλεῖ
1610 4558 1757 4609 παρ-

178 4632 343 4685 θένοι
368 4633 558 4685 ὀπίσω
595 4633 801 4702 αὐτῆς.
841 4635 1054 4705 Ἐπειδὴ
1085 4633 1363 4706 ἐκαθάρθη
1396 4635 1471 4705 (7)
1510 4635 1617 4688 ἀπὸ
1649 4635 1755 4687 τῶν

1868 4460 1972 4513 tus,
2002 4449 2055 4503 in
2084 4448 2305 4517 ﬁmbriis
2335 4448 2509 4500 aureis
2537 4444 2951 4506 cirrumamicta,
2977 4443 3263 4511 variegntu.
3296 4440 3431 4508 ΑῙῙεο

1863 4552 2043 4595 rentur
2070 4543 2177 4610 regi
2199 4541 2425 4610 virgines
2457 4547 2575 4609 post
2604 4553 2740 4591 eam.
2778 4535 3066 4603 Postquam
3095 4542 3314 4603 purgata
3346 4544 3429 4587 est

1860 4636 1927 4687 ab
1971 4633 2210 4702 antiquis
2254 4631 2508 4701 nequitia:
2557 4627 2842 4691 doctrinis,
2878 4635 3065 4695 utpote
3106 4628 3427 4680 documento

252 4793 300 4823 ⁷³
327 4792 344 4846 l
371 4793 524 4851 Joan.
553 4813 633 4861 ιιι,
661 4797 713 4853 8.
792 4798 837 4829 ⁷⁸
865 4797 1095 4868 Philipp.
1127 4814 1188 4862 ιι,
1217 4798 1304 4852 10.
1381 4799 1427 4829 τ’
1457 4798 1654 4867 Ephes.
1698 4813 1750 4863 v,
1785 4797 1875 4852 2'5.

252 4910 501 4981 (99iillic
537 4912 799 4967 dissident
824 4912 965 4966 inter
988 4928 1045 4967 se
1071 4911 1218 4973 libri.
1256 4923 1312 4965 ut
1348 4913 1530 4967 videre
1564 4923 1644 4967 est
1695 4915 1747 4967 in

180 4980 326 5036 notis
349 4980 540 5035 Nobilii
594 4995 647 5035 et
697 4985 746 5036 in
784 4983 1057 5049 Hexuplis.
1099 4982 1273 5035 Editio
1320 4983 1491 5037 Paris.
1539 4995 1593 5038 et
1637 4986 1748 5037 duo

181 5068 315 5107 mss.
343 5055 806 5124 προσκυνήσουσιν
848 5053 1016 5124 αὐτῷ,
1060 5054 1365 5105 Adarabunt
1390 5072 1530 5110 eum.
1571 5055 1745 5108 Editio

180 5124 345 5177 llasil.
388 5133 443 5176 et
497 5139 587 5177 sex
642 5140 769 5179 mss.
826 5126 1221 5194 προσκυνήσεις
1269 5124 1436 5194 αὐτῷ,
1484 5126 1743 5178 Adorabis

176 5210 322 5266 eum,
350 5201 413 5266 et
455 5195 527 5247 ita
561 5195 659 5261 legi
710 5197 760 5248 in
816 5179 999 5266 Bi'bliis
1054 5179 1338 5249 m'ss.'tum
1388 5179 1569 5266 Regiis
1628 5206 1739 5248 tum

176 5265 507 5319 Colhcrtinis
534 5274 725 5317 auctor
754 5277 832 5318 est
860 5264 1189 5318 Ferrandus.

247 5335 325 5405 (ι)
356 5334 503 5404 Regii
562 5336 827 5389 secundus
868 5346 921 5387 ct
969 5335 1157 5388 tertius
1197 5350 1320 5388 cum
1379 5334 1532 5389 Coll).
1567 5334 1742 5403 primo

174 5404 592 5476 προσαγορεύει.
636 5405 736 5459 Alii
767 5420 893 5459 vero
935 5421 1062 5459 mss.
1100 5421 1221 5458 cum
1256 5407 1419 5459 editis
1471 5422 1741 5475 προσαγοο

213 5494 371 5529 ευων.

213 5494 371 5529 ευων.

174 5493 205 5544 ρ
245 5549 323 5614 (Ξ)
354 5546 485 5615 Reg.
524 5546 711 5599 tertius
740 5544 846 5598 τῶν
864 5546 1141 5616 πατρικῶν
1163 5545 1530 5617 παραδόσεων,
1562 5556 1740 5613 pater-

174 5635 362 5669 narum
394 5618 758 5670 lradilionum.

242 5688 320 5749 (5)
354 5687 451 5739 llic
477 5702 661 5739 rursus
687 5687 776 5741 alii
809 5702 935 5740 mss.
977 5687 1376 5756 προσκυνήσεις
1410 5683 1559 5754 αὑτῷ
1593 5699 1606 5713 ⁸
1646 5684 1737 5738 alii

173 5758 635 5828 προσκυνήσουσιν
653 5756 816 5827 αὐτῷ.

243 5829 318 5899 (ι)
361 5824 515 5897 Regii
551 5828 738 5883 tertius
766 5824 819 5883 et
840 5837 1022 5883 sextus
1054 5828 1416 5899 προσκυνήσει
1455 5825 1509 5878 δὲ
1559 5824 1726 5896 αὐτῷ,

1852 4911 2106 4965 Adorabit
2131 4919 2306 4964 autem
2347 4926 2463 4964 eum
2490 4911 2655 4964 omnis
2687 4919 2949 4963 creatura.

1924 4984 1999 5053 (5)
2032 4983 2121 5037 Sic
2148 4998 2280 5053 mss.
2316 4984 2384 5053 At
2410 4982 2575 5053 editio
2609 4980 2781 5035 Paris.
2820 4978 3211 5053 λιτανεύουσιν,
3248 4975 3419 5053 ⁸Ηιιιιιί

1849 5046 2006 5122 longe
2044 5052 2339 5107 Culhertini
2396 5052 2602 5120 primus
2650 5066 2704 5105 et
2762 5062 2948 5122 sextus
2999 5048 3329 5120 μητρόπολις
3362 5046 3419 5122 δὲ

1844 5117 2239 5193 τῆςνΧανανίας
2364 5117 2498 5176 Editi
2533 5138 2659 5176 vero
2687 5137 2807 5175 cum
2836 5117 3019 5174 multis
3054 5117 3185 5174 tusis.
3212 5117 3417 5189 μητρό-

1845 5195 1998 5259 πολις
2023 5194 2078 5247 δὲ
2102 5194 2198 5263 τῆς
2238 5194 2457 5246 Χαναὰν
2488 5194 2543 5263 ἡ.

1918 5270 1993 5335 (ti)
2020 5264 2093 5318 lta
2125 5260 2293 5335 Regii,
2327 5260 2617 5335 secundus.
2650 5260 2863 5335 tertius,
2910 5269 3154 5335 quartus.
3190 5260 3417 5335 quintus

1847 5347 1901 5390 et
1925 5328 2116 5389 sextus
2147 5352 2157 5387 :
2186 5328 2382 5402 quibus
2415 5333 2571 5400 plane
2594 5333 2937 5385 consentiunt
2968 5341 3016 5383 et
3047 5329 3249 5384 Catena
3280 5328 3414 5402 Cor-

1849 5407 1964 5458 dcr.
1995 5416 2045 5458 et
2078 5400 2369 5458 (lolbertini
2402 5405 2629 5463 primus,
2672 5403 2910 5468 quintus,
2948 5412 3133 5454 sextus
3162 5409 3218 5452 et
3245 5400 3415 5467 septi-

1853 5491 1991 5527 mus.
2036 5474 2170 5528 l’.diti
2199 5489 2323 5526 vero
2354 5474 2425 5525 Τὸ
2462 5471 2553 5524 σὸν
2584 5471 2639 5541 δὲ
2682 5470 2967 5541 πρόσωπον
3001 5470 3417 5541 προσκυνήσου-

1850 5561 1932 5597 σιν
1966 5547 2013 5596 οί
2048 5544 2287 5596 πλούσιοι
2310 5542 2401 5595 τοῦ
2438 5541 2591 5606 λαοῦ,
2621 5538 3022 5595 λιτανεύσουσιν
3047 5538 3108 5594 ίὲν
3129 5538 3340 5606 δώροις.

1922 5616 1996 5683 (7)
2035 5615 2209 5668 Editin
2247 5612 2418 5666 Paris.
2449 5627 2570 5683 cum
2636 5612 2769 5683 Reg.
2808 5624 3001 5680 quarto
3032 5621 3097 5683 iet
3134 5610 3286 5683 Coll».
3324 5623 3417 5663 se-

1848 5682 2015 5750 ptimo
2050 5683 2347 5754 ἐκαθάρθη.
2383 5682 2559 5754 Editio
2583 5696 2710 5735 vero
2746 5682 3000 5754 Basil.et
3029 5682 3176 5751 Regii
3211 5695 3413 5738 secun-

1845 5758 1944 5810 dus
1968 5766 2021 5812 et
2056 5750 2248 5811 tertius
2276 5750 2397 5808 cum
2426 5750 2583 5809 Colb.
2614 5761 2767 5807 sexto
2797 5750 3073 5827 καθήρθη.
