4098 6324
651 332 746 383 4η

1956 323 2013 376 S.
2058 318 2296 372 BASlIJI
2340 315 2551 369 MAGNI

3792 314 3892 364 “‘2

648 445 925 502 obsecuta,
953 452 1006 492 et
1037 441 1200 493 oblita
1240 439 1414 508 populi
1459 437 1537 488 sui
1584 447 1635 489 ct
1681 437 1870 487 domus
1907 439 2072 505 patris
2101 435 2205 495 sui,

2322 433 2555 487 παλαιῶν
2588 431 2928 502 διδαγμάτων
2966 432 3062 502 τῆς
3104 431 3384 504 πονηρίας,
3416 431 3788 486 ὑπακούσασα
3820 430 3892 497 τις.

650 542 833 585 narrat
881 545 1000 600 qua:
1050 533 1217 600 ipsam
1271 539 1516 598 spectant
1568 529 1805 596 Spiritus
1857 541 2096 582 sanctus.
2148 527 2210 580 Et

647 625 904 693 quoniam
934 625 1264 678 reconditam
1294 621 1610 676 munditiam
1637 621 1778 674 illius
1800 621 1936 675 vidit.
1963 637 1977 675 :
2005 621 2208 683 Omnis,

651 717 846 784 inquit,
873 715 1040 784 gloria
1061 714 1187 781 ﬁlia:
1217 717 1373 782 regis,
1401 716 1451 768 id
1475 724 1578 776 est,
1609 729 1817 782 sponsa:
1840 714 2063 777 Christi,
2094 725 2211 781 quae

652 808 872 860 tandem
905 820 998 874 per
1025 804 1366 871 adoptionem
1398 805 1502 858 lilia
1540 805 1679 873 regis
1717 802 1905 858 cﬂ'ecta
1953 807 2041 866 sit,
2071 804 2210 855 intus

650 909 746 950 est.
781 895 1078 950 Hortamur
1108 897 1221 951 haec
1253 898 1434 958 verba,
1470 906 1527 948 ut
1567 896 1632 949 ad
1667 896 1851 949 intima
1887 895 2213 950 ecclesiasti-

651 1004 729 1041 (ξω
753 987 937 1058 gloria:
961 1003 1158 1042 arcana
1187 998 1552 1056 penetremus,
1580 987 1721 1054 quod
1747 1002 1955 1056 sponsae
1981 983 2215 1052 pulchri-

655 1081 782 1134 Indo
815 1081 958 1134 intus
991 1082 1240 1134 exsistat.
1273 1078 1371 1144 Qui
1407 1079 1550 1130 enim
1600 1092 1658 1132 se
1702 1080 1929 1134 adornat
1967 1075 2110 1128 Patri
2161 1077 2212 1129 in

655 1172 972 1226 abscondito
1025 1170 1223 1223 videnti
1259 1169 1324 1233 ⁷³,
1357 1177 1735 1239 precaturque,
1771 1179 1826 1223 et
1873 1168 2050 1221 omnia
2097 1182 2215 1235 per-

651 1262 788 1332 agit,
823 1277 928 1316 non
973 1271 1029 1315 ut
1070 1262 1316 1314 videatur
1350 1262 1418 1315 ab
1449 1261 1755 1316 hominibus
1781 1261 1848 1324 "’,
1886 1259 1977 1313 sed
2023 1269 2080 1312 ut
2115 1259 2213 1313 soli

654 1353 762 1406 Deo
799 1351 1144 1415 innotescat;
1199 1352 1244 1404 is
1291 1351 1514 1420 perinde
1561 1367 1622 1404 ac
1664 1351 1804 1418 regis
1845 1349 1949 1401 ﬁlia
1993 1348 2213 1417 gloriam

652 1459 868 1498 omnem
911 1443 1241 1499 intrinsecus
1285 1445 1468 1499 habet.
1497 1444 1631 1508 Quin
1663 1442 1824 1495 etiam
1865 1442 2086 1495 ﬁmbriae
2119 1457 2216 1495 au-

658 1551 764 1591 rea:
811 1537 1010 1606 quibus
1065 1546 1172 1590 tota
1223 1535 1625 1589 circumamicta
1679 1543 1762 1587 est
1808 1548 1871 1588 ac
1920 1535 2216 1604 variegata,

652 1629 800 1681 intus
831 1638 975 1681 sunt.
1011 1627 1152 1680 Nihil
1192 1640 1407 1695 qnzeras
1441 1624 1492 1677 in
1532 1635 1758 1680 externo
1789 1640 1921 1680 auro
1946 1633 1998 1678 et
2026 1639 2217 1692 corpo-

656 1721 754 1773 rali
797 1721 1056 1773 varietate
1107 1760 1118 1772 .
1174 1718 1268 1772 sed
1321 1720 1574 1772 amictum
1622 1719 1905 1788 quemdam
1957 1716 2213 1784 intellige,

2313 524 2618 596 διδάγματι,
2648 526 2740 576 καὶ
2770 523 3132 594 ὲπιλαθομένη
3161 525 3252 577 τοῦ
3282 521 3407 577 λαοῦ
3441 522 3636 590 αὐτῆς,
3674 524 3778 575 καὶ
3805 521 3890 575 τοῦ

2311 615 2461 670 οἴκου
2498 615 2590 670 τοῦ
2621 615 2822 687 πατρὸς
2851 615 3035 685 αὐτῆς,
3067 615 3329 684 διηγεῖται
3375 616 3443 670 τὰ
3469 615 3598 686 περὶ
3627 617 3808 686 αὐτῆς
3839 619 3894 669 τι

2314 710 2536 779 Πνεῦμα
2569 711 2629 763 τὸ
2657 709 2826 778 ἆγιον.
2853 713 2963 763 Καὶ
2990 707 3175 778 ἐπειδὴ
3202 705 3307 762 εἶδε
3337 713 3434 783 τὴν
3469 712 3526 763 ὲν
3552 708 3632 778 τῷ
3662 713 3894 778 κρυπτῷ

2314 803 2679 874 καθαρότητα,
2727 800 2919 865 Πᾶσα,
2973 804 3156 873 φησὶν,
3203 802 3412 868 ἠδόξα
3443 805 3554 872 τῆς
3596 802 3893 869 θυγατρὸς

2313 892 2418 944 τοῦ
2446 894 2764 958 βασιλέως,
2806 895 3046 946 τουτέστι
3081 895 3179 961 (8).
3231 892 3326 961 τῆς
3371 895 3608 963 Χριστοῦ
3643 894 3888 962 νύμφης,

2311 987 2410 1053 τῆς
2437 986 2730 1054 γενομένης
2755 987 2936 1040 λοιπὸν
2967 985 3054 1037 διά
3080 987 3180 1056 τῆς
3202 986 3465 1047 υἱοθεσίας
3492 986 3780 1057 Θυγατρὸς
3802 984 3890 1035 τοῦ

2316 1072 2595 1144 βασιλέως,
2624 1075 2823 1130 ἔσωθεν
2848 1080 2981 1130 ἐστι.
3017 1077 3317 1147 Προτρέπει
3347 1080 3374 1128 ὁ
3403 1075 3558 1144 λόγος
3591 1081 3687 1131 επὶ
3711 1079 3784 1131 τά
3813 1079 3892 1129 ὲν-

2314 1171 2517 1224 δοτάτω
2555 1171 2748 1239 χωρεῖν
2782 1171 2880 1237 τῆς
2909 1169 3364 1237 ἔκκλησιαστικῆς
3395 1167 3551 1236 δόξης
3586 1171 3889 1240 μυστήρια..

2315 1265 2387 1325 ὡς
2420 1263 2564 1315 ἔνδον
2592 1263 2739 1324 ὖντος
2773 1260 2864 1312 τοῦ
2904 1261 3128 1323 κάλλους
3155 1260 3254 1327 τῆς
3285 1260 3520 1328 νύμφης.
3565 1259 3627 1313 Ὀ
3654 1261 3777 1330 γὰρ
3807 1262 3892 1311 εὑ-

2313 1355 2584 1425 τρεπίζων
2633 1354 2822 1406 ἑαυτὸν
2855 1352 2933 1433 τῷ
2960 1355 3132 1425 Πατρὶ
3161 1352 3238 1422 τῷ
3273 1353 3514 1421 βλέποντι
3555 1352 3616 1402 ὲν
3648 1353 3736 1421 τῷ
3764 1371 3893 1422 κρυ-

2317 1445 2453 1516 πτῷ,
2477 1445 2570 1498 καὶ
2594 1444 3038 1515 προσευχόμενος,
3071 1445 3163 1498 καὶ
3186 1443 3358 1496 πάντα
3382 1443 3638 1512 πράσσων
3661 1445 3731 1492 οὐ
3759 1444 3892 1511 πρὸς

2315 1540 2375 1592 τὸ
2414 1537 2671 1606 θεαθῆναι
2725 1540 2835 1601 τοῖς
2877 1535 3198 1608 ἀνθρώποις,
3251 1534 3382 1588 ἀλλὰ
3434 1534 3567 1604 πρὸς
3629 1533 3692 1584 τὸ
3748 1536 3893 1602 μόνῳ

2318 1631 2694 1703 φανερωθῆναι
2727 1629 2875 1700 Θεῷ·
2913 1622 3067 1693 οὗτος
3099 1630 3208 1700 ἔχει
3242 1629 3417 1679 πᾶσαν
3442 1627 3538 1696 τὴν
3571 1624 3738 1689 δόξαν
3769 1625 3894 1677 ἔσω-

2319 1722 2430 1787 θεν,
2461 1723 2535 1784 ὡς
2552 1721 2643 1773 καὶ
2670 1724 2700 1790 ἡ
2728 1718 2972 1788 θυγάτηρ
2993 1718 3085 1770 τοῦ
3117 1717 3391 1788 βασιλέως.
3421 1716 3528 1768 Καὶ
3547 1713 3621 1766 τὰ
3642 1730 3892 1783 κροσσω-

653 1813 744 1879 qui
783 1811 981 1882 dignus
1037 1812 1105 1864 sit
1151 1813 1239 1879 qni
1290 1827 1410 1864 cum
1452 1811 1539 1876 qui
1593 1810 1881 1863 secundum
1920 1807 2213 1862 conditoris

2322 1818 2381 1870 τὰ
2405 1817 2582 1868 τοίνυν
2613 1813 2678 1866 τὰ
2706 1813 2781 1880 (9)
2805 1812 2997 1880 χρυσᾶ,
3026 1806 3105 1872 οἷς
3149 1809 3527 1880 περιϐέϐληται
3568 1808 3665 1858 καὶ
3700 1806 3893 1857 πεποί-

654 1902 943 1972 imaginem
977 1912 1052 1954 cst
1089 1910 1336 1962 exornet,
1364 1910 1422 1953 ut
1446 1902 1521 1953 ait
1543 1899 1829 1967 Apostolus
1861 1916 1872 1951 :
1903 1897 2216 1966 Exspolian-

653 2003 730 2045 te:
763 2001 979 2046 ueterem
1009 1991 1297 2055 hominem,
1321 2000 1368 2043 et
1403 1991 1672 2044 induenles
1706 2006 1913 2053 novum,
1941 1990 2030 2058 qui
2064 2007 2217 2043 reno-

652 2095 806 2138 uatur
829 2085 895 2137 ad
922 2084 1242 2154 agnitionem
1265 2085 1551 2137 secundum
1583 2085 1830 2136 creatoris
1855 2085 2127 2152 imaginem
2147 2083 2213 2135 ⁸⁸.

663 2173 747 2235 Et,
783 2174 872 2240 qui
920 2171 1091 2226 induit
1135 2171 1345 2225 Viscera
1393 2174 1788 2235 misericordiw,
1828 2173 2213 2239 benignitatem,

655 2265 1024 2327 humilitatem,
1069 2264 1398 2329 patientiam,
1444 2265 1893 2316 mansuetudinem
1927 2262 1994 2327 ⁸¹,
2041 2263 2084 2316 is
2138 2263 2218 2317 in-

656 2355 923 2408 trinsecus
956 2355 1186 2407 amictus
1220 2364 1320 2420 est,
1355 2365 1410 2407 et
1445 2355 1737 2408 secundum
1777 2354 2088 2409 interiorem
2122 2356 2219 2410 ho-

653 2447 854 2500 minem
895 2456 1141 2500 ornatus.
1173 2445 1279 2500 Sed
1314 2455 1367 2500 et
1403 2444 1600 2500 Paulus
1633 2447 1909 2511 admonet,
1943 2457 2000 2500 ut
2029 2446 2219 2500 indua-

655 2552 775 2590 mus
809 2535 1094 2592 Dominum
1124 2536 1310 2591 Jesum
1341 2538 1412 2602 ⁸³,
1448 2554 1553 2592 non
1593 2538 1886 2592 secundum
1935 2550 2216 2591 externum

657 2629 954 2692 hominem,
991 2632 1082 2684 sed
1135 2641 1191 2682 ut
1245 2642 1475 2683 mentem
1528 2639 1766 2682 nostram
1811 2630 1903 2682 Dei
1958 2629 2217 2683 memoria

654 2723 1031 2790 circumtegat.
1081 2721 1330 2774 Arbitror
1385 2729 1564 2775 autem
1631 2721 1931 2790 spiritalem
1995 2723 2217 2790 prattexi

657 2820 885 2876 vestem,
919 2825 1038 2863 cum
1086 2811 1230 2865 actio
1271 2812 1530 2866 doctrinae
1564 2815 1724 2867 verbo
1757 2827 1936 2868 comes
1978 2814 2219 2884 adiungi-

659 2912 768 2956 tur.
794 2901 1255 2968 Quemadmodum
1302 2904 1444 2955 enim
1477 2905 1775 2972 corporalis
1805 2906 1967 2959 vestis
1999 2907 2216 2970 texitur,

657 3010 780 3048 cum
819 2995 1132 3064 subtegmen
1169 2994 1458 3048 innectitur
1487 2995 1727 3061 stamini,
1764 2996 1835 3048 ita
1873 2998 1958 3049 ubi
1995 2999 2216 3049 verbum

659 3086 959 3153 prmcessit,
998 3086 1043 3140 si
1089 3087 1246 3140 modo
1297 3086 1535 3141 actiones
1581 3095 1950 3142 consentanete
1999 3088 2217 3154 subjun-

658 3188 877 3247 gantur,
902 3178 1312 3232 venustissimus
1336 3180 1560 3233 amictus
1585 3179 1775 3233 animae
1801 3177 1988 3232 conﬁci
2019 3188 2213 3247 potest,

658 3267 814 3336 cuius
844 3267 1053 3321 scilicet
1079 3269 1184 3320 vita
1231 3284 1296 3321 ex
1328 3273 1641 3339 praescripto
1671 3273 1885 3325 virtutis
1925 3281 2064 3335 acta,
2100 3288 2218 3326 ser-

662 3374 822 3413 mone
849 3368 903 3413 et
929 3374 1092 3428 opere
1117 3363 1470 3427 compleatur.
1503 3362 1752 3415 Fimbriae
1783 3375 1956 3417 autem
1993 3367 2222 3433 pendent

660 3466 690 3503 a
737 3452 959 3516 vestitu,
992 3453 1300 3522 spirituales
1349 3464 1402 3506 et
1440 3455 1519 3506 hat
1559 3455 1704 3520 ipszc,
1741 3458 1809 3508 ob
1845 3457 2002 3524 idque
2047 3473 2223 3512 aureae

660 3558 782 3598 esse
829 3545 1103 3598 dicuntur.
1158 3543 1422 3610 Quoniam
1475 3560 1606 3598 sane
1658 3545 1878 3599 verbum
1927 3549 2098 3615 majus
2141 3560 2223 3602 est

661 3650 850 3705 opere,
893 3636 1094 3691 idcirco
1121 3646 1202 3692 est
1234 3637 1379 3691 velut
1415 3636 1620 3690 ﬁmbria
1647 3640 1890 3706 quaedam
1919 3652 1947 3690 a
2010 3648 2220 3693 textura

666 3730 734 3782 ad
761 3729 1026 3783 actionem
1061 3729 1384 3783 redundans.
1441 3729 1752 3798 Sequuntur
1798 3739 1973 3782 autem
2013 3731 2220 3784 Domini

665 3834 920 3885 sponsam
957 3819 1152 3872 animae
1174 3820 1436 3888 quaedam,
1467 3834 1583 3886 quae
1603 3819 1897 3873 seminibus
1924 3819 2221 3873 alienarum

668 3911 1040 3963 doctrinarum
1075 3912 1218 3964 haud
1265 3913 1554 3981 susceptis,
1600 3912 1926 3965 adducentur
1984 3912 2116 3981 regi,
2145 3925 2225 3965 se-

670 4011 898 4069 quentes
923 4015 1197 4068 sponsam.
1240 4003 1344 4056 Sed
1374 4013 1427 4057 et
1454 4005 1676 4058 audiant
1715 4019 1833 4071 qua:
1865 4005 2223 4074 virginitatem

675 4090 899 4144 Domino
932 4097 1213 4153 voverunt,
1249 4093 1391 4159 quod
1424 4093 1660 4161 virgines
1701 4095 1809 4162 regi
1842 4096 2178 4149 adducentur
2210 4112 2225 4161 ;

670 4184 925 4250 virgines,
952 4183 1190 4251 inquam,
1222 4197 1338 4252 quae
1371 4185 1627 4252 proxima:
1654 4194 1778 4237 sunt
1810 4185 2087 4252 Ecclesia,
2111 4203 2230 4256 qum

671 4287 792 4347 post
821 4277 990 4346 ipsam
1016 4285 1335 4345 sequuntur,
1367 4291 1465 4330 nec
1488 4277 1739 4330 aberrant
1768 4277 1836 4329 ab
1859 4278 2227 4333 ecclesiastica

673 4367 979 4436 disciplina.
1003 4366 1165 4420 Vsus.
1190 4365 1273 4419 16.
1311 4367 1648 4418 Adducentur
1675 4365 1834 4436 169
1869 4376 2040 4419 autem
2066 4368 2230 4436 virgi-

2316 1907 2493 1960 κιλται
2526 1905 2642 1977 ὅλη,
2679 1902 2897 1957 ἔσωθεν.
2935 1901 3115 1971 Μηδὲν
3157 1901 3306 1968 ζήτει
3353 1902 3408 1954 ὲν
3446 1900 3522 1968 τῷ
3554 1899 3661 1964 ἔξω
3702 1897 3892 1967 χρυσῴ

2315 1999 2409 2052 καὶ
2431 2001 2496 2068 τῇ
2526 1999 2804 2066 σωματικῇ
2842 1993 3080 2063 ποικιλία
3100 2009 3112 2023 ’
3143 1992 3276 2045 ἀλλὰ
3309 1990 3595 2060 περιϐολὴν
3624 1991 3737 2041 νόει
3775 1991 3894 2038 τινα

2316 2090 2468 2155 ἀξίαν
2514 2089 2792 2158 κοσμῆσαι
2832 2089 2920 2141 τὸν
2957 2087 3075 2138 κατ’
3107 2083 3298 2136 εἰκόνα.
3324 2082 3414 2134 τοῦ
3454 2082 3765 2142 κτίσαντος,
3820 2080 3892 2140 ὣς

2316 2197 2480 2252 φησιν
2524 2183 2552 2233 ό
2591 2180 2941 2243 Ἀτόστολος·
3004 2176 3425 2246 Έκδυσάμενοι
3467 2175 3574 2227 τὸν
3624 2174 3896 2225 παλαιὴ·

2311 2274 2644 2341 ἄνθρωπον,
2695 2271 2793 2323 καὶ
2836 2268 3231 2339 ἐνδυσάμενοι
3271 2269 3378 2322 τὸν
3413 2267 3572 2331 νέον,
3601 2269 3713 2320 τὸν
3751 2268 3895 2319 ἀνα-

2315 2366 2709 2433 καινούμενον
2755 2365 2843 2427 εἱς
2871 2365 3197 2432 ἐπίγνωσιν
3234 2363 3359 2414 κατ’
3386 2361 3588 2414 εἰκόνα
3633 2359 3743 2411 τοῦ
3772 2360 3893 2408 κτί-

2314 2475 2560 2522 σαντος.
2608 2456 2717 2508 Καὶ
2752 2459 2779 2508 ό
2815 2456 3167 2524 ἐνδυσάμενος
3197 2454 3251 2506 δὲ
3283 2453 3393 2522 (10)
3444 2450 3783 2518 Salii-mra
3822 2453 3896 2502 cl-

2315 2548 2580 2615 κτιρμοῦ,
2614 2551 3010 2615 χρηστότητα,
3046 2544 3622 2611 ταπεινοφροσύνην,
3665 2557 3894 2608 μακρο-

2317 2639 2554 2705 θυμίαν,
2586 2638 2906 2704 πραότητα,
2959 2633 3166 2687 ἔνδοθεν
3223 2632 3628 2706 περιὸἐδληται.
3659 2632 3759 2684 καὶ
3809 2631 3896 2681 τὸν

2318 2731 2424 2783 ἔσω
2451 2731 2730 2802 ἄνθρωπον
2753 2729 3102 2802 κεκόσμηται.
3132 2728 3289 2781 Καὶὸ
3317 2725 3524 2789 Παῦλος
3551 2726 3609 2778 δὲ
3636 2727 3897 2793 παραινεῖ

2319 2821 2635 2874 ἐνδύσασθαι
2664 2821 2772 2890 (Η)
2803 2820 2891 2872 τὸν
2917 2820 3116 2890 Κύριον
3157 2818 3380 2889 Ἰησοῦν,
3409 2819 3466 2869 οὐ
3501 2816 3642 2868 κατὰ
3675 2816 3767 2866 τὸν
3794 2815 3897 2875 ἔξω

2319 2914 2621 2983 ἄνθρωπον,
2651 2913 2766 2964 ἀλλ’
2791 2913 2875 2963 ἵνα
2902 2913 2991 2963 τὸν
3025 2912 3148 2962 νοῦν
3173 2910 3323 2980 ἡμῶν
3350 2913 3380 2977 ἡ
3410 2909 3501 2960 τοῦ
3529 2906 3664 2958 Θεοῦ
3703 2907 3894 2974 μνήμη

2319 3001 2718 3073 περισκεπάζῃ.
2794 2998 2959 3069 Οἶμαι
3024 3000 3080 3050 δὲ
3136 3001 3195 3050 τὸ
3249 2996 3616 3065 πνευματικὸν
3677 2996 3899 3063 ἱμάτιον

2319 3095 2713 3163 ὲξυφαίνεσθαι,
2755 3097 2882 3148 ὅταν
2927 3095 3004 3164 τῷ
3050 3092 3336 3160 διδακτικῷ
3367 3090 3507 3160 λόγῳ
3539 3091 3570 3159 ἡ
3606 3091 3896 3150 ἀκόλουθος

2319 3186 2679 3256 ἐπιπλέκηται
2725 3175 2940 3254 πρᾶξιςξ
2991 3184 3197 3253 Ὥσπερ
3243 3180 3351 3251 γὰρ
3391 3181 3468 3250 τῷ
3513 3182 3744 3250 στήμονι
3803 3181 3898 3246 τῆς

2323 3278 2525 3349 κρόκης
2546 3277 2975 3346 ὲπιπλεκομένης
2991 3277 3051 3328 τὸ
3084 3273 3390 3344 σωματικὸν
3423 3271 3638 3342 ἱμάτιον
3671 3271 3898 3337 ἐξυφαί-

2323 3387 2500 3423 νεται·
2532 3369 2674 3422 οὕτω
2703 3369 2793 3421 τοῦ
2828 3369 2986 3436 λόγου
3020 3365 3452 3438 προῦιρεστῶτος,
3494 3367 3543 3416 εί
3586 3360 3898 3422 ἀκολούθως

2325 3463 2381 3514 αἱ
2409 3459 2633 3530 πράξεις
2665 3461 2970 3527 ἐπάγοιντο,
3007 3459 3304 3527 σεμνοτάτη
3339 3473 3421 3518 τις
3459 3455 3523 3508 ἂν
3558 3455 3776 3520 γένοιτο
3809 3471 3900 3504 πε-

2328 3551 2513 3622 ριϐολὴ
2562 3551 2661 3619 τῆς
2702 3551 2897 3620 ψυχῆς,
2933 3550 3073 3619 λόγῳ
3108 3549 3201 3602 καὶ
3244 3548 3387 3617 ἔργῳ
3418 3546 3508 3596 τὸν
3547 3545 3669 3596 κατ’
3696 3546 3900 3613 ἀρετὴν

2329 3643 2440 3712 βίον
2481 3641 3018 3712 συμπεπληρωμένον
3055 3639 3299 3708 ἐχούσης.
3334 3637 3572 3706 Κροσσοί
3603 3635 3663 3687 δὲ
3694 3637 3903 3687 ἀπαιω-

2330 3733 2545 3802 ροῦνται
2602 3729 2690 3785 τοῦ
2750 3732 2985 3800 ἱματίου,
3033 3731 3212 3799 νοητοὶ
3268 3729 3360 3780 καὶ
3405 3719 3584 3779 οὗτοιο
3653 3727 3737 3778 διὸ
3810 3729 3900 3778 καὶ

2327 3826 2516 3892 χρυσοῖ
2561 3819 2695 3874 εἶναι
2745 3821 3008 3888 λέγονται.
3067 3819 3389 3888 Ἐπειδήττερ
3432 3821 3460 3869 ὁ
3488 3817 3647 3884 λόγος
3697 3815 3899 3868 πλείωι

2327 3915 2444 3966 ἐστὶ
2485 3913 2578 3966 τοῦ
2635 3914 2816 3984 ἔργου,
2850 3913 3011 3966 οἱονεὶ
3053 3911 3280 3982 κροσσός
3313 3912 3395 3974 τίς
3449 3913 3598 3962 ἐστιν
3649 3911 3758 3962 ἀπὸ
3808 3911 3899 3961 τοῦ

2329 4008 2465 4078 πρὸς
2491 4007 2589 4077 τὴν
2631 4002 2825 4075 πρᾶξιν
2867 4006 3181 4074 ὑφάσματος
3226 4001 3586 4074 περισσεύων.
3629 4001 3899 4053 Ἔπονται

2331 4101 2387 4153 δὲ
2424 4102 2487 4170 τῇ
2521 4099 2707 4170 νύμφη
2749 4097 2841 4150 τοῦ
2874 4097 3076 4168 Κυρίου
3111 4096 3278 4165 ψυχαί
3311 4112 3473 4157 τινες,
3503 4096 3559 4146 αἱ
3603 4093 3680 4163 μὴ
3717 4110 3899 4163 παρα-

2331 4190 2619 4259 δεξάμεναι
2658 4188 2941 4258 σπέρματα
2976 4187 3084 4257 (12)
3130 4188 3301 4255 λόγων
3345 4185 3662 4254 ἀλλοτρίων,
3699 4184 3900 4243 αἵτινες

2334 4281 2788 4350 ἁπενεχθήσονται
2831 4278 2907 4347 τῷ
2955 4279 3192 4348 βασιλεῖ.
3235 4277 3617 4336 ἀκολουθοῦσαι
3665 4279 3731 4343 τῇ
3773 4276 3900 4342 νύμ-

2334 4388 2428 4443 φῃ.
2468 4371 2835 4422 Ἀκουέτωσαν
2868 4371 2923 4421 δὲ
2958 4369 3049 4420 καὶ
3081 4371 3135 4419 αἱ
3174 4367 3269 4437 τὴν
3302 4367 3594 4436 παρθενίαν
3627 4367 3806 4432 erun-
3821 4365 3899 4415 5}-

675 4473 771 4512 nes
813 4459 867 4510 in
907 4457 1089 4512 lwtitia
1114 4469 1160 4512 et
1195 4459 1564 4521 exsultatione,
1605 4457 1860 4510 ducentur
1893 4459 1947 4511 in
1982 4459 2220 4528 templum

2333 4461 2550 4531 λόμεναι
2583 4460 2657 4529 τῷ
2686 4461 2892 4530 Κυρίῳ,
2919 4461 2999 4512 ὅτι
3028 4459 3281 4529 παρθένοι
3311 4456 3774 4526 ἀπενεχθήσονται
3820 4455 3896 4523 τῷ

676 4553 832 4619 regis.
865 4550 978 4606 Non
1003 4565 1122 4614 qua:
1155 4560 1356 4606 coacta:
1384 4550 1744 4620 virginitatem
1776 4549 2078 4614 subierunt,
2119 4565 2224 4604 non

675 4656 795 4709 qnze
829 4656 893 4694 ex
923 4642 1139 4695 tristitia
1169 4650 1264 4695 aut
1293 4642 1616 4696 necessitate
1656 4650 1858 4695 castam
1891 4641 2053 4694 vitam
2104 4648 2231 4693 sunt

679 4732 934 4800 arntplexa:
958 4751 972 4785 :
1007 4735 1100 4786 sed
1119 4748 1239 4801 qua:
1267 4734 1318 4787 in
1348 4733 1527 4787 laetitia
1546 4741 1599 4786 et
1625 4733 1982 4787 exsultatione
2006 4734 2074 4786 ob
2103 4746 2231 4801 prte-

674 4825 883 4877 clarnm
911 4823 1012 4877 hoc
1052 4825 1261 4877 facinus
1302 4826 1557 4892 gaudent,
1609 4825 1688 4878 hae
1723 4824 2060 4878 adducentur
2095 4823 2230 4890 regi,

677 4918 1049 4985 ducentnrque
1092 4930 1196 4970 non
1250 4915 1301 4968 in
1354 4916 1626 4983 vulgarem
1659 4916 1855 4981 locum,
1891 4915 1982 4970 sed
2018 4916 2068 4969 in
2098 4923 2235 4969 tem-

678 5008 822 5077 plum
880 5009 1047 5075 regis.
1082 5008 1210 5061 Nam
1244 5023 1368 5063 vasa
1399 5022 1578 5072 sacra,
1613 5024 1735 5078 qua:
1781 5024 1886 5063 non
1934 5007 2237 5077 inquinavit

757 5208 802 5239 ⁷³
839 5205 1028 5259 Matth.
1063 5220 1136 5273 vt,
1167 5205 1225 5270 4,
1259 5205 1311 5258 6.
1387 5205 1432 5237 "’
1465 5205 1594 5259 ibid.
1626 5206 1679 5261 1.

753 5360 820 5434 (8)
846 5361 1039 5434 Totum
1060 5361 1212 5426 illud,
1234 5362 1332 5432 τῆς
1359 5361 1624 5433 θυγατρὸς
1648 5361 1742 5434 τοῦ
1764 5361 2052 5431 βασιλέως,
2083 5379 2236 5414 τουτ-

679 5433 815 5493 έστι,
859 5433 910 5484 ἱιι
941 5434 1141 5486 nostris
1174 5445 1375 5499 septem
1408 5449 1536 5484 mss.
1570 5433 1932 5486 desideratur.

752 5502 825 5569 (9)
858 5502 949 5554 Sic
979 5517 1109 5555 mss.
1137 5505 1396 5569 quinque.
1428 5501 1565 5554 Editi
1608 5501 1891 5571 κροσσωτά
1918 5502 1973 5554 δὲ
2007 5502 2091 5554 τά.

755 5571 863 5639 (l0)
894 5573 965 5623 lla
1025 5571 1175 5640 Regii
1226 5574 1513 5633 secundus,
1546 5584 1771 5638 quartus
1815 5584 1866 5623 et
1913 5583 2094 5623 sextus
2120 5585 2240 5621 cum

680 5641 1003 5695 Colbertinis
1043 5651 1196 5695 sexto
1246 5656 1301 5693 et
1360 5643 1606 5709 septimo.
1644 5640 1839 5694 Vocula
1893 5640 1951 5692 δέ
2005 5645 2155 5693 deest
2192 5643 2241 5692 in

678 5711 862 5766 editis.
930 5710 1127 5766 Ibidem
1175 5711 1303 5765 editi
1362 5722 1414 5766 ct
1463 5712 1697 5780 quinque
1751 5727 1879 5766 mss.
1929 5709 2240 5779 οἰκτιρμοῦ.

1755 5204 1799 5237 ⁸⁸
1825 5205 1984 5259 Colos
2015 5220 2095 5270 tu,
2125 5205 2179 5270 9,
2214 5204 2302 5259 10.

2335 4551 2571 4623 βασιλεῖ·
2605 4551 2861 4620 παρθένοι
2887 4550 2964 4612 δὲ,
2997 4551 3050 4603 αἱ
3087 4549 3307 4619 πλησίον
3337 4543 3491 4601 οὖσαι
3520 4547 3621 4615 τῆς
3669 4546 3899 4613 Ἐκκλη-

2335 4643 2476 4706 σίας,
2517 4642 2768 4696 diditione
2798 4641 2965 4711 αὐτῆς
3010 4641 3290 4710 ἑπόμεναι,
3320 4640 3412 4692 καὶ
3449 4638 3522 4708 μὴ
3571 4637 3898 4689 ἀποπλανιῷ

2340 4752 2495 4806 μεναι
2529 4733 2628 4803 τῆς
2659 4733 3111 4803 ὲκκλησιαστικῆς
3134 4731 3401 4794 εὐταξίας.
3438 4729 3900 4797 Ἀπενεχθήσσν-

2338 4842 2431 4877 ται
2473 4821 2540 4875 δὲ
2578 4823 2632 4876 αἱ
2672 4823 2926 4893 παρθένοι
2967 4821 3036 4874 ἐν
3090 4822 3435 4890 εὐφροσύνῃ
3468 4831 3566 4872 καί
3611 4819 3897 4888 cinnata"

2338 4933 2451 4980 σει,
2477 4915 2845 4983 ἀχθήσονται
2882 4917 2967 4979 εἱς
2997 4913 3145 4967 ναὸν
3171 4913 3493 4978 βασιλέως.
3520 4913 3637 4982 Οὐχ
3666 4916 3723 4966 αἱ
3768 4931 3898 4965 κατ-

2338 5007 2767 5079 ηναγκασμένως
2817 5006 3139 5058 ὑπελθοῦσαι
3176 5007 3273 5076 τὴν
3319 5005 3638 5077 παρθενίαν,
3684 5005 3804 5058 οὐδὲ
3849 5006 3897 5056 αἱ

2376 5205 2420 5235 ⁶¹
2456 5204 2582 5258 ibid.
2618 5204 2700 5257 12.
2775 5204 2821 5236 ³²
2853 5202 3008 5258 Rom.
3040 5220 3157 5269 xm,
3191 5204 3277 5257 14.

2346 5361 2736 5434 Regaﬁ-cum
2791 5362 3005 5434 vulgato
3054 5372 3208 5434 textu
3261 5362 3451 5417 Graeco
3513 5364 3834 5434 οἰκτιρμῶν.

2417 5431 2527 5499 (Η)
2562 5431 2651 5484 Sic
2688 5431 2837 5500 Regii
2867 5433 3156 5496 secundus,
3184 5445 3411 5501 quartus
3441 5445 3494 5485 et
3533 5431 3722 5487 sextus
3750 5432 3900 5500 ιι-ομιε

2347 5516 2411 5554 ac
2459 5502 2749 5572 Colltertini
2807 5503 3035 5569 prinms,
3078 5513 3262 5572 sextus
3308 5515 3362 5556 et
3424 5505 3711 5572 septimus.
3764 5505 3897 5558 Editi

2343 5587 2624 5641 verorum
2658 5570 2785 5636 Reg.
2826 5574 3014 5641 quitth
3040 5570 3350 5627 ἐνδύσασθε.

2411 5640 2522 5707 (t2)
2555 5641 2693 5724 E'diti
2717 5640 2973 5696 cuinuno
3001 5653 3091 5696 aut
3118 5643 3285 5697 altero
3311 5659 3408 5697 ms.
3442 5643 3684 5714 σπέρμα.
3719 5645 3780 5697 At
3802 5659 3896 5698 sex

2347 5726 2474 5765 n'ss.
2506 5727 2815 5780 σπερματα.
