4098 6324
194 383 300 436 ﬁt;
1286 378 1561 433 ΠΟΜΙΙΛΑ
1607 377 1673 431 IN
1709 378 2032 433 PSALMUM
2058 374 2237 431 XLIV.

3324 386 3426 437 ιιι

190 504 259 553 ἐκ
303 500 475 569 λύπης
520 500 552 571 ἢ
589 498 647 563 ἐξ
693 500 934 571 ἀνάγκης
980 500 1401 570 καταδεξάμεναι
1444 500 1536 552 τὸν
1570 500 1753 569 σεμνὸν

1864 501 2127 553 humanus
2157 514 2303 565 usus,
2337 498 2389 552 in
2418 510 2605 554 sancta
2640 510 2949 555 sanctorum
2986 502 3423 561 introducentm-,

190 595 330 664 βίον,
370 593 484 646 ἀλλ’
523 595 581 643 ai
615 593 671 643 ἐν
703 592 1003 663 εὐφροσύνῃ
1052 593 1143 644 καὶ
1190 594 1504 660 ἀγαλλιάσει
1549 594 1640 644 ἐπὶ
1682 593 1757 661 τῷ

189 686 420 756 τοιούτῳ
483 682 857 755 κατορθώματι
923 684 1206 753 χαίρουσαι
1257 684 1401 754 (15),
1446 676 1604 736 αὗται
1654 683 1758 735 ἀπ-

188 778 571 849 ενεχθήσονται
602 776 678 846 τῷ
714 776 935 846 βασιλεῖ,
968 776 1059 827 καὶ
1080 774 1403 846 ἀχθήσονται
1439 776 1537 827 οὐκ
1566 775 1645 837 είς
1669 773 1758 826 τὸν

186 868 424 939 τυχόντα
445 867 627 934 τόπον,
656 867 766 918 ἀλλ’
810 867 887 929 είς
916 866 1006 918 τὸν
1050 865 1179 920 ναὸν
1223 865 1316 919 τοῦ
1357 866 1636 936 βασιλέως.
1677 863 1757 917 Τά

186 962 301 1032 γὰρ
361 959 608 1031 ἱερατικά
661 958 862 1027 σκεύη,
911 958 947 1012 ἀ
984 958 1083 1011 οὐκ
1133 958 1389 1028 ἐμόλυνεν
1446 956 1754 1027 ἀνθρωπίνη

186 1054 408 1123 χρῆσις,
440 1056 517 1113 είς
560 1052 626 1104 τὰ
660 1050 790 1118 ἅγια
832 1051 939 1102 τῶν
968 1050 1134 1119 ἁγίων
1173 1051 1626 1121 είσενεχθήσεται,
1662 1050 1758 1102 καὶ

185 1146 441 1209 ἐξουσίαν
481 1143 588 1211 ἕξει
620 1144 716 1214 τῆς
756 1146 835 1205 είς
880 1143 947 1197 τὰ
994 1143 1161 1197 ἄδυτα
1194 1142 1448 1214 παρόδου,
1489 1143 1623 1194 ὅπου
1672 1141 1760 1211 βέ-

1863 592 2050 661 eisque
2073 592 2254 645 licebit
2294 592 2359 645 ad
2383 594 2539 662 adyta
2566 597 2848 660 accedere,
2880 595 2967 648 ubi
3012 594 3217 663 profani
3258 601 3422 664 pedm

1865 699 1970 737 non
2004 684 2374 738 ambulabunt.
2408 686 2615 751 Quanta
2644 696 2821 740 autem
2866 702 2952 741 res
2990 688 3060 741 sit
3090 688 3141 740 in
3171 690 3421 754 templum

1866 776 2010 845 regis
2049 776 2260 845 adduci,
2290 776 2554 846 PrOpheta
2606 778 2718 847 ipse
2764 779 3024 843 ostendit,
3073 794 3169 847 pro
3220 794 3277 832 se
3312 780 3424 847 ipso

1862 882 2025 922 orans
2054 882 2117 923 ac
2141 868 2383 924 dicens”
2406 892 2416 923 :
2443 867 2612 923 Unam
2635 869 3070 937 petiiaDomino,
3093 871 3224 923 hanc
3256 872 3424 936 requi-

1863 976 1976 1012 ram
2001 975 2020 1014 :
2048 971 2101 1014 ut
2123 962 2405 1015 inhabilem
2435 962 2489 1015 in
2517 964 2673 1015 domo
2696 961 2905 1015 Domini
2954 963 3193 1015 omnibus
3239 964 3418 1014 diebus

1862 1053 1981 1107 vita
2009 1070 2171 1119 mem;
2197 1066 2250 1107 ut
2284 1055 2488 1109 videam
2515 1056 2825 1124 voluptatem
2874 1054 3105 1120 Domini,
3142 1066 3189 1107 et
3222 1056 3421 1108 visitem

1864 1145 2109 1212 templum
2136 1146 2270 1217 ejus.

184 1236 345 1306 ϐηλοι
385 1235 541 1297 πόδες
568 1234 625 1286 οὐ
656 1235 1131 1305 περιπατήσουσιν.
1170 1234 1379 1287 Ἦλίκον
1411 1234 1467 1286 δέ
1498 1234 1614 1285 ἐστι
1655 1233 1716 1285 τὸ
1752 1231 1979 1303 ἀχθῆναι
2011 1238 2092 1299 είς
2123 1239 2245 1289 ναὸν
2280 1238 2562 1308 βασιλέως,
2592 1239 2620 1291 ό
2652 1239 2939 1308 Προφήτης
2968 1236 3252 1299 δείκνυσιν,
3281 1236 3421 1304 ὑπὲρ

182 1326 384 1381 ἑαυτοῦ
420 1325 857 1396 προσευχόμενος
898 1328 992 1379 καὶ
1056 1326 1259 1393 λέγων·
1298 1327 1457 1378 Μίαν
1492 1324 1818 1393 ᾐτησάμην
1855 1327 2015 1394 παρὰ
2056 1330 2298 1397 Κυρίου,
2340 1332 2565 1397 ταύτην
2602 1327 2863 1396 ζητήσω’
2906 1329 2971 1381 τὸ
3020 1327 3311 1381 κατοικεῖν
3344 1346 3420 1396 με

179 1431 255 1477 ἐν
281 1425 425 1489 οικῳ
452 1423 669 1490 Κυρίου
695 1422 896 1487 πάσας
926 1421 1031 1487 τὰς
1062 1419 1284 1489 ἡμέρας
1305 1419 1414 1489 τῆς
1441 1418 1588 1489 ζωῆς
1610 1438 1749 1490 μου,
1789 1421 1895 1474 τοῦ
1960 1424 2197 1492 θεωρεῖν
2250 1443 2327 1494 με
2360 1425 2470 1495 (14)
2503 1424 2614 1493 τὴν
2648 1424 3009 1492 τερπνότητα
3039 1422 3281 1489 Κυρίου,
3321 1421 3418 1473 καί

177 1518 651 1571 ἐπισκέπτεσθαι
676 1517 781 1571 τὸν
807 1517 956 1571 ναὸν
980 1514 1190 1569 αὑτοῦ.

260 1611 349 1664 12.
394 1612 538 1665 Ἄντί
574 1610 693 1665 τῶν
736 1610 1002 1678 πατέρων
1042 1624 1160 1664 σου
1205 1609 1620 1681 ἐγεννήθησαν
1647 1612 1755 1683 (15)

178 1708 237 1757 οἰ
282 1705 401 1756 υΙοί
440 1718 588 1757 σουο
630 1702 1027 1769 καταστήσεις
1068 1704 1289 1769 αὐτοὺς
1326 1704 1618 1774 ἄρχοντας
1658 1705 1756 1757 ἐπὶ

1930 1611 2017 1666 12.
2045 1611 2207 1665 Vens.
2236 1609 2321 1663 17.
2355 1607 2465 1661 Pro
2494 1606 2727 1675 patribus
2760 1606 2863 1657 tuis
2895 1604 3004 1658 nali
3037 1613 3153 1656 sunt
3175 1602 3276 1669 lilii
3300 1603 3378 1654 tui
3403 1618 3420 1653 :

1862 1704 2139 1758 constitues
2152 1719 2235 1756 eos
2250 1702 2503 1770 principes
2529 1715 2682 1765 super
2704 1715 2901 1752 omnem
2928 1707 3140 1750 terram.
3171 1696 3421 1761 Quando-

177 1793 397 1849 πᾶσαν
415 1795 525 1863 τὴν
537 1793 664 1865 γῆν.
684 1796 896 1866 Ἐπειδὴ
916 1798 1025 1850 άνω
1048 1798 1388 1868 προσετάχθη
1414 1796 1753 1850 ἐπιλαθέσθαι

1861 1796 2075 1865 quidem
2120 1810 2281 1863 supra
2317 1802 2641 1862 prazceptum
2695 1801 2781 1845 est
2811 1791 2857 1844 ei
2906 1800 2963 1844 tit
3009 1791 3420 1842 oblivisceretur

177 1885 281 1937 τοῦ
324 1886 469 1950 λαοῦ,
511 1886 602 1937 καὶ
639 1885 732 1938 τοῦ
763 1886 910 1940 οῐκου
959 1887 1052 1941 τοῦ
1104 1892 1342 1961 πατρὸς,
1385 1891 1463 1952 εἰς
1491 1888 1755 1942 ἀντίδοσιν

178 1979 285 2047 τῆς
319 1980 559 2047 ὑπακοῆς
592 1977 686 2031 νῦν
724 1980 844 2032 ἀντὶ
870 1977 976 2033 τῶν
1006 1980 1255 2051 πατέρων
1288 1980 1550 2051 λαμϐάνει
1586 1980 1754 2043 υἱοὺς,

178 2070 244 2119 ἐν
300 2068 634 2138 τηλικούτοις
686 2068 955 2141 ἀξιώμασι
1000 2071 1426 2142 διαπρέποντας,
1472 2071 1612 2123 ὥστε
1655 2089 1757 2124 κα-

175 2159 449 2228 ταστῆναι
485 2160 594 2231 (16)
642 2163 837 2226 αὐτοὺς
889 2164 1183 2233 ἄρχοντας
1228 2164 1324 2216 ἐπὶ
1381 2163 1585 2217 πᾶσαν
1644 2164 1757 2231 τὴν

177 2250 323 2319 γῆν.
375 2251 525 2316 Τίνες
578 2250 671 2306 οὖν
718 2254 767 2306 oi
811 2255 916 2309 υἱοὶ
961 2256 1057 2324 τῆς
1114 2256 1471 2327 Ἐκκλησίας;
1507 2258 1661 2307 Ἤτοι
1705 2258 1754 2307 οἱ

176 2344 293 2395 υἱοὶ
343 2344 434 2397 τοῦ
482 2346 835 2415 Εὑαγγελίου,
883 2349 930 2399 οἰ
966 2348 1144 2416 πάσης
1189 2348 1288 2416 τῆς
1332 2349 1434 2417 γῆς
1469 2346 1748 2417 ἄρξαντες.

180 2438 295 2501 Εἰς
332 2434 535 2490 πᾶσαν
562 2438 690 2509 γὰρ,
726 2439 879 2506 φησι,
909 2438 1019 2505 τὴν
1049 2437 1409 2506 οἰκουμένην
1441 2436 1694 2505 ἐξῆλθεν
1724 2442 1755 2492 ό

174 2530 446 2598 φθόγγος
474 2531 700 2583 αὐτῶνθ
733 2532 853 2595 καὶ,
886 2530 1372 2598 Καθεσθήσονται
1400 2533 1496 2585 ἐπὶ
1528 2530 1755 2585 δώδεκα

178 2623 469 2689 θρόνους,
508 2624 605 2675 καί
659 2623 932 2689 κρινοῦσι
977 2625 1082 2690 τὰς
1124 2622 1349 2677 δώδεκα
1396 2623 1593 2692 φυλὰς
1647 2624 1753 2677 τοῦ

194 2712 469 2779 Ἰσραήλ.
522 2713 644 2766 Ἐὰν
687 2714 744 2766 δέ
797 2732 881 2778 τις
933 2718 1172 2786 πατέρας
1209 2716 1305 2785 τῆς
1351 2714 1566 2785 νύμφης
1617 2715 1755 2787 λάϐῃ

176 2804 316 2863 τοὺς
344 2804 702 2875 πατριάρχας,
746 2804 840 2858 καὶ
864 2805 1035 2869 οὕτως
1066 2808 1093 2858 ό
1120 2806 1273 2873 λόγος
1301 2806 1407 2858 τῶν
1444 2806 1754 2859 ἀποστόλων

177 2894 249 2944 οὐ
280 2893 574 2947 διαπίπτει.
613 2896 757 2948 Ἀντὶ
802 2895 911 2967 γάρ
953 2896 1175 2949 ἐκείνων
1219 2896 1582 2963 ἐγεννήθησαν
1617 2895 1751 2964 αὑτῇ

178 2986 295 3036 υἱοὶ
336 2984 421 3037 διὰ
464 2986 556 3039 τοῦ
606 2987 874 3059 Χριστοῦ,
915 2990 963 3040 οί
1021 2986 1297 3047 ποιοῦντες
1354 2985 1420 3037 τὰ
1469 2986 1605 3053 ἔργα
1660 2984 1752 3037 τοῦ

195 3075 481 3146 Ἀϐραάμ·
529 3079 620 3130 καὶ
666 3078 751 3130 διὰ
794 3078 946 3129 τοῦτο
996 3078 1222 3145 ἰσότιμοι
1259 3076 1439 3139 αὐτοῖς
1484 3078 1751 3148 χρηματί-

1858 1889 2035 1958 pOpuli
2072 1897 2125 1941 et
2156 1889 2345 1941 domus
2377 1886 2567 1954 patris,
2598 1884 2649 1936 in
2678 1883 2999 1937 obedientiae
3024 1880 3417 1935 remuneratio-

1858 1997 1977 2036 nem
2008 1996 2150 2034 nunc
2188 1996 2286 2047 pro
2313 1979 2557 2048 patribus
2586 1976 2785 2045 accipit
2815 1976 2953 2029 ﬁlios
2992 1976 3152 2028 tantis
3184 1975 3417 2042 dignita—

1857 2074 2002 2126 tibus
2055 2071 2365 2139 insignitos,
2427 2080 2484 2123 ut
2540 2070 2934 2123 conStituautur
2980 2065 3236 2133 principes
3266 2082 3421 2129 super

1856 2178 2057 2215 onmem
2087 2170 2298 2212 terram.
2331 2160 2429 2224 Qui
2454 2170 2577 2212 sunt
2620 2160 2783 2225 igitur
2811 2156 3067 2210 Ecclesiae
3100 2156 3225 2209 filii?
3252 2155 3414 2209 Nimi—

1858 2268 1970 2303 rtnn
2006 2250 2277 2318 Evangelii
2319 2250 2435 2311 ﬁlii,
2485 2248 2575 2316 qui
2615 2247 2733 2299 orbi
2770 2248 3021 2299 nuivet'so
3058 2247 3413 2313 imperarunt.

1856 2342 1920 2397 In
1945 2358 2144 2395 onmem
2164 2342 2326 2402 enim,
2347 2340 2539 2408 inquit,
2566 2348 2759 2392 terram
2780 2340 2939 2391 exivit
2965 2354 3119 2390 sonus
3146 2354 3325 2389 eorum
3342 2338 3412 2402 Ii“;

1854 2447 1928 2499 et,
1965 2434 2227 2489 Sedebant
2266 2450 2421 2499 super
2453 2434 2724 2484 duodecim
2757 2433 2991 2495 thronos,
3029 2442 3077 2484 et
3103 2430 3413 2500 judicabant

1853 2526 2126 2578 duodecim
2164 2525 2324 2576 tribus
2349 2522 2519 2576 Israel
2549 2524 2615 2577 ⁸⁸.
2651 2523 2706 2577 Si
2736 2524 2859 2592 quis
2890 2534 3067 2576 autem
3093 2538 3301 2591 sponsa:
3325 2540 3419 2591 pa-

1856 2627 1963 2672 tres
1993 2618 2253 2685 intelligat
2284 2617 2637 2685 patriarchas,
2668 2617 2735 2669 ita
2755 2631 2967 2685 quoque
3004 2616 3269 2668 intellecta
3297 2630 3419 2668 sen-

1855 2712 2021 2763 tentia
2056 2712 2122 2763 al)
2159 2711 2415 2777 apostolis
2447 2710 2617 2763 aliena
2645 2724 2745 2762 non
2775 2719 2875 2762 est.
2905 2708 3034 2761 Nam
3062 2724 3159 2775 pro
3183 2708 3413 2761 illisnati

1854 2810 1975 2854 sunt
1999 2811 2051 2855 et
2085 2802 2175 2855 filii
2196 2818 2289 2870 pcr
2309 2801 2599 2867 Christum,
2631 2800 2886 2855 facientes
2915 2815 3073 2869 opera
3098 2800 3330 2853 Abrahae
3346 2800 3413 2860 ⁸⁸.

1853 2901 1906 2943 et
1931 2891 2049 2943 ideo
2076 2906 2226 2957 teque
2256 2891 2503 2944 honorati
2536 2906 2599 2943 ac
2632 2890 2754 2956 ipsi,
2784 2888 2924 2957 quod
2965 2892 3149 2940 eadem
3182 2896 3411 2955 egerunt

1856 2998 1977 3052 quae
2010 2982 2107 3044 illi,
2160 2982 2227 3035 ob
2265 2997 2384 3050 quae
2434 2982 2727 3035 honoribus
2770 2980 2979 3050 magnis
3025 2979 3222 3048 dignati
3287 2990 3414 3030 sunt

1856 3084 2059 3144 patres.
2086 3074 2364 3143 Principes
2388 3088 2515 3127 vero
2544 3074 2810 3127 universae
2854 3082 3009 3126 terrae
3045 3081 3169 3123 sunt
3218 3071 3415 3129 sancti,

180 3169 375 3231 ζοντες
415 3169 547 3238 (17),
584 3172 646 3220 ὲκ
676 3168 766 3219 τοῦ
814 3168 1170 3237 πεποιηκέναι
1199 3168 1265 3219 τά
1311 3168 1449 3221 αὐτὰ
1497 3170 1751 3233 ἐκείνοις,

1858 3169 1924 3222 ob
1956 3182 2105 3220 suam
2131 3182 2250 3221 cum
2284 3166 2424 3220 bono
2455 3166 2927 3225 necessitudinem,
2987 3178 3108 3215 cum
3149 3163 3259 3228 ipsa
3289 3162 3414 3215 boni

180 3259 283 3328 ἀφ’
311 3253 383 3311 ὧν
423 3259 528 3311 τῶν
567 3260 813 3328 μεγάλων
846 3260 1018 3331 τιμῶν
1060 3260 1369 3333 ἠξιώθησαν
1408 3263 1457 3314 oi
1500 3262 1749 3331 πατέρες.

186 3352 483 3420 ’Ἄρχοντες
523 3350 702 3420 μέντοι
731 3353 867 3425 εἰσὶν
900 3353 1115 3424 ἀπάσης
1144 3356 1239 3424 τῆς
1280 3353 1384 3422 γῆς
1414 3355 1462 3405 οἱ
1492 3355 1634 3420 ἅγιοι
1663 3352 1751 3404 διὰ

178 3444 289 3511 τὴν
333 3442 463 3512 πρὸς
501 3444 561 3496 τὸ
601 3445 759 3499 καλὸν
792 3447 1085 3507 οίκείωσιν,
1127 3447 1294 3515 αὐτῆς
1330 3445 1430 3513 τῆς
1459 3444 1551 3497 τοῦ
1588 3444 1751 3497 καλοῦ

182 3536 406 3605 φύσεως
442 3537 808 3609 περιτιθείσης
842 3539 1023 3600 αὐτοῖς
1073 3538 1133 3589 τὸ
1179 3541 1465 3606 πρωτεῖον,
1507 3537 1580 3601 ὡς
1610 3554 1757 3607 περι-

181 3626 353 3695 έθηκε
380 3624 455 3695 τῷ
490 3625 680 3680 Ἰακὼϐ
712 3628 810 3695 τὴν
850 3626 989 3678 κατά
1019 3625 1109 3678 τοῦ
1147 3625 1312 3678 Ἡσαῦ
1358 3626 1625 3693 ἐξουσίαν.
1654 3627 1755 3679 Γί-

182 3734 302 3769 νου
338 3716 464 3787 γὰρ,
499 3718 649 3790 φησι,
691 3720 893 3785 κύριος
933 3717 1037 3771 τοῦ
1076 3717 1341 3787 ἀδελφοῦ
1383 3736 1517 3772 σου.
1546 3720 1606 3772 Οί
1643 3718 1755 3770 τοί.-

182 3825 282 3858 νυν
318 3807 541 3877 ἰσότιμοι
584 3809 692 3868 τοῖς
734 3808 969 3876 πατράσι
1019 3809 1297 3877 γενόμενοι
1342 3809 1470 3885 (18),
1519 3810 1611 3861 καὶ
1656 3809 1754 3879 τὴν

185 3898 333 3951 κατά
364 3900 575 3951 πάντων
604 3897 875 3969 ὑπεροχὴν
909 3899 996 3952 διὰ
1024 3902 1122 3971 τὴν
1156 3902 1252 3971 τῆς
1282 3900 1479 3969 ἀρετῆς
1523 3900 1755 3971 ἄσκησιν

182 3984 614 4055 προσλαϐόντες,
656 3987 748 4039 κα)⁵
789 3987 892 4038 υἱοὶ
923 3989 1021 4052 τῆς
1074 3988 1307 4060 Χριστοῦ
1352 3988 1567 4059 νύμφης
1615 3990 1749 4054 είσὶ,

182 4075 285 4127 κα)⁸
334 4074 481 4144 παρὰ
513 4078 611 4145 τῆς
663 4076 797 4138 ἰδίας
848 4078 1047 4146 μητρὸς
1100 4077 1448 4131 καθίστανται
1495 4078 1753 4148 ἄρχοντες

183 4167 283 4218 ἐπὶ
322 4167 493 4219 πᾶσαν
533 4167 630 4237 τὴν
664 4166 785 4236 γῆν.
816 4168 1012 4219 Σκόπει
1041 4168 1097 4220 δέ
1132 4185 1221 4238 μοι
1248 4167 1342 4238 τὴν
1381 4168 1626 4234 ἐξουσίαν
1654 4169 1752 4239 τῆς

187 4257 480 4326 βασιλίδος,
519 4260 617 4329 ὅση
656 4276 738 4321 τις
778 4260 863 4311 ἐπ’
907 4261 1073 4330 αὐτῆς
1106 4261 1255 4313 ἐστι·
1294 4264 1614 4330 χειροτονεῖν
1656 4262 1753 4335 ἄρ-

186 4366 384 4419 χοντας
411 4352 500 4403 ἐπὶ
534 4354 713 4404 πᾶσαν
745 4350 838 4421 τὴν
868 4353 986 4421 γῆν.
1018 4352 1452 4421 Μνησθήσομαι
1477 4354 1582 4407 τοῦ
1622 4355 1753 4407 ὀνό-

177 4443 372 4509 ματός
409 4460 522 4497 σου
557 4445 624 4496 ἐν
660 4442 823 4511 πάσῃ
863 4441 1036 4513 γενεᾷ
1064 4444 1161 4494 καί
1206 4443 1400 4511 γενεᾷ.
1433 4445 1535 4498 Διὰ
1578 4446 1751 4500 τοῦτο

1860 3268 2053 3315 natura
2080 3260 2160 3315 eis
2196 3259 2557 3328 principatum
2612 3260 2834 3323 tribuat,
2876 3258 3016 3311 sicut
3039 3255 3241 3311 Jacobo
3269 3266 3418 3325 pote-

1858 3361 2053 3406 statem
2090 3352 2141 3405 in
2177 3352 2350 3419 ipsum
2384 3351 2521 3404 Esau
2556 3351 2799 3419 praebuit.
2858 3349 2985 3403 Fias
3015 3351 3180 3413 enim,
3225 3350 3415 3417 inquit.

1858 3442 2101 3495 dominus
2129 3440 2310 3509 fratris
2337 3441 2415 3493 tui
2438 3441 2504 3494 ⁸⁷.
2536 3440 2850 3505 Quicunque
2886 3441 3049 3507 igitur
3079 3440 3287 3493 honore
3321 3457 3417 3508 pa-

1861 3534 2031 3589 tribus
2069 3548 2225 3603 pares
2249 3532 2376 3587 facti
2408 3542 2551 3597 sunt,
2590 3542 2753 3600 atque
2779 3548 2873 3602 per
2901 3532 3114 3585 virtutis
3149 3534 3413 3585 exercita-

1862 3626 2061 3679 tionem
2089 3624 2339 3679 omnibus
2369 3623 2760 3692 prmstiterunt,
2796 3635 2848 3677 et
2879 3624 2970 3676 ﬁlii
3015 3639 3224 3691 sponsae
3253 3624 3414 3677 Chri-

1860 3718 1928 3771 sti
1958 3724 2105 3781 sunl,
2131 3726 2184 3771 et
2206 3732 2231 3769 a
2268 3716 2481 3785 prepria
2507 3726 2677 3769 matre
2700 3716 2974 3783 principes
3014 3730 3174 3782 super
3200 3729 3415 3768 onmem

1862 3813 2061 3859 terram
2126 3806 2547 3859 constituuntur.
2618 3805 2790 3859 Velim
2850 3815 3029 3857 autem
3105 3806 3425 3859 consideres

1859 3907 2060 3969 quanta
2084 3898 2153 3953 sit
2189 3900 2387 3966 regina:
2410 3906 2671 3968 potestas,
2700 3899 2779 3952 sic
2811 3907 2869 3951 ut
2890 3907 3036 3951 creet
3070 3912 3131 3951 ac
3157 3897 3419 3966 praticiat

1860 3990 2130 4061 principes
2161 4005 2323 4061 super
2351 4006 2562 4045 omnem
2616 4001 2835 4045 terram.
2886 3990 3045 4043 Vsus.
3090 3990 3169 4045 l8.
3211 3988 3418 4041 Memor

1858 4099 1947 4136 ero
1981 4084 2203 4135 nominis
2234 4085 2309 4135 tui
2349 4084 2402 4135 in
2451 4084 2592 4135 omni
2622 4084 2949 4152 generatione
2987 4091 3037 4133 et
3062 4084 3417 4150 generatione.

1862 4171 2144 4240 Propterea
2172 4174 2353 4241 populi
2383 4172 2767 4239 conﬁtebuntur
2793 4174 2889 4226 tibi
2928 4174 2983 4225 in
3014 4172 3263 4225 swculum
3292 4182 3337 4225 et
3365 4174 3419 4227 in

1858 4261 2104 4315 sa'culum
2151 4263 2354 4315 seaculi.
2383 4260 2511 4317 Post
2557 4266 2740 4317 omnia
2793 4275 3044 4333 tanquam
3071 4279 3136 4318 ex
3166 4264 3420 4317 Ecclesiae

1859 4370 2084 4423 persona
2113 4355 2309 4408 dictum
2339 4365 2423 4409 est
2456 4355 2604 4422 illud,
2640 4356 2842 4408 Memor
2874 4372 2963 4407 ero
3002 4356 3226 4407 nominis
3264 4355 3339 4406 tui
3365 4355 3417 4405 in

1858 4448 1999 4498 omni
2031 4450 2358 4515 generatione
2382 4459 2427 4500 et
2462 4448 2811 4514 generatione.
2837 4448 2965 4515 Qua:
2996 4458 3172 4501 autem
3200 4457 3284 4503 est
3307 4448 3421 4502 haec

181 4534 322 4587 .laoi
363 4534 906 4606 ἐξομολογήσονταί
934 4550 1031 4589 σοι
1055 4537 1141 4600 εἰς
1166 4534 1271 4588 τὸν
1302 4536 1485 4589 αἰῶνα
1524 4538 1619 4590 καὶ
1658 4542 1751 4603 ίεἰς

1858 4538 2108 4592 Ecclesia:
2139 4540 2389 4593 memoria
2412 4540 2434 4591 ?
2460 4540 2740 4596 Confessio
2768 4543 3103 4611 pepulorum.

184 4627 298 4681 τὸν
335 4622 517 4677 αἰῶνα
546 4626 649 4679 τοῦ
686 4626 915 4692 αἰῶνος.
951 4627 1071 4680 Ἐπὶ
1106 4628 1267 4679 πᾶσιν
1301 4626 1375 4690 ὼς
1406 4628 1471 4679 ἐκ
1508 4628 1798 4698 προσώπου
1846 4633 1944 4700 τῆς
1978 4631 2297 4701 Ἐκκλησίας
2323 4634 2349 4683 ὁ
2388 4631 2541 4700 λόγος
2581 4634 2812 4705 εἴρηται,
2858 4636 2938 4687 ὃτι
2982 4632 3419 4700 Μνησθήσομαι

184 4718 295 4773 τοῦ
332 4718 618 4787 ὀνόματός
652 4732 767 4772 σου
795 4718 863 4771 ἐν
896 4716 1060 4785 πάσῃ
1093 4718 1269 4787 γενεᾷ
1299 4719 1394 4773 καί
1434 4718 1627 4789 γενεᾷ.
1657 4720 1750 4784 Τίς
1791 4722 1846 4775 δέ
1889 4725 2033 4776 ἐστιν
2073 4725 2105 4792 ἡ
2150 4722 2251 4791 τῆς
2288 4723 2610 4796 Ἑκκλησίας
2671 4728 2890 4797 μνὴμη;
2928 4728 2989 4778 Ἡ
3037 4727 3419 4799 ἐξομολόγησις

185 4815 299 4867 τῶν
328 4812 492 4867 λαῶν.

257 4974 305 5003 ⁸³
336 4972 475 5025 Psal.
530 4987 675 5035 sxw,
728 4970 781 5023 4.
860 4972 907 5002 ⁸⁸
962 4970 1108 5026 Psal.
1158 4985 1315 5035 xvtn,
1353 4971 1406 5024 5.
1482 4972 1526 5003 ⁸⁸
1557 4970 1745 5024 Matth.
1777 4971 2003 5034 xu,‘28.

262 5119 379 5187 (l5)
404 5117 500 5171 Vir
530 5119 743 5188 quidem
781 5116 1147 5188 doctissimus,
1177 5125 1316 5188 teste
1366 5116 1581 5188 Ducam,
1613 5130 1747 5188 cou-

184 5185 391 5255 jeccrat
422 5190 491 5241 ita
520 5185 909 5241 emendandum
944 5201 1086 5249 esse,
1116 5186 1205 5238 ἐπὶ
1238 5185 1296 5237 τὸ
1325 5185 1532 5256 τοιοῦτο
1558 5187 1749 5256 κατόρ-

190 5254 351 5329 θωμα
382 5258 651 5329 χωροῦσαι
684 5259 819 5329 '_setl
854 5258 1083 5329 Dncreus
1107 5260 1219 5324 ipse
1258 5254 1526 5329 vulgatam
1561 5254 1747 5309 lectio-

191 5324 333 5390 nent.
363 5324 562 5396 έπιτῴ
588 5327 811 5395 τοιούτῳ
854 5325 1233 5396 κατορθώματι
1269 5324 1571 5396 χαίρουσαι,
1620 5330 1748 5379 reti-

192 5402 420 5453 reudam
451 5398 684 5459 censuit,
721 5401 785 5449 ad
839 5398 998 5464 idque
1039 5398 1372 5463 probandum
1435 5397 1747 5450 testimonio

190 5471 394 5525 codicis
426 5468 563 5521 Oliv.
591 5482 719 5521 usus
755 5475 837 5519 est
872 5466 987 5519 :eni
1013 5466 1180 5519 codici
1216 5467 1335 5519 addi
1360 5476 1583 5533 possunt
1608 5465 1742 5535 Reg.

190 5550 436 5605 quartus.
478 5536 629 5592 Coll).
655 5546 838 5589 sextus
864 5546 916 5588 et
949 5537 1037 5588 alii
1070 5536 1330 5588 nonnulli.

259 5608 371 5678 (ιι)
399 5608 490 5665 Sic
523 5608 687 5661 editio
726 5606 883 5660 Basil.
931 5618 984 5660 et
1024 5622 1151 5660 mss.
1186 5608 1445 5676 quinque.
1481 5605 1636 5661 Deest
1677 5621 1743 5675 με

2109 4972 2151 5003 ⁸⁸
2179 4971 2331 5025 ιιυειη.
2382 4988 2497 5039 νιιι,
2529 4973 2593 5027 39
2692 4972 2733 5003 ⁸⁷
2786 4970 2921 5025 Gen.
2946 4988 3112 5035 xxvu,
3145 4975 3233 5028 99.

1856 5116 1911 5169 in
1939 5117 2177 5170 editione
2216 5117 2390 5173 Paris.
2425 5116 2624 5173 Ibidem
2679 5116 2810 5185 Reg.
2852 5118 3119 5171 secundus
3152 5114 3243 5168 τὸν
3293 5114 3419 5167 ναὸν

1852 5186 1943 5238 τὸν
1976 5188 2128 5254 ἅγιον
2150 5186 2335 5239 αὐτοῦ.

1928 5257 2037 5327 (15)
2073 5258 2298 5311 Codices
2321 5268 2428 5311 tres
2453 5254 2807 5325 ἐγενήθησαν,
2845 5256 2972 5326 facti
2996 5265 3135 5309 sunt.

1951 5326 2039 5396 16)
2071 5327 2162 5382 Sic
2194 5344 2323 5381 mss.
2352 5329 2611 5397 quinque.
2637 5330 2774 5381 Editi
2807 5327 2879 5388 ὡς
2918 5326 3275 5393 καταστῆναι.

1957 5398 2039 5468 17)
2072 5398 2162 5451 Sic
2196 5397 2345 5467 Regii
2378 5400 2669 5459 secundus,
2699 5402 2890 5468 tertius
2936 5408 2987 5447 et
3024 5406 3248 5468 quartus
3294 5412 3417 5451 cum

1850 5464 2176 5548 Colbertinnis
2202 5464 2374 5536 primo
2404 5479 2456 5520 et
2487 5478 2660 5548 sexto.
2693 5467 2836 5548 Editi
2857 5464 3309 5548 χρηματίζουσιν.

1924 5539 2035 5608 (18)
2078 5538 2169 5595 Sic
2193 5548 2421 5608 quatuor
2456 5552 2586 5592 mss.
2614 5542 2683 5592 At
2712 5538 2836 5592 editi
2869 5538 3169 5606 γινόμενοι.
