4068 6318
665 344 773 401 MS

1976 345 2031 402 S.
2077 346 2320 401 B.\SlLll
2365 346 2575 400 MAGNI

3837 361 3928 415 Hb

678 487 3907 519 mw

1055 585 1215 655 170
1241 584 1305 639 ΙΝ
1335 584 1660 640 PSALMUM
1694 586 1850 641 XLV.

767 699 833 752 In
853 701 1013 769 ﬁnem
1042 719 1137 769 pro
1165 703 1292 772 ﬁliis
1320 701 1450 755 Core
1475 718 1492 754 :
1525 719 1619 769 pro
1642 704 1850 756 arcanis
1876 705 2127 771 psalmus.

735 832 789 888 1.
848 832 1193 904 Prophetiam
1249 836 1318 891 de
1368 836 1529 891 rebus
1571 853 1691 906 qua:
1724 838 1773 891 in
1826 837 1929 892 line
1962 848 2238 897 eventura:

662 936 812 989 sunt,
853 928 1134 981 continuere
1160 928 1291 982 mihi
1326 929 1543 984 videtur
1576 930 1663 984 hic
1691 929 1950 999 psalmus.
1972 929 2143 997 Quem
2173 932 2236 985 ii-

660 1032 784 1071 nem
821 1020 1044 1072 intuitus
1075 1022 1241 1075 etiam
1278 1021 1496 1088 Paulus,
1529 1023 1659 1076 dicit
1686 1040 1699 1076 :
1725 1022 1923 1076 Deinde
1943 1025 2090 1092 ﬁnis,
2116 1042 2234 1079 cum

657 1109 941 1163 tradiderit
1002 1129 1224 1182 regnum
1280 1115 1389 1168 Deo
1444 1127 1492 1168 et
1542 1113 1696 1167 Patri
1742 1115 1808 1169 ⁸⁸.
1842 1116 1950 1171 Aut
1978 1118 2232 1186 quoniam

660 1198 904 1252 actiones
955 1212 1155 1257 nostra:
1185 1202 1459 1257 deducunt
1499 1218 1597 1257 nos
1638 1205 1707 1259 ad
1757 1203 1943 1274 linem,
1979 1222 2234 1277 unaqua-

657 1303 765 1356 que
792 1291 857 1343 ad
892 1293 1168 1361 proprium
1196 1294 1299 1347 sibi
1338 1292 1473 1362 ipsi;
1506 1295 1711 1351 idcirco
1741 1295 1883 1352 bona
1912 1300 2129 1369 quidem
2165 1299 2231 1354 ad

660 1380 1075 1445 beatitudinem,
1105 1383 1241 1436 mala
1266 1399 1395 1439 vero
1419 1386 1484 1439 ad
1502 1396 1763 1442 aeternam
1789 1389 2228 1446 damnationem:

658 1484 712 1525 et
742 1474 996 1541 quoniam
1032 1478 1260 1532 consilia
1298 1493 1327 1531 a
1379 1478 1584 1547 Spiritu
1627 1482 1680 1535 in
1739 1482 1838 1536 hoc
1868 1482 2079 1550 psalmo
2112 1493 2229 1537 tra-

656 1564 790 1625 dita,
817 1567 1257 1635 obtemperantes
1287 1572 1354 1624 ad
1380 1574 1579 1627 bonum
1608 1574 1766 1628 linem
1798 1575 2097 1641 deducunt;
2128 1577 2227 1632 hac

656 1657 721 1710 de
754 1672 914 1712 causa
948 1660 1244 1734 inscriptus
1284 1676 1387 1732 est,
1436 1665 1501 1719 In
1531 1666 1713 1735 ﬁnem,
1744 1668 1889 1737 quod
1919 1666 2034 1735 ejus
2069 1670 2230 1726 docu-

655 1759 835 1802 menta
888 1752 953 1805 ad
1009 1753 1223 1808 beatum
1250 1756 1496 1812 humana:
1540 1758 1665 1812 vita:
1700 1759 1861 1815 finem
1897 1760 2222 1817 referantur.

655 1837 764 1893 Pro
794 1842 920 1908 ﬁliis
955 1843 1107 1902 Core.
1134 1845 1299 1901 Filius
1321 1859 1498 1903 autem
1524 1848 1667 1905 Core
1716 1852 1896 1907 dictus
1923 1862 2009 1907 est
2054 1862 2109 1908 et
2139 1854 2227 1909 hic

2730 588 2836 641 ΕΙΣ
2874 589 3013 644 ΤΟΝ
3053 594 3166 647 ME'
3206 598 3523 651 ΨΑΛΜΟΝ.

2338 679 2443 746 Εἰς
2483 680 2551 733 τὸ
2600 682 2774 748 τέλος
2816 683 2967 750 ὑπὲρ
3014 683 3131 764 τῶν
3180 688 3328 764 υἱῶν
3375 691 3555 760 Κσρέ⁶
3592 695 3749 764 ὑπὲρ
3808 693 3924 749 alr

2846 756 3115 823 κρυφίων
3159 762 3422 829 ψαλμός.

2407 843 2456 896 l.
2489 843 2833 915 Προφητείαν
2874 865 2963 917 μοι
2994 848 3139 902 δοκεῖ
3165 854 3439 923 περιέχειν
3471 858 3497 910 6
3534 855 3755 927 ψαλμὸς
3793 863 3920 928 mp!

2334 935 2442 989 τῶν
2470 937 2611 991 κατὰ
2640 940 2699 991 τὸ
2725 939 2895 1005 τέλος.
2925 943 3102 1013 Ὅπερ
3130 944 3282 1009 τέλος
3313 949 3468 1013 εἰδὼς
3494 953 3587 1006 καὶ
3615 954 3644 1005 6
3686 951 3917 1017 Παῦλος,

2336 1028 2530 1099 φησίνο
2585 1027 2731 1085 Εἶτα
2784 1032 2849 1086 τὸ
2902 1034 3109 1103 τέλος,
3151 1036 3297 1092 ὅταν
3336 1045 3582 1111 παραδῷ
3630 1048 3747 1117 (19)
3808 1049 3920 1114 τὴν

2327 1121 2656 1184 ,βασιλείαν
2683 1123 2762 1189 τῷ
2790 1125 2911 1192 Θεῷ
2937 1129 3034 1181 καί
3062 1133 3264 1200 Πατρι.
3296 1133 3365 1185 Ἥ
3394 1137 3579 1208 ἐπειδὴ
3607 1142 3663 1191 αἱ
3694 1140 3920 1211 πράξεις

2334 1212 2490 1283 ἡμῶν
2532 1215 2841 1284 ἀπάγουσιν
2888 1221 3036 1291 ἡμᾶς
3082 1222 3217 1293 πρὸς
3268 1224 3329 1280 τὸ
3376 1226 3550 1292 τέλος,
3598 1233 3811 1302 ἑκάστη
3864 1236 3920 1285 τὸ

2331 1301 2528 1352 οἰκεῖον
2565 1303 2753 1374 ἑαυτῇ,
2783 1306 2815 1375 ἡ
2849 1307 2948 1377 μὲν
2987 1308 3165 1381 ἀγαθὴ
3201 1310 3335 1380 πρὸς
3364 1312 3463 1384 τὴν
3508 1301 3916 1390 μακαριότητα.

2333 1390 2365 1460 ἡ
2411 1392 2469 1444 δὲ
2508 1395 2683 1468 φαύλη
2741 1397 2878 1471 πρὸς
2926 1400 3025 1472 τὴν
3070 1404 3293 1456 αἰωνίαν
3353 1406 3716 1477 κατάκρισιν·
3754 1414 3810 1463 αί
3865 1413 3915 1463 δὲ

2333 1484 2482 1554 παρὰ
2508 1486 2601 1539 τοῦ
2642 1489 2959 1560 Πνεύματος
2992 1492 3050 1544 ἐν
3084 1492 3162 1562 τῷ
3210 1494 3411 1567 ψαλμῷ
3453 1499 3633 1569 τούτῳ
3687 1503 3915 1572 παραδι-

2329 1574 2552 1646 δόμεναι
2588 1578 2701 1649 (20)
2747 1581 3049 1651 συμϐουλαὶ
3091 1584 3229 1655 πρὸς
3273 1587 3333 1640 τὸ
3373 1589 3576 1657 ἀγαθὸν
3609 1592 3769 1654 τέλος
3816 1594 3913 1644 ἀπ-

2332 1664 2524 1734 άγουσι
2570 1672 2695 1733 τοὺς
2728 1672 3111 1742 πειθομένους’
3148 1674 3338 1729 τούτου
3380 1678 3565 1732 ἕνεκεν
3618 1683 3914 1753 ἐπιγέγρα-

2331 1773 2462 1810 πται
2490 1762 2591 1826 Είς
2618 1760 2682 1813 τὸ
2716 1761 2918 1828 τέλος·
2948 1765 3024 1827 ὡς
3055 1765 3157 1835 τῆς
3194 1768 3471 1841 ἀναφορᾶς
3512 1772 3623 1824 τῶν
3648 1773 3913 1844 διδαγμά-

2330 1868 2437 1903 των
2478 1853 2570 1906 ἐπὶ
2605 1855 2664 1907 τὸ
2708 1856 2977 1928 μακάριον
3025 1859 3176 1923 τέλος
3221 1862 3319 1933 τῆς
3362 1863 3719 1935 ἀνθρωπίνης
3772 1868 3911 1935 ζωῆς

654 1934 927 2002 psalmus,
961 1954 1097 2007 quos
1133 1940 1366 2008 Spiritus
1419 1953 1639 1998 sanctus
1694 1944 1814 1998 ideo
1849 1960 1951 1999 non
1990 1946 2214 2013 dividit,

2327 1943 2697 2016 ὑπαρχούσης.
2741 1948 2921 2016 ’Υπὲρ
2950 1949 3069 2003 τῶν
3103 1952 3249 2007 υἱῶν
3291 1934 3475 2025 Κιξρέξ
3499 1960 3627 2024 Τοῖς
3668 1934 3729 2014 δὲ
3784 1934 3910 2028 uici;

653 2026 797 2094 quod
824 2028 965 2082 velut
996 2045 1100 2083 una
1137 2032 1313 2083 anima
1356 2042 1411 2085 et
1444 2049 1546 2087 una
1580 2050 1711 2089 voce
1746 2053 1869 2089 cum
1902 2039 2046 2092 omni
2084 2040 2224 2094 inter

654 2133 714 2172 se
743 2122 1029 2174 concordia
1061 2136 1342 2178 sermones
1391 2126 1738 2194 proplteticos
1783 2129 2108 2193 emiserunt,
2142 2130 2224 2185 ni-

655 2210 731 2264 hil
755 2212 1046 2281 quidquam
1076 2214 1185 2267 alio
1204 2225 1401 2284 printer
1418 2215 1551 2271 alios
1576 2219 1935 2284 vaticinante,
1969 2223 2063 2275 sed
2097 2237 2223 2291 pro-

653 2303 870 2371 pltetico
903 2304 1044 2359 dono
1072 2308 1355 2375 mqualiter
1410 2309 1488 2362 eis
1524 2325 1813 2376 concesso,
1857 2313 1924 2366 ob
1958 2313 2220 2383 aequalem

651 2394 890 2462 ipsorum
942 2397 1083 2449 inter
1113 2413 1170 2451 se
1227 2398 1279 2451 in
1326 2398 1465 2452 bona
1498 2400 1775 2455 all'ectum.
1811 2402 2079 2457 Cancrum
2118 2404 2222 2459 Pro

653 2487 866 2540 arcanis
901 2488 1077 2543 dictus
1113 2499 1198 2543 est
1234 2492 1510 2559 psalmus;
1571 2493 1622 2546 id
1669 2503 1776 2559 est,
1823 2511 1922 2565 pro
1952 2498 2219 2565 occultis,

649 2588 707 2633 et
734 2582 1031 2635 reconditis
1068 2582 1119 2635 in
1153 2583 1437 2653 mysterio.
1478 2583 1774 2655 Postquam
1813 2598 1993 2643 autem
2038 2590 2224 2660 singu-

649 2671 733 2723 las
781 2670 942 2739 hujus
990 2672 1180 2741 psalmi
1236 2675 1537 2730 sententias
1599 2677 1887 2747 attigeris,
1928 2683 2218 2735 verborum

646 2778 847 2816 arcana
897 2765 1193 2830 docebere;
1222 2781 1284 2821 ac
1319 2768 1498 2823 disces
1526 2783 1630 2823 non
1670 2769 1907 2838 cujusvis
1942 2786 2063 2828 esse
2093 2789 2221 2843 my-

645 2856 809 2909 steria
840 2855 1023 2909 divina
1053 2858 1436 2931 contemplari,
1471 2862 1564 2916 sed
1595 2861 1713 2928 ejus
1754 2864 1944 2931 solius,
1994 2866 2085 2935 qui
2116 2869 2219 2921 im-

647 2948 830 3015 plendi
872 2950 1127 3017 promissi
1174 2966 1441 3020 organum
1494 2955 1822 3009 concinnum
1870 2957 1983 3011 fieri
2025 2961 2215 3027 possit,

647 3042 729 3096 sic
768 3050 828 3094 ut
858 3043 1100 3111 psalterii
1126 3043 1244 3097 loco
1273 3043 1452 3097 anima
1483 3043 1625 3098 illius
1664 3058 1949 3101 moveatur
1978 3049 2044 3101 ab
2086 3065 2215 3117 ope-

2325 2035 2468 2125 ίίορὲ
2501 2040 2594 2092 καὶ
2637 2033 2791 2104 οὗτος
2840 2043 3055 2114 εἴρηται
3084 2048 3112 2098 6
3136 2046 3366 2119 ψαλμὺς,
3392 2051 3487 2114 οὓς
3520 2054 3585 2104 οὑ
3625 2052 3831 2125 διαιρεῖ
3857 2062 3911 2110 τὸ

2323 2123 2552 2196 Πνεῦμα
2586 2130 2646 2182 τὸ
2676 2130 2850 2199 ἅγιον,
2897 2132 3029 2187 διότι
3082 2132 3271 2208 ὥσπερ
3328 2142 3426 2211 μιᾷ
3476 2142 3625 2215 ψυχῇ
3682 2123 3781 2199 καὶ
3816 2150 3909 2218 μιᾷ

2322 2222 2472 2290 φωνῇ
2528 2221 2665 2291 μετὰ
2723 2224 2905 2296 πάσης
2947 2227 3048 2297 τῆς
3093 2230 3229 2300 πρὸς
3277 2232 3540 2303 ἀλλήλους
3588 2241 3909 2307 συμφωνίας

2320 2310 2446 2399 τοὺς
2479 2317 2848 2383 προφητικοὺς
2884 2317 3075 2385 λόγους
3112 2322 3359 2392 προῖεντο
3404 2324 3549 2395 (⁵21)⁶
3606 2330 3782 2399 μηδὲν
3821 2333 3907 2384 τοῦ

2322 2398 2509 2470 ἐτέρου
2542 2402 2717 2455 αὐτῶν
2763 2405 2915 2475 παρὰ
2962 2409 3087 2471 τοὺς
3132 2408 3349 2475 λοιποὺς
3388 2418 3907 2486 προφητεύσαντος,

2320 2490 2434 2543 ἀλλ’
2465 2491 2577 2544 ἴσου
2620 2495 2803 2557 αὐτοῖς
2840 2496 2933 2549 τοῦ
2965 2503 3302 2571 προφητικοῧ
3346 2507 3693 2576 χαρίσματος
3739 2511 3911 2583 δωρη-

2322 2581 2504 2646 θέντος
2542 2585 2631 2638 διὰ
2676 2587 2736 2639 τὸ
2783 2588 2895 2641 ἴσον
2938 2592 3117 2644 αὐτῶν
3159 2593 3259 2663 τῆς
3314 2597 3449 2667 πρὸς
3507 2600 3780 2672 ἀλλήλους
3819 2581 3911 2669 -είς

2317 2675 2387 2731 τά
2420 2676 2560 2730 καλά
2602 2678 2913 2744 διαθέσεως.
2948 2682 3128 2752 ’Υπὲρ
3170 2686 3228 2739 δὲ
3269 2687 3389 2742 τῶν
3434 2695 3710 2761 κρυφίων
3761 2699 3911 2766 εἴρη-

2315 2786 2405 2822 ται
2454 2771 2482 2823 6
2529 2771 2773 2843 ψαλμόςο
2822 2775 3134 2841 τουτέστιν,
3187 2779 3329 2852 ὑπὲρ
3382 2783 3755 2855 ἀπορρήτων,
3818 2793 3908 2842 καὶ

2316 2861 2424 2914 τῶν
2454 2864 2511 2916 ὲν
2544 2867 2828 2937 μυστηρίῳ
2853 2871 3271 2940 κεκρυμμένων.
3302 2874 3602 2946 Γενόμενος
3628 2880 3684 2931 δὲ
3710 2882 3771 2932 ὲν
3802 2887 3911 2943 τοῖς

2316 2954 2458 3009 κατὰ
2491 2955 2656 3027 μέρος
2690 2960 2877 3029 ῥητοῖς
2909 2960 3004 3013 τοῦ
3030 2962 3267 3035 ψαλμοῦ,
3316 2968 3535 3041 μαθήσῃ
3566 2970 3627 3024 τὺ
3664 2990 3910 3045 κεκρυμ-

2319 3043 2479 3113 μένον
2526 3046 2636 3099 τῶν
2668 3048 2839 3116 λόγων
2861 3067 2873 3078 ·
2909 3051 3005 3103 καὶ
3038 3054 3118 3105 ὅτι
3144 3055 3206 3105 οὐ
3237 3054 3331 3108 τοῦ
3357 3060 3611 3127 τυχόντος
3642 3062 3796 3113 ἐστὶν
3826 3067 3903 3117 ἐν-

647 3140 807 3185 rante
841 3132 894 3186 in
926 3133 1040 3200 ipsa
1082 3131 1286 3201 Spiritu
1320 3143 1534 3187 sancto.
1565 3131 1729 3190 Vsus.
1777 3137 1835 3190 Ξ.
1879 3137 2018 3194 Deus
2046 3152 2214 3193 noster

2319 3134 2447 3187 ιδείν
2474 3138 2585 3199 τοῖς
2614 3137 2777 3203 θείοις
2823 3141 3159 3211 μυστηρίοις,
3189 3144 3221 3214 ἢ
3253 3145 3414 3215 μόνου
3450 3149 3561 3216 (ἓῖ)
3604 3151 3698 3202 τοῦ
3746 3151 3910 3204 δυνα-

645 3224 908 3294 refugium
941 3236 988 3279 et
1022 3226 1207 3289 virtus,
1247 3227 1466 3295 adjutor
1507 3230 1562 3283 in
1611 3230 2071 3298 tribulationibus,
2101 3250 2214 3304 qua

2320 3226 2480 3294 μένου
2522 3228 2774 3295 γενέσθαι
2802 3232 2902 3301 τῆς
2929 3235 3258 3303 ἐπαγγελίας
3287 3240 3601 3309 ἐναρμόνιον
3643 3244 3907 3315 δργανον,

644 3318 951 3371 invenerunt
982 3334 1075 3371 nos
1095 3319 1270 3371 nimis.
1300 3319 1521 3375 Auxilio
1547 3322 1717 3377 multo
1739 3338 1874 3390 opus
1901 3333 1982 3377 est
2012 3326 2214 3381 homini

2323 3317 2463 3371 ὥστε
2510 3321 2629 3373 ἀντὶ
2673 3321 2973 3394 ψαλτηρίου
3024 3329 3281 3382 κινεῖσθαι
3346 3332 3510 3385 αὑτοῦ
3554 3335 3652 3406 τὴν
3720 3336 3909 3408 ψυχὴν

641 3410 813 3475 omni,
850 3411 920 3466 ob
961 3410 1178 3465 insitam
1239 3412 1287 3466 ei
1352 3424 1548 3469 natura
1586 3415 2001 3472 infirmitatem:
2038 3420 2213 3488 siqui-

640 3505 764 3561 dem
808 3504 988 3559 multte
1008 3505 1056 3558 ei
1099 3504 1358 3560 molestia:
1387 3522 1747 3578 aerumnteque
1777 3510 2049 3565 accidunt.
2078 3510 2213 3565 Dum

641 3598 808 3667 igitur
835 3598 900 3652 de
931 3600 1185 3654 omnibus
1234 3599 1638 3657 calamitatibus
1688 3604 1957 3673 refugium
1993 3606 2210 3674 qumrit,

640 3690 798 3757 quasi
849 3688 917 3743 ad
972 3698 1144 3743 tutum
1203 3688 1379 3743 locum
1428 3691 1731 3761 aufugiens,
1786 3693 1867 3745 vel
1894 3691 1960 3745 ad
1994 3706 2209 3748 acutum

638 3780 933 3852 quemdam
963 3782 1226 3836 verticem
1262 3783 1388 3837 forti
1425 3799 1581 3837 muro
1626 3784 2050 3852 circumseptum
2094 3799 2213 3841 sese

638 3874 931 3943 recipiens,
969 3885 1193 3944 propter
1241 3877 1477 3930 hostium
1530 3877 1837 3939 incursum,
1876 3877 1948 3930 ita
1993 3878 2210 3933 demunt

636 3966 703 4020 ad
735 3966 902 4020 Deum
945 3967 1209 4036 confugit,
1242 3980 1393 4022 ratus
1436 3970 1575 4023 hunc
1618 3968 1789 4022 solam
1821 3968 1923 4023 sibi
1968 3970 2209 4039 requiem

633 4073 777 4125 esse,
831 4060 875 4113 sl
918 4060 969 4113 in
1019 4060 1137 4128 ipso
1174 4071 1509 4129 permaneat.
1574 4059 1861 4129 Refugium
1905 4062 2085 4129 itaque
2142 4061 2210 4116 ad

634 4151 803 4205 Deum
858 4163 1067 4221 patere,
1124 4154 1176 4205 in
1225 4153 1477 4207 confesso
1500 4160 1583 4206 est
1614 4153 1753 4221 apud
1790 4167 1983 4208 omnes
2013 4172 2025 4209 :
2074 4156 2167 4208 sed
2190 4194 2208 4221 ,

636 4245 781 4315 quod
840 4248 905 4299 ad
954 4245 1219 4298 salvantis
1263 4244 1585 4299 electionem
1620 4244 1837 4308 attinet,
1876 4260 1980 4298 non
2014 4258 2207 4313 parum

634 4336 843 4390 erroris
898 4336 1343 4404 confusionisque
1409 4336 1616 4389 invexit
1663 4336 1943 4391 inimicus.
1989 4336 2204 4392 Etenim

631 4428 762 4483 dum
796 4429 1081 4482 insidiatur
1110 4429 1256 4483 velut
1286 4429 1483 4494 hostis,
1512 4443 1703 4483 rursus
1743 4428 1943 4498 quibus
1984 4428 2207 4483 insidia-

634 4529 720 4575 tus
746 4529 849 4582 est,
875 4536 968 4574 eos
1000 4524 1263 4590 deceptos
1305 4521 1533 4583 inducit,
1579 4528 1635 4573 ut
1672 4521 1736 4573 ad
1777 4535 1835 4574 se
1886 4535 1983 4575 ceu
2016 4531 2203 4575 custo-

2321 3412 2426 3464 ὑπὸ
2472 3412 2565 3465 τοῦ
2632 3417 2981 3486 ἐνεργοῦντος
3038 3421 3174 3491 αύτῇ
3237 3423 3393 3490 ἁγίου
3461 3425 3807 3495 Πνεύματος.
3847 3432 3907 3482 '0

2319 3502 2464 3567 Θεὸς
2509 3504 2678 3573 ἡμῶν
2721 3509 3033 3579 καταφυγή
3083 3514 3182 3566 καί
3233 3513 3507 3584 δύναμις,
3546 3519 3789 3587 ,Βοηθὸς
3839 3524 3905 3575 ἐν

2315 3599 2563 3666 θλίψεσι
2610 3600 2741 3666 ταῖς
2787 3605 3109 3672 εὑρούσαις
3169 3606 3327 3676 ἡμᾶς
3382 3611 3634 3680 σφόδρα.
3679 3616 3904 3685 Πολλῆς

2315 3689 2567 3762 βοηθείας
2607 3694 2786 3747 δέεται
2833 3698 2943 3761 πᾶς
2980 3698 3283 3770 ἄνθρωπος,
3326 3703 3413 3756 διὰ
3441 3704 3536 3775 τὴν
3572 3709 3634 3759 ἐκ
3675 3709 3903 3774 φύσεως

2317 3784 2629 3855 προσοῦσαν
2674 3788 2824 3859 αὐτῷ
2864 3791 3170 3857 ἀσθένειαν,
3215 3796 3424 3849 πολλῶν
3465 3799 3609 3868 αὐτῷ
3651 3818 3901 3871 προσπιη

2313 3877 2555 3930 πτόντων
2599 3881 2837 3952 ἀνιαρῶν
2886 3886 2980 3937 καὶ⁹
3025 3887 3319 3941 ἐπιπόνων.
3367 3892 3477 3961 Τὴν
3516 3889 3606 3944 οὖν
3658 3894 3783 3962 (25)
3839 3900 3900 3948 ἐκ

2312 3969 2527 4024 πάντων
2593 3973 2702 4025 τῶν
2764 3980 3163 4045 περιστατικῶν
3218 3986 3535 4053 καταφυγὴν
3587 3987 3896 4059 ἐπιζητῶν,

2310 4059 2498 4133 ὥσπερ
2536 4065 2627 4117 ἐπὶ
2668 4066 2864 4121 ἄσυλον
2906 4072 3123 4139 φεύγων
3156 4073 3266 4142 (24)
3304 4078 3519 4146 χωρίον,
3553 4080 3582 4149 ἦ
3623 4082 3715 4133 ὲπί
3771 4101 3894 4136 τινα

2311 4155 2554 4225 κορυφὴν
2597 4158 2775 4222 ὀξεῖαν
2805 4162 3053 4233 καρτερῷ
3096 4165 3262 4235 τείχει
3301 4171 3769 4243 περιειλημμένην
3808 4195 3895 4229 και

2308 4248 2619 4315 ταφεύγων,
2650 4252 2737 4304 διὰ
2770 4252 2868 4325 τὴν
2898 4254 3005 4307 τῶν
3038 4257 3312 4329 πολεμίων
3352 4263 3671 4335 ἐπιδρομήν
3710 4269 3894 4330 οὕτως

2308 4337 2399 4389 ἐπὶ
2450 4339 2539 4391 τὸν
2586 4341 2718 4394 Θεὸν
2768 4346 3131 4417 καταφεύγει,
3185 4351 3351 4423 μόνην
3396 4350 3529 4407 εἶναι
3579 4357 3892 4428 ἡγούμενος

2306 4430 2608 4485 ἀνάπαυσιν
2637 4434 2732 4506 τὴν
2760 4438 2816 4489 ὲν
2845 4439 2992 4510 αὐτῷ
3023 4441 3301 4514 διαμονήν.
3336 4446 3455 4499 Ὀτι
3502 4448 3595 4519 μὲν
3642 4449 3740 4506 οὖν
3799 4458 3888 4507 ἐπὶ

2304 4523 2396 4575 τὸν
2454 4524 2585 4577 Θεὸν
2643 4530 2674 4596 ἡ
2736 4532 3022 4604 καταφυγὴ
3078 4536 3225 4605 παρὰ
3289 4540 3451 4592 πᾶσιν
3497 4543 3885 4616 ὡμολόγηται,

629 4616 753 4666 dem
787 4610 1122 4682 confugiant.
1158 4612 1334 4677 Quare
1361 4611 1557 4678 duplex
1592 4611 1673 4665 eis
1691 4610 1890 4664 malum
1920 4610 2198 4665 imminet:

2318 4615 2504 4686 πολλὴν
2544 4618 2598 4669 δὲ
2643 4621 2849 4693 πλάνην
2877 4625 2970 4677 καὶ
3016 4625 3272 4696 σύγχυσιν
3304 4632 3331 4681 ὁ
3361 4632 3548 4702 ἐχθρὸς
3585 4636 3883 4705 ἐνεποίησε

628 4705 830 4775 quippe
862 4715 953 4759 aut
982 4720 1079 4774 per
1109 4704 1215 4756 vim
1248 4703 1561 4772 capiuntur.
1593 4713 1686 4755 aut
1714 4718 1780 4757 ex
1816 4702 2007 4756 fraude
2071 4719 2199 4772 per-

627 4810 779 4852 eunt.
809 4798 939 4851 Eam
960 4798 1029 4852 ob
1058 4813 1168 4853 rem
1196 4797 1261 4850 ad
1294 4798 1563 4849 dsemones
1584 4795 2196 4865 perfugiuntincreduli,

629 4899 685 4943 et
718 4892 785 4943 ad
816 4891 973 4956 idola,
1009 4891 1118 4945 veri
1152 4892 1242 4945 Dei
1276 4890 1587 4954 cognitione
1618 4902 1682 4941 ex
1721 4888 1863 4940 illata
1892 4887 1995 4942 sibi
2027 4904 2055 4941 a
2084 4890 2201 4942 dia-

625 4982 749 5037 holo
791 4982 1107 5038 confusione
1159 4984 1395 5051 spoliati.
1444 4983 1550 5036 Sed
1580 4991 1631 5035 et
1686 4981 1775 5049 qui
1820 4982 1985 5035 Deum
2020 4996 2194 5053 agno-

624 5085 803 5140 scunt,
838 5076 888 5129 in
921 5076 1144 5131 ferendo
1171 5078 1237 5131 de
1269 5078 1427 5132 rebus
1465 5074 1675 5144 judicio
1708 5083 1919 5137 errant,
1956 5075 2079 5129 dum
2110 5076 2196 5129 in-

694 5192 737 5221 "
766 5191 931 5249 lCor.
972 5208 1061 5258 xv,
1094 5192 1183 5246 Ἡ.

698 5309 805 5381 (19)
844 5311 916 5363 lta
954 5311 1244 5365 Colhertiui
1276 5311 1501 5380 primus,
1528 5311 1746 5378 quintus
1770 5318 1822 5363 et
1851 5320 2183 5381 sextusicum

554 5438 561 5446 ,
623 5378 828 5434 duabus
864 5383 1065 5450 Regiis,
1124 5398 1223 5435 nec
1279 5378 1433 5434 aliter
1492 5383 1688 5450 legitur
1738 5380 1875 5446 apud
1932 5380 2181 5441 Paulum,

625 5452 649 5530 ί
678 5453 919 5530 tlor._xv,
954 5453 1045 5505 ‘24.
1087 5454 1223 5506 Editi
1256 5468 1387 5530 vero
1408 5468 1528 5505 cum
1577 5453 1705 5520 Reg.
1736 5451 1973 5530 secundo
2007 5466 2187 5530 παρα-

622 5521 937 5592 διδῷηιζυε.
970 5538 1155 5578 sextus
1190 5524 1358 5592 prima
1397 5539 1552 5575 manu
1589 5521 1889 5592 παραδιδῷ,
1949 5524 2184 5573 secunda

624 5608 701 5644 πα
708 5591 849 5662 ραδῷ
860 5635 870 5645 .

696 5662 804 5731 ('20)
839 5664 927 5716 Sic
954 5680 1082 5717 ms.
1126 5676 1346 5734 septem.
1385 5663 1519 5734 Editi
1558 5678 1683 5734 vero
1716 5662 2007 5734 διδόμεναι,

715 5736 803 5801 :ll)
832 5735 982 5787 Coll).
1016 5732 1218 5803 primus
1247 5733 1550 5805 προσίεντο.
1616 5732 1722 5785 Nec
1754 5734 1825 5785 ita
1861 5733 2026 5805 multo
2064 5741 2183 5800 post

627 5819 717 5857 Sex
753 5823 879 5860 mss.
912 5808 989 5868 είς
1024 5807 1107 5859 τά.
1146 5803 1361 5860 Editi'ct
1395 5806 1545 5858 Colit.
1582 5815 1765 5858 sextus
1798 5805 1923 5871 περὶ
1958 5803 2044 5859 τά.

2307 4708 2434 4779 περὶ
2471 4709 2567 4779 τὴν
2609 4712 2700 4764 τοῦ
2751 4713 3012 4781 σώζοντος
3057 4721 3304 4793 ἐκλογήν.
3347 4724 3742 4779 Ἐπιδουλεύων
3782 4733 3884 4799 γὰρ

2304 4798 2379 4862 ὼς
2421 4801 2695 4872 πολέμιος,
2728 4808 2887 4861 πάλιν
2918 4812 3043 4874 τοὺς
3083 4815 3559 4882 ὲπιϐουλευθέντας
3601 4821 3878 4892 ἐξαπατξ.

2304 4892 2453 4961 αὐτῷ
2492 4900 2855 4967 προσφεύγειν
2894 4904 2968 4965 ὡς
2999 4904 3217 4973 φύλακι,
3251 4909 3391 4964 ὥστε
3430 4913 3647 4965 διπλοῦν
3694 4919 3883 4980 αὐτοῖς

2306 4984 2685 5053 περιίστασθαι
2733 4991 2794 5043 τὸ
2845 4994 3049 5047 κακόν’
3093 4998 3124 5068 ἢ
3179 4999 3366 5068 βιαίως
3393 5002 3701 5075 ληφθεῖσιν,
3756 5011 3786 5077 ἦ
3832 5012 3880 5075 ἐξ

2304 5075 2520 5146 ἀπάτης
2562 5080 2936 5153 ἀπολομένοις.
2964 5089 3060 5141 Διὰ
3104 5092 3260 5146 τοῦτο
3307 5096 3439 5167 πρὸς
3480 5096 3744 5168 δαίμονας
3780 5075 3879 5155 καὶ

2368 5308 2478 5388 (ξὲ)
2512 5309 2688 5389 Editio
2718 5308 2877 5364 Basil.
2903 5321 2956 5367 et
2982 5314 3226 5385 quinque
3255 5330 3389 5372 mss.
3422 5318 3662 5389 ἢμόνου.
3706 5325 3878 5381 Edixin

2296 5379 2471 5433 Paris.
2511 5380 2688 5448 μόνον,
3000 5379 3017 5383 ⁷
3136 5379 3153 5385 -
3441 5379 3487 5389 ..
3860 5379 3871 5381 _

2371 5449 2483 5519 ('35)
2516 5451 2768 5502 Vomllnlll
2815 5449 2909 5504 οὖν
2968 5454 3272 5508 addidimus
3321 5473 3385 5512 ex
3434 5459 3635 5514 Catena
3673 5466 3876 5521 Cum...

2297 5522 2471 5574 riana.
2508 5521 2709 5598 Ibidem
2745 5521 2895 5575 Colb.
2923 5524 3186 5598 septimus
3211 5533 3632 5598 περιστατικῶν.

2366 5589 2676 5678 (2ί)ΗΕίίίιὶ
2730 5589 3112 5678 καταφεύγων.
3159 5597 3234 5678 -Αι
3265 5589 3418 5676 linss.
3468 5614 3690 5678 _sep_tem
3750 5612 3870 5678 φεέ.

2291 5663 2764 5743 γυ›ν..Αιι‹ιιιιιιιιυ
2808 5677 2929 5733 post
2973 5666 3104 5734 lteg.
3157 5670 3345 5723 tertius
3396 5663 3672 5743 πολεμίων
3713 5663 3857 5735 ﬁt:

2290 5732 2519 5803 δρομὴν.
