4098 6324
104 372 242 426 411⁸7

1266 365 1545 420 llOMlLlA
1582 366 1649 418 ΙΝ
1689 368 2016 425 PSALMUM
2052 368 2212 422 XLV.

3245 379 3348 433 HS

104 485 339 540 εἴδωλα
382 481 496 552 (25)
541 479 966 550 καταφεύγουσιν
1005 480 1051 532 οἱ
1107 476 1352 541 ἄπιστοι,
1403 478 1497 534 τοῦ
1537 478 1694 542 ὅντως

1803 483 1937 538 scite
1971 480 2122 534 utilia
2182 477 2474 548 postulant,
2517 494 2581 533 ac
2607 481 2852 549 quaedam
2882 490 3072 550 petunt
3107 494 3165 540 ut
3189 487 3357 554 bona,

103 575 276 628 Θεοῦ
311 573 410 643 τὴν
445 571 643 640 γνῶσιν
674 570 778 625 ὑπὸ
819 571 917 639 τῆς
951 566 1100 639 παρά
1140 567 1233 621 τοῦ
1276 566 1516 622 διαϐόλου
1561 585 1707 638 γενο-

113 667 315 737 μένης
344 664 529 729 αὐτοῖς
567 665 875 735 συγχύσεως
914 660 1314 733 ἀφαιρεθέντες.
1355 661 1466 714 Καὶ
1505 665 1554 716 οί
1585 666 1705 717 ὲπι-

108 755 502 823 γινώσκοντες
530 757 586 810 δὲ
620 757 708 808 τὸν
735 753 866 808 Θεὸν
906 756 1031 827 περὶ
1070 754 1171 822 τὴν
1211 754 1318 806 τῶν
1363 755 1702 826 πραγμάτων

107 847 414 920 διάκρισιν
462 847 800 916 σφάλλονται,
840 846 1172 908 ἀπαιδεύτως
1205 845 1303 908 τὰς
1330 846 1571 918 αἰτήσεις
1596 849 1704 903 τῶν

111 942 531 1012 συμφερόντων
590 939 931 1010 ποιούμενοι,
981 938 1074 992 καλ⁸
1126 935 1399 1000 αἰτοῦντες
1464 955 1584 992 τινα
1631 939 1706 1003 ὡς

109 1029 341 1104 ἀγαθὰ,
385 1034 484 1086 οὐκ
535 1034 625 1088 ἐπὶ
675 1032 1000 1102 συμφέροντι
1059 1027 1316 1092 πολλάκις
1359 1029 1561 1096 αὐτῶν,
1609 1033 1705 1087 καὶ

114 1125 438 1193 φεύγοντες
481 1125 614 1180 ἄλλα
668 1123 778 1193 (‘26)
832 1123 907 1187 ὡς
957 1120 1203 1190 πονηρὰ,
1255 1121 1453 1192 πολλὴν
1522 1123 1705 1188 αὐτοῖς

113 1207 315 1271 ἐνίοτε
345 1220 441 1289 τὴν
470 1217 733 1284 ὠφέλειαν
773 1215 1021 1285 φέροντα.
1061 1207 1204 1278 Οἷον,
1237 1217 1381 1268 νοσεῖ
1415 1231 1531 1279 τις;
1574 1215 1706 1267 Φεύ-

112 1324 253 1374 γων
287 1310 347 1361 τὸ
381 1312 443 1361 ὲκ
467 1309 562 1378 τῆς
593 1308 743 1360 νόσου
776 1306 1048 1369 ἐπίπονον,
1098 1305 1315 1377 εὔχεται
1349 1305 1446 1376 τὴν
1477 1305 1703 1374 ὑγίειαν.

130 1398 420 1453 Ἀπέϐαλε
482 1401 764 1472 χρήματα;
816 1397 1152 1469 Περιώδυνός
1221 1401 1336 1450 ἐστι
1388 1400 1451 1467 τῇ
1512 1395 1704 1467 ζημίᾳ.

123 1491 304 1542 Ἔστι
342 1491 394 1544 δὲ
423 1491 676 1555 πολλάκις
709 1490 801 1546 καὶ
832 1491 864 1562 ἡ
900 1490 1049 1554 νόσος
1091 1490 1388 1560 ὠφέλιμος,
1429 1489 1554 1542 ὃταν
1591 1505 1707 1540 παι-

114 1583 404 1652 δαγωγεῖν
473 1586 637 1658 μέλλῃ
690 1584 782 1639 τὸν
831 1585 1212 1656 ἁμαρτάνοντα
1238 1601 1251 1613 ·
1301 1585 1394 1636 καὶ
1437 1585 1469 1651 ὴ
1529 1582 1708 1651 ὑγίεια

120 1674 405 1746 βλαϐερὰ,
443 1677 570 1730 ὅταν
617 1677 820 1745 ἐφόδιον
874 1677 1087 1747 γίνηται
1141 1675 1276 1741 πρὸς
1316 1674 1582 1744 ἁμαρτίαν
1630 1672 1707 1743 τῷ

118 1768 340 1837 ἔχοντι.
367 1767 519 1821 Οὕτω
552 1769 646 1820 καὶ
683 1768 937 1837 χρήματα
963 1766 1060 1836 ἤδη
1093 1766 1235 1818 τισιν
1265 1766 1537 1837 ὑπηρεσία
1571 1764 1708 1836 πρὸς

119 1857 435 1911 ἀκολασίαν
472 1859 714 1927 ἐγένετο·
763 1857 856 1910 καὶ
905 1857 1060 1910 πενία
1101 1857 1323 1922 πολλοὺς
1372 1858 1703 1929 ἐσωφρόνισε

114 1948 246 2001 τῶν
272 1948 612 2024 ὡρμημένων
638 1948 839 2013 κακῶς.
867 1950 1020 2022 Μήτε
1061 1945 1152 2004 οὖν
1179 1950 1354 2020 φύγῃς
1387 1949 1423 2004 ἃ.
1471 1949 1544 2020 μὴ
1586 1949 1700 2014 δεῖ,

123 2038 280 2106 μήτε
328 2037 644 2110 προσφύγῃς
687 2031 730 2107 ᾧ
781 2039 856 2113 μὴ
900 2041 994 2094 δεῖ.
1056 2040 1191 2093 Ἀλλ’
1219 2042 1278 2093 ἓν
1327 2057 1406 2091 σοι
1470 2039 1702 2106 φευκτὸν

115 2130 272 2199 ἤτω,
319 2131 350 2199 ή
391 2131 663 2202 ἁμαρτία,
711 2132 803 2184 καὶ
835 2134 928 2201 μία
988 2131 1275 2200 καταφυγὴ
1330 2131 1394 2182 ἐκ
1441 2129 1548 2180 τῶν
1601 2147 1700 2182 κα-

116 2221 249 2274 κῶν
282 2222 413 2292 (27),
441 2226 467 2276 ὁ
495 2223 644 2284 Θεός.
677 2223 790 2292 Μὴ⁸
809 2222 1092 2275 πεποίθετε
1131 2221 1244 2291 (28)
1291 2221 1376 2274 ἐπ’
1399 2221 1664 2292 ἄρχοντας
1683 2239 1697 2253 °

123 2311 210 2382 μὴ
261 2313 550 2385 ἐπαίρεσθε
596 2313 688 2364 ἐπὶ
733 2312 956 2366 πλούτου
997 2312 1312 2386 ἀδηλότητι·
1349 2314 1421 2385 μὴ
1456 2316 1700 2386 φρονεῖτε

118 2403 226 2454 ἐπὶ
272 2404 494 2474 δυνάμει
525 2403 798 2475 σώματος·
838 2406 910 2476 μὴ
945 2405 1044 2474 τῆς
1073 2406 1414 2476 ἀνθρωπίνης
1445 2406 1601 2473 δόξης
1639 2405 1700 2458 τὸ

1737 1825 1778 1885 Β

1804 577 1882 632 eis
1913 588 2053 643 saepe
2089 588 2194 627 non
2216 571 2600 636 conducibilia,
2631 573 2734 628 alia
2769 590 2898 629 vero
2926 588 2982 631 ut
3021 578 3158 632 mala
3191 581 3359 635 decli-

1806 677 1955 732 nant,
1991 679 2110 738 qua:
2157 665 2262 719 sibi
2303 664 2592 735 aliquando
2651 666 2804 736 171
2851 667 3078 723 multum
3129 670 3359 726 allatura

1804 769 1957 811 erant
1995 756 2363 814 emolumenti.
2405 757 2647 826 Exempli
2678 773 2840 814 causa
2871 778 2884 813 :
2938 770 3167 832 aegrotat
3189 764 3358 826 quis!

1806 848 1974 904 Morbi
2010 851 2312 908 molestiam
2347 849 2582 921 fugiens,
2621 861 2774 924 rogat
2812 854 3119 910 sanitatem.
3164 857 3361 913 Amisit

1806 941 2108 1008 pecunias?
2150 943 2229 999 0b
2272 942 2414 998 hanc
2447 941 2714 1010 jacturam
2747 945 2983 999 maxime
3011 949 3228 1015 angitur
3262 953 3356 1003 dn-

1807 1034 1938 1086 lore.
1963 1031 2078 1086 Erit
2107 1036 2248 1089 enim
2271 1034 2418 1090 utilis
2453 1048 2825 1103 smpenumero
2853 1035 2932 1091 vel
2964 1037 3204 1102 morbus,
3229 1054 3356 1093 cum

1805 1125 2054 1180 videlicet
2085 1139 2395 1194 peccantem
2429 1125 2751 1183 refrenabit.
2783 1128 2848 1182 Et
2881 1145 3051 1184 nocua
3085 1139 3168 1186 est
3209 1133 3361 1184 sani-

1809 1225 1888 1270 tas
1919 1224 2028 1269 tum
2060 1231 2180 1270 cum
2212 1231 2272 1270 ea
2299 1216 2500 1274 fruenti
2534 1219 2593 1274 ﬁt
2640 1221 2842 1289 peccati
2890 1223 3124 1277 occasio.
3181 1223 3271 1278 Sic
3304 1234 3358 1278 et

1805 1305 2044 1377 pecuniae
2078 1307 2528 1376 quibusdamjam
2550 1312 2616 1366 ad
2647 1309 2924 1366 libidinem
2947 1311 3308 1368 inservieruut
3339 1331 3351 1367 :

1805 1407 2092 1467 paupertas
2123 1413 2247 1454 vero
2279 1398 2537 1469 plurimos
2584 1408 2648 1455 ad
2691 1404 2818 1460 vitia
2860 1419 3185 1474 magnopere
3231 1420 3358 1475 pro-

1806 1491 2099 1558 pendentes
2137 1489 2410 1558 repressit.
2444 1488 2627 1559 Neque
2655 1493 2816 1562 igitur
2839 1494 3076 1567 refugias
3105 1512 3222 1564 quae
3248 1512 3354 1553 non

1807 1591 2018 1649 oportet
2043 1601 2056 1636 :
2077 1596 2176 1636 nec
2197 1581 2474 1652 confugias
2501 1582 2566 1636 ad
2592 1597 2748 1652 quem
2781 1601 2884 1640 non
2907 1597 3144 1656 oportet.
3175 1587 3352 1643 Ur.qu

1807 1688 1966 1742 porro
1996 1675 2273 1730 vitandum
2307 1674 2398 1728 tibi
2426 1684 2527 1741 est,
2555 1684 2837 1744 peceatum
2872 1677 3216 1746 videlicet,et
3241 1680 3356 1736 uni-

1808 1779 1929 1818 cum
1967 1780 2033 1818 ex
2069 1766 2220 1821 malis
2249 1763 2514 1836 refugium
2550 1767 2644 1822 tibi
2685 1768 2756 1823 sit
2803 1767 2965 1824 Deus.
2998 1771 3074 1826 Ne
3105 1776 3356 1830 confidite

1809 1855 2137 1924 principibus
2162 1857 2242 1922 ⁸⁹;
2295 1874 2362 1913 ne
2395 1855 2690 1914 eﬂ‘eramini
2736 1860 2917 1916 animo
2949 1862 3000 1916 in
3041 1863 3245 1920 incerto
3271 1868 3354 1922 di-

1805 1944 2056 1999 vitiarum
2092 1944 2177 2009 '°;
2210 1960 2275 2000 ne
2305 1947 2628 2018 superbiatis
2667 1951 2734 2004 ob
2774 1951 3021 2018 corporis
3049 1951 3228 2018 vires;
3284 1969 3352 2008 ne

1807 2034 2057 2088 humana:
2104 2033 2285 2103 gloriae
2347 2040 2745 2107 prosequamini
2798 2040 3162 2109 splendorem.
3211 2040 3355 2098 Nihil

1805 2124 1994 2178 borum
2023 2125 2172 2180 ducit
2193 2127 2258 2180 ad
2283 2128 2541 2195 salutem;
2586 2132 2904 2198 temporaria
2936 2134 3136 2198 omnia,
3165 2138 3348 2190 omnia

1808 2216 2039 2272 fallacia.
2072 2216 2353 2286 Refugium
2382 2221 2618 2285 unicum,
2653 2221 2814 2278 Deus.
2844 2222 3159 2280 Maledictus
3197 2227 3352 2282 homo

1802 2310 1891 2377 qui
1918 2325 2055 2378 spem
2101 2311 2242 2378 ponit
2272 2309 2324 2362 iu
2353 2311 2558 2365 homine
2587 2314 2654 2379 ",
2685 2327 2776 2368 aut
2831 2318 2882 2370 in
2933 2319 3114 2389 aliqua
3161 2333 3222 2375 re
3251 2322 3351 2376 htt-

1803 2413 1983 2452 mana.

121 2495 434 2564 περιφανὲς
466 2494 705 2548 διώκετε.
739 2495 903 2548 Οὐδὲν
929 2495 1129 2547 τούτων
1162 2495 1340 2557 σώζει·
1377 2495 1550 2546 πάντα
1580 2493 1688 2561 (29)
1729 2490 2052 2560 πρόσκαιρα,
2095 2488 2270 2542 πάντα
2305 2489 2574 2574 ἀπατηλὰ.
2634 2492 2748 2547 Μία
2808 2498 3116 2569 καταφυγὴ,
3144 2500 3174 2554 ό
3196 2499 3346 2563 Θεός.

132 2585 600 2656 Ἐπικατάρατος
623 2586 928 2655 ἅνθρωπος
949 2589 982 2640 ὀ
1011 2585 1124 2654 τὴν
1151 2585 1367 2640 ἐλπίδα
1399 2586 1552 2655 ἔχων
1587 2583 1677 2637 ἐπ’
1715 2583 2044 2650 ἄνθρωπον,
2071 2581 2104 2650 ἢ
2135 2581 2225 2634 ἐπί
2255 2599 2306 2634 τι
2333 2585 2437 2635 τῶν
2468 2585 2833 2655 ἀνθρωπίνων.

206 2679 269 2733 2.
326 2681 386 2732 '0
419 2679 560 2747 Θεὸς
609 2677 700 2734 οὖν
742 2681 910 2751 ἡμῶν
940 2679 1251 2750 καταφυγὴ
1302 2681 1398 2734 καί
1432 2679 1700 2748 δύναμις.

123 2765 224 2834 Τῷ
258 2767 535 2837 δυναμένῳ
565 2768 762 2836 λέγειν,
800 2770 1001 2824 Πάντα
1033 2771 1220 2838 ἰσχύω
1246 2771 1314 2824 ἐν
1343 2769 1422 2835 τῷ
1449 2769 1701 2824 ἐνδυνα-

118 2857 348 2924 μοῦντί
380 2874 456 2926 με
491 2859 741 2925 Χριστῷ,
783 2859 1007 2930 δύναμίς
1056 2863 1201 2913 ἐστιν
1232 2865 1259 2914 ὁ
1290 2861 1441 2924 Θεὸς.
1485 2861 1699 2914 Πολλῶν

125 2943 232 3010 μὲν
285 2939 376 2997 οὖν
424 2948 569 2998 ἔστιν
601 2948 792 3012 εἰπεῖν,
829 2949 883 3000 '0
941 2948 1084 3014 Θεὸς
1132 2948 1298 3016 ἡμῶν
1348 2950 1692 3019 καταφυγή·

1870 2677 1924 2729 2.
1960 2675 2098 2730 Deus
2129 2676 2294 2746 igitur
2323 2689 2495 2733 noster
2544 2680 2803 2752 refugium
2843 2695 2892 2738 et
2927 2687 3110 2744 virtus.
3150 2688 3227 2744 Illi
3254 2693 3348 2762 qui

1801 2769 2173 2837 potest-dicere
2205 2788 2218 2823 :
2256 2769 2445 2826 Omnia
2483 2790 2695 2842 possunt
2716 2775 2771 2829 in
2811 2792 2872 2831 eo
2903 2780 2993 2848 qui
3021 2795 3101 2834 me
3137 2785 3349 2852 confor-

1797 2867 1874 2912 tat
1900 2856 2120 2913 Christo
2142 2860 2208 2924 ",
2237 2863 2407 2916 virtus
2429 2875 2509 2917 est
2534 2865 2690 2922 Deus.
2719 2867 3009 2926 Multorum
3027 2872 3243 2942 quidem
3265 2886 3348 2930 est

1795 2951 2013 3008 dicere:
2041 2949 2179 3006 Deus
2207 2964 2380 3006 noster
2402 2955 2684 3025 refugium;
2709 2970 2782 3026 et,
2817 2961 3058 3028 Domine,
3088 2967 3347 3038 relugt'um

125 3035 222 3086 καὶ
265 3035 346 3100 τὸ,
390 3037 591 3106 Κύριε,
641 3038 949 3108 καταφυγὴ
995 3039 1284 3108 ἐγενήθης
1326 3039 1496 3108 ἡμῖν’
1540 3041 1600 3093 τὸ
1640 3040 1694 3093 δὲ

1798 3040 1968 3108 factus
1999 3058 2052 3097 es
2079 3044 2224 3096 nobis
2247 3043 2294 3074 ”
2321 3061 2334 3098 :
2367 3045 2416 3098 id
2439 3061 2567 3101 vero
2592 3049 2782 3103 eodem
2834 3066 2897 3106 ac
2941 3035 3345 3124 Pr0pheta'anio

122 3126 235 3177 ἀπὸ
285 3130 380 3198 τῆς
421 3129 588 3200 αὐτῆς
628 3130 916 3194 διαθέσεως
945 3134 1115 3185 εἰπεῖν
1147 3130 1225 3201 τῷ
1253 3132 1510 3204 Προφήτῃ
1557 3132 1694 3186 πάνυ

1799 3147 1885 3187 mo
1901 3133 2099 3200 dicere,
2130 3151 2385 3206 perquam
2411 3153 2705 3208 paucorum
2736 3152 2838 3197 est.
2867 3142 3028 3202 Pauci
3051 3149 3192 3203 enim
3219 3162 3346 3206 sunt

127 3217 354 3285 ὀλίγων.
396 3221 591 3287 Ὀλίγοι
623 3222 728 3292 γὰρ
757 3224 803 3274 οἱ
839 3222 912 3293 μὴ
944 3223 1346 3294 τεθαυμακότες
1384 3226 1454 3280 τά
1485 3223 1693 3298 ἀνθρώ-

123 3324 286 3373 πινα,
315 3308 429 3360 ἀλλ’
468 3311 578 3362 ὅλοι
607 3313 903 3382 ἠρτημένοι
935 3313 1028 3365 τοῦ
1058 3315 1214 3377 Θεοῦ,
1244 3318 1336 3368 καὶ
1369 3315 1528 3370 αὑτὸν
1562 3317 1691 3370 ἀνα-

127 3397 404 3461 πνέοντες,
431 3401 524 3454 καὶ
556 3403 730 3454 πᾶσαν
757 3400 943 3454 ἐλπίδα
973 3403 1066 3454 καὶ
1099 3403 1414 3472 πεποίθησιν
1460 3405 1689 3473 ἔχοντες.

131 3489 248 3542 Καὶ
283 3489 492 3560 ἐλέγχει
535 3507 598 3557 γε
647 3493 792 3561 ἡμᾶς
836 3491 905 3544 τὰ
948 3492 1264 3563 πράγματα,
1311 3495 1434 3547 ὅταν
1478 3497 1533 3548 ὲν
1576 3499 1692 3558 ταῖς

125 3582 373 3652 θλίψεσιν
402 3584 494 3638 ἐπὶ
528 3584 701 3638 πάντα
743 3585 940 3655 μᾶλλον
978 3585 1009 3657 ἢ
1057 3587 1150 3640 ἐπὶ
1187 3587 1277 3640 τὸν
1311 3587 1442 3640 Θεὸν
1486 3588 1690 3658 τρέχω-

129 3691 250 3743 μεν.
294 3676 458 3729 Νοσεῖ
495 3677 554 3729 τὸ
591 3677 833 3740 παιδίον;
883 3678 990 3730 Καὶ
1024 3677 1086 3729 σὺ
1120 3679 1210 3730 τὸν
1247 3680 1493 3732 ὲπαοιδὸν
1534 3697 1690 3751 περι-

127 3771 372 3831 σκοπεῖς,
416 3768 447 3836 ἢ
495 3769 585 3822 τὸν
629 3770 756 3832 τοὺς
810 3769 1133 3841 περιέργους
1185 3772 1535 3841 χαρακτῆρας
1579 3775 1690 3835 τοῖς

126 3855 418 3926 τραχήλοις
443 3856 548 3910 τῶν
577 3859 830 3913 ἀναιτίων
858 3860 1064 3930 νηπίων
1088 3861 1428 3932 περιτιθέντα
1446 3878 1458 3891 ·
1481 3861 1513 3932 ἢ
1544 3861 1605 3914 τό
1627 3879 1688 3930 γε

125 3946 432 4000 τελευταῖον
464 3949 554 4001 ἐπὶ
598 3951 686 4002 τὸν
724 3950 902 4022 ἰατρὸν
951 3953 1084 4024 ἔρχῃ
1130 3955 1224 4006 καὶ
1270 3953 1338 4006 τὰ
1385 3953 1685 4022 φάρμακα.

126 4036 219 4089 τοῦ
263 4038 556 4108 δυναμένου
598 4039 788 4105 σώζειν
837 4042 1234 4112 καταμελήσας.
1276 4042 1395 4096 Κᾶν
1439 4042 1685 4099 ἐνύπνιόν

129 4144 185 4180 σε
220 4131 525 4202 ὲκταράξῃ,
571 4133 705 4203 πρὸς
747 4133 836 4185 τὸν
880 4133 1255 4203 όνειροσκόπον
1293 4134 1520 4203 τρέχεις.
1568 4134 1684 4188 Κᾶν

129 4221 367 4293 φοϐηθῇς
394 4223 603 4294 ἐχθρὸν,
643 4225 945 4294 προστάτην
991 4225 1086 4277 ἕνα
1121 4223 1226 4276 τῶν
1265 4223 1561 4295 ἀνθρώπων
1591 4243 1685 4277 πε⁶

130 4316 342 4380 ρινοεῖς.
388 4317 496 4368 Καὶ
536 4315 671 4378 ὅλως
716 4317 796 4382 ἐφ’
823 4315 1057 4385 ἑκάστης
1099 4313 1282 4384 χρείας
1313 4313 1538 4386 ἐλέγχῃ.
1586 4315 1682 4385 ῥή-

1795 3221 1887 3290 qui
1916 3223 2144 3277 humana
2167 3242 2269 3280 non
2290 3229 2570 3296 mirentur,
2599 3233 2692 3287 sed
2722 3236 2814 3295 toti
2837 3239 3103 3304 pendeant
3128 3254 3193 3296 ex
3215 3244 3342 3308 Deo.

1795 3311 2075 3381 ipsumque
2107 3315 2336 3384 spirent,
2368 3333 2429 3373 ac
2463 3320 2516 3374 in
2547 3321 2665 3389 ipso
2684 3338 2895 3380 omnem
2927 3344 3073 3398 spem
3111 3348 3174 3388 ac
3206 3335 3342 3392 ﬁdu-

1791 3404 1928 3458 ciam
1959 3406 2212 3462 habeant.
2248 3408 2314 3463 Et
2343 3425 2474 3466 sane
2494 3425 2729 3481 arguunt
2776 3432 2873 3473 nos
2907 3436 2994 3476 res
3029 3423 3178 3491 ipsae,
3217 3442 3340 3482 curn

1793 3497 1846 3549 in
1877 3497 2262 3554 afﬂictionibus
2293 3501 2359 3556 ad
2387 3502 2643 3571 quaelibet
2674 3508 2855 3575 potius
2885 3524 3044 3578 quam
3074 3516 3139 3567 ad
3175 3512 3342 3573 Deum

1791 3600 2152 3644 recurremus.
2187 3590 2434 3660 ὧδε-οισι
2459 3595 2641 3650 ﬁlius?
2674 3598 2792 3653 Mox
2831 3610 2886 3656 tu
2932 3603 3190 3674 conjectis
3212 3622 3340 3680 quo-

1791 3691 2114 3744 quoversum
2145 3682 2338 3747 oculis,
2367 3698 2578 3754 magum
2626 3691 2874 3758 requiris,
2906 3694 2986 3749 vel
3033 3703 3336 3769 quempiam

1789 3767 1878 3834 qui
1907 3780 2069 3822 vanos
2096 3769 2439 3828 characteres
2470 3776 2610 3831 collo
2635 3778 3001 3839 innocentium
3049 3767 3336 3856 puerorum

1787 3857 2160 3927 circumponat
2187 3877 2202 3926 ;
2259 3863 2341 3918 vel
2375 3874 2725 3934 postremum,
2777 3886 2842 3926 eo
2871 3876 2965 3944 qui
2998 3890 3215 3934 servare
3241 3897 3337 3950 po-

1787 3952 1892 4000 test
1921 3947 2180 4017 neglecto,
2209 3952 2275 4004 ad
2310 3954 2574 4009 medicum
2610 3957 2851 4025 devenis,
2892 3971 2946 4016 et
2989 3966 3056 4020 ad
3102 3947 3337 4024 medica-

1789 4048 1988 4092 menta.
2029 4039 2353 4097 lnsomnium
2384 4045 2427 4099 si
2465 4055 2515 4101 te
2541 4048 2821 4116 sollicitat,
2868 4058 3044 4112 curris
3085 4060 3154 4113 ad
3203 4076 3335 4117 con—

1777 4127 2065 4198 iectorem.
2098 4131 2155 4186 Si
2187 4134 2428 4190 timueris
2459 4137 2758 4205 inimicum,
2795 4143 3027 4215 aliquem
3062 4149 3330 4206 hominem

1783 4221 2083 4288 adjutorcm
2135 4225 2390 4280 attendis.
2422 4227 2488 4282 Et
2529 4230 2583 4283 in
2643 4247 2877 4298 summa,
2910 4239 3244 4296 eonvinceris
3278 4243 3331 4298 in

1784 4325 2102 4382 quacunque
2142 4317 2491 4384 necessitate,
2550 4323 2712 4377 verbo
2749 4327 2965 4394 quidem
3001 4323 3332 4388 Deum'refn-

132 4419 257 4470 ματι
296 4404 393 4474 μὲν
435 4405 525 4457 τὸν
558 4406 687 4458 Θεὸν
733 4405 1007 4476 ὀνομάζων
1052 4405 1390 4476 καταφυγὴν,
1437 4404 1579 4475 ἔργῳ
1622 4405 1676 4456 δὲ

1792 4403 1926 4473 gium
1959 4405 2257 4471 nominare,
2283 4408 2374 4461 sed
2413 4423 2473 4463 re
2504 4411 2615 4481 ipsa
2646 4428 2709 4468 ex
2755 4416 3031 4475 inutilibus
3070 4424 3332 4494 vanisque

128 4491 221 4561 τὴν
263 4495 328 4546 ὲκ
368 4493 471 4546 τῶν
523 4495 807 4564 ἀνωφελῶν
850 4496 942 4547 καὶ
983 4496 1221 4564 ματαίων
1265 4494 1512 4565 βοήθειαν
1557 4498 1675 4548 ὲπι-

133 4581 430 4654 σπώμενος.
467 4584 618 4636 Ἐστι
665 4584 719 4635 δὲ
764 4583 839 4653 τῷ
885 4583 1077 4652 δικαίῳ
1119 4582 1343 4654 ἀληθινὴ
1383 4583 1601 4653 βοήθεια
1647 4587 1675 4637 ό

128 4670 272 4736 Θεός.
319 4676 524 4747 Ὥσπερ
587 4693 670 4738 τις
735 4675 1033 4747 στρατηγὸς
1097 4675 1368 4728 ὁπλιτικὸν
1434 4677 1672 4742 γενναῖον

132 4761 483 4835 ἐξηρτημένος
547 4765 761 4836 ἕτοιμος
805 4769 891 4820 ἀεὶ
941 4766 1149 4837 βοηθεῖν
1192 4767 1269 4835 τῷ
1335 4782 1672 4819 καταπονου-

133 4854 270 4924 μένῳ
320 4857 497 4927 μέρει⁶
532 4857 700 4921 οὕτως
732 4859 760 4910 ὁ
789 4857 918 4919 Θεὸς
966 4858 1153 4928 βοηθὸς
1194 4859 1350 4929 ἡμῶν
1400 4859 1536 4917 ἐστι,
1579 4859 1672 4912 καὶ

1784 4495 1942 4549 rebus
1962 4497 2214 4550 auxilium
2236 4499 2328 4552 tibi
2356 4514 2649 4559 accersere.
2673 4505 2765 4560 Est
2782 4517 2960 4563 autem
2978 4511 3124 4580 justo
3146 4529 3328 4570 verum

1783 4589 2041 4642 auxilium
2109 4590 2265 4646 Deus.
2320 4592 2779 4658 Quemadmodum
2835 4602 2979 4655 enim
3036 4602 3329 4674 imperator

1782 4678 1905 4733 forti
1962 4682 2187 4736 militum
2254 4701 2412 4742 manu
2481 4689 2818 4757 instructus,
2867 4694 2934 4750 ad
2978 4711 3132 4766 opem
3190 4701 3329 4768 parti

1778 4783 2045 4837 oppressa:
2091 4773 2364 4827 ferendam
2404 4790 2618 4846 semper
2657 4791 2879 4849 paratus
2927 4796 3010 4839 est
3042 4808 3052 4840 :
3083 4787 3154 4840 ita
3187 4787 3328 4844 Deus

1777 4861 1990 4928 adiutor
2021 4875 2204 4920 noster
2228 4875 2328 4928 est,
2353 4874 2407 4921 et
2443 4870 2730 4926 auxiliator
2753 4875 2969 4932 cuilibet
2989 4890 3180 4934 contra
3211 4883 3325 4936 dia-

192 5008 233 5041 ”
263 5009 404 5064 Psal.
437 5026 592 5077 στιν,
621 5015 676 5068 2.
767 5014 811 5045 '°
842 5012 862 5066 l
890 5012 1029 5067 Tim.
1065 5028 1136 5077 vr,
1174 5013 1260 5065 l7.
1336 5013 1378 5043 ⁹¹
1412 5011 1522 5066 Jer.
1561 5028 1700 5078 xvu,
1737 5012 1788 5067 5.
1883 5015 1928 5046 ⁹¹
1961 5013 2190 5086 Philipp.
2218 5033 2289 5082 IV,
2322 5019 2407 5076 l5.
2481 5021 2525 5053 "
2555 5021 2698 5077 Psal.
2736 5042 2960 5094 Luxu,
2993 5031 3041 5083 1.

193 5124 300 5192 (25)
335 5124 486 5192 Illud,
513 5127 606 5179 καὶ
652 5129 863 5194 εἴδωλα,
917 5127 1150 5182 additum
1190 5125 1355 5182 fuisse
1382 5127 1656 5180 contextui

130 5196 360 5266 expliv.
386 5199 653 5266 etAnglic.
686 5200 843 5250 tradit
870 5199 949 5250 vir
973 5197 1364 5250 eruditissimus
1391 5197 1613 5249 DUCJEUS
1638 5212 1651 5247 :

131 5263 313 5326 quibus
330 5263 600 5321 codicibus
625 5279 731 5320 tum
758 5268 1088 5321 Colbertinos
1109 5267 1353 5334 quintum
1379 5274 1433 5319 et
1445 5275 1654 5319 sextum

132 5337 504 5414 etseptimunt,
548 5347 655 5389 tum
710 5336 900 5403 Regios
926 5348 1184 5414 quartum
1224 5344 1286 5414 et
1306 5344 1513 5414 sextum
1534 5337 1656 5414 _ad_-

128 5397 276 5472 juogi'
299 5414 549 5472 oportere
579 5397 873 5459 monemus.
926 5397 1222 5459 Fatendum
1276 5413 1452 5457 tamen
1495 5404 1547 5458 id
1598 5405 1650 5458 in

135 5471 298 5534 “ﬁliis
320 5471 556 5527 secundo
586 5485 638 5526 et
676 5477 830 5528 tertio
858 5476 1062 5527 deesse.

133 5603 174 5653 ἃ,
193 5538 295 5618 ~(26)
320 5542 459 5602 Editi
489 5545 773 5612 φεύγοντές
801 5561 940 5598 τινα.
968 5547 1034 5596 At
1073 5559 1163 5599 sex
1195 5559 1322 5598 mss.
1365 5540 1653 5611 φεύγοντες

165 5623 266 5653 ΑΑα-

165 5623 266 5662 ΑΑα.

195 5678 294 5744 (27)
329 5682 465 5734 Editi
500 5685 558 5734 ἐκ
600 5684 813 5736 πάντων
863 5681 1065 5736 κακῶν.
1114 5683 1179 5736 At
1219 5698 1346 5738 mss.
1390 5696 1483 5738 sex
1521 5681 1654 5737 sim-

137 5744 320 5806 pliciter
343 5754 405 5803 ἐκ
437 5752 541 5804 τῶν
566 5754 764 5806 κακῶν.

435 5846 696 5907 Parnm.
745 5847 858 5908 Gn.
908 5846 1142 5908 XXIX.

1833 5129 1946 5223 (iiii)
1977 5129 2272 5223 (10”!)‘eﬁli'ni
2304 5135 2507 5223 primus
2528 5146 2582 5190 et
2609 5147 2798 5223 gelatus
2827 5142 3014 5223 curuli
3035 5159 3102 5223 fg.
3132 5158 3341 5199 securi.-

1758 5199 1826 5252 do
1851 5209 1905 5253 et
1932 5217 2052 5252 cum
2085 5201 2246 5282 Coi‘sl.
2269 5199 2746 5262 πεποίθατε.Ει1ἰιί
2770 5225 2891 5264 cum
2921 5199 3098 5282 Regiis
3128 5227 3322 5269 anarto

1758 5279 1809 5321 et
1832 5281 1983 5322 sexto
2006 5270 2313 5328 πεποίθετε.

1829 5339 1934 5407 (‘29)
1970 5339 2060 5392 Sic
2080 5355 2214 5420 mss.
2255 5353 2307 5396 et
2335 5343 2499 5420 editio
2543 5345 2732 5413 Basil.,
2777 5363 2875 5404 nec
2920 5350 3074 5404 aliter
3113 5352 3321 5420 legerat

1759 5407 2044 5489 interpres.
2079 5409 2182 5489 sed
2217 5426 2317 5489 νοτ
2347 5407 2970 5489 πρόσκαιραοροτοτυιη
2994 5407 3316 5489 negligentia

1756 5476 1808 5558 in
1843 5478 2078 5560 editione
2111 5479 2280 5534 Paris.
2327 5476 2524 5538 omissa
2558 5476 2910 5560 fuerai.AMox
2940 5476 3090 5560 mss."
3108 5476 3313 5560 septem

1760 5547 2318 5628 Enixasipasogggna
2349 5568 2413 5628 ex
2450 5570 2578 5610 voce
2612 5557 2662 5628 in
2691 5557 2927 5614 editione
2953 5558 3124 5613 Paris.
3166 5547 3319 5615 facta:

1758 5618 2046 5697 suntquae,
2082 5618 2213 5673 ἐπεῖ
2230 5622 2558 5693 κατάρατος.
2606 5626 2842 5683 Subinde
2887 5645 3018 5684 mss.
3074 5639 3183 5686 tres
3225 5632 3318 5686 hct

1758 5702 1862 5739 τινι
1889 5703 2016 5742 των.

2934 5855 3002 5915 14
