4098 6324
734 341 836 394 419

2029 342 2086 394 S.
2129 343 2368 393 BASILII
2405 344 2615 392 MANV!

3862 355 3949 400 420

734 459 841 514 boli
877 457 1101 510 insidias
1150 456 1436 524 pugnanti,
1493 455 1748 508 cmittens
1800 455 2271 510 administratoriot

2394 455 2676 524 σύμμαχος
2709 471 2870 508 παντι
2917 456 2994 526 τῷ
3039 459 3445 527 στρατευομένῳ
3487 459 3630 512 κατὰ
3675 459 3784 528 τῆς
3838 461 3947 529 μεθ-

733 553 954 623 spiritus
1003 550 1068 603 ad
1124 549 1484 618 indigentium
1539 547 1786 601 salutem.
1854 547 2060 601 Invenit
2107 558 2285 600 autem

731 641 947 696 all-ictio
985 654 1194 693 omnem
1234 638 1466 706 justum,
1501 639 1570 691 ob
1602 639 1725 691 vita!
1779 639 2080 692 institutam
2123 640 2285 692 ratio-

733 746 875 784 nem.
913 729 1011 794 Qui
1048 728 1189 782 enim
1236 727 1472 781 declinat
1514 728 1674 780 latam
1711 742 1773 780 ac
1807 727 2094 794 spatiosam
2125 729 2282 790 viam,

732 822 972 875 ambulat
1005 830 1184 874 autem
1233 832 1515 891 angustam
1566 829 1619 873 et
1665 829 1867 873 arctam
1911 820 2139 883 viam",
2177 821 2221 874 is
2255 838 2282 874 a

732 911 1164 967 tribulationibus
1195 912 1486 964 invenitur.
1533 911 1666 965 Rem
1697 913 1759 967 ad
1806 915 1985 966 vivum
2018 915 2286 982 expressit

728 1005 996 1072 Propheta
1027 1043 1039 1065 ,
1076 1018 1196 1056 cum
1234 1003 1404 1055 dixit:
1439 1002 1500 1054 In
1533 1004 1974 1069 tribulationibus,
2006 1021 2120 1074 qute
2147 1007 2283 1059 iuve-

728 1107 914 1151 nerunt
948 1113 1038 1148 nos
1081 1095 1253 1147 nimis.
1311 1093 1418 1148 Nos
1449 1097 1592 1148 enim
1629 1109 1726 1148 ceu
1757 1097 1991 1148 animata
2029 1097 2278 1151 animalia

727 1189 1132 1258 deprehendunt
1163 1185 1562 1246 tribulationes,
1598 1201 1716 1254 quae
1745 1187 2056 1255 patientiam
2086 1188 2280 1256 produ-

727 1289 872 1343 cunt,
897 1289 951 1334 et
975 1294 1067 1349 per
1097 1277 1412 1345 patientiam
1450 1278 1820 1346 probationem
1847 1318 1860 1340 ,
1891 1288 1942 1329 et
1975 1293 2069 1344 per
2091 1280 2278 1347 proba-

728 1376 925 1427 tionem
971 1387 1117 1440 spem
1143 1372 1208 1421 ”.
1240 1369 1385 1424 Unde
1415 1381 1469 1424 et
1495 1369 1784 1437 Apostolus
1806 1370 1918 1423 ait:
1951 1369 2058 1423 Per
2084 1374 2276 1425 multas

725 1465 1090 1518 tribulatioues
1119 1472 1316 1529 oportet
1343 1478 1434 1514 nos
1458 1463 1651 1512 intrare
1677 1460 1728 1512 in
1752 1475 1959 1528 regnum
1974 1459 2160 1515 'Der’i.
2188 1460 2273 1527 Ει,

726 1557 907 1610 Multtr
936 1556 1295 1608 tribulatione:
1313 1553 1656 1621 justorum".
1679 1553 1832 1621 172
1865 1551 1968 1606 Sed
1993 1557 2083 1622 qui
2111 1569 2275 1624 gene-

725 1663 846 1702 rose
865 1658 918 1701 et
945 1647 1208 1715 intrepide
1237 1645 1596 1698 tribulationis
1623 1645 1972 1698 tentationem
2001 1647 2273 1699 sustinue-

724 1752 816 1803 rit,
836 1739 1008 1793 dicet:
1033 1737 1097 1789 In
1125 1737 1203 1789 his
1228 1738 1460 1789 omnibus
1486 1751 1787 1802 superamus
1814 1747 2021 1802 propter
2050 1753 2167 1788 eum
2185 1737 2272 1804 qui

2389 548 2565 608 οδείας
2610 545 2702 598 τοῦ
2757 546 3022 611 διαϐόλου,
3073 548 3408 602 ἀποστέλλων
3484 550 3554 603 τὰ
3604 551 3946 622 λειτουργικὰ

2387 637 2670 706 πνεύματα
2722 638 2856 708 πρὸς
2901 639 2997 709 τὴν
3045 640 3315 711 σωτηρίαν
3354 641 3460 692 τῶν
3506 643 3817 711 δεομένων.
3858 646 3945 696 Εὑ-

2389 728 2560 798 ρίσκει
2597 729 2653 781 δέ
2695 731 2727 798 ὴ
2779 729 2954 792 θλίψις
2995 731 3168 784 πάντα
3207 731 3295 783 τὸν
3335 732 3534 786 δίκαιον
3577 735 3664 788 διὰ
3716 736 3821 804 τὴν
3865 737 3946 787 τοῦ

2385 819 2498 888 βίου
2565 821 2923 890 ἐπιτήδευσιν.
2962 822 3019 874 Ὀ
3067 821 3173 892 γάρ
3222 823 3479 876 ἐκκλίνων
3523 827 3623 894 μὲν
3649 825 3762 896 τὴν
3821 829 3942 878 πλα-

2383 913 2528 964 τεῖαν
2573 912 2666 964 καὶ
2723 912 3031 984 εὐρύχωρον
3076 913 3212 977 ὁδὸν,
3263 914 3458 968 ὁδεύων
3503 916 3560 968 δὲ
3600 918 3708 984 τὴν
3764 919 3944 986 στενὴν

2383 1005 2473 1056 καὶ
2526 1004 2926 1075 τεθλιμμένην,
2989 1006 3297 1077 εὑρίσκεται
3350 1008 3450 1060 ὑπὸ
3491 1008 3601 1060 τῶν
3665 1008 3922 1076 θλίψεων.

2395 1095 2675 1166 Ἐμψύχως
2738 1097 2826 1149 τὸν
2905 1096 3058 1164 λόγον
3117 1099 3473 1167 ἐσχημάτισεν
3540 1101 3570 1152 ὁ
3645 1100 3942 1170 Προφήτης

2378 1189 2543 1241 είπών
2565 1205 2578 1218 ·
2624 1189 2724 1241 Ἐν
2745 1189 2986 1254 (Mlti-80's
3016 1188 3142 1254 ταῖς
3166 1191 3478 1256 εὐρούσαις
3505 1188 3664 1257 ἡμᾶς
3686 1190 3941 1256 σφάῗρα.

2380 1278 2584 1351 Ὠσπερ
2635 1279 2744 1349 γὰρ
2793 1276 2906 1341 ζῶα
2954 1277 3167 1349 ἔμψυχα
3219 1281 3728 1350 καταλαμϐάνουσιν
3783 1284 3941 1351 ἡμᾶς,

2376 1369 2732 1438 ἐργαζόμεναι
2763 1371 3056 1442 ὑπομονὴν,
3100 1372 3192 1425 καὶ
3229 1373 3313 1425 διὰ
3352 1373 3450 1441 τῆς
3477 1373 3768 1442 ὑπομονῆς
3807 1372 3943 1424 ἕηκε-

2378 1457 2503 1528 μὴν,
2537 1462 2629 1513 καὶ
2652 1462 2739 1514 διὰ
2767 1463 2868 1531 τῆς
2891 1462 3117 1533 δοκιμῆς
3143 1465 3346 1516 ἐλπίδα.
3388 1463 3544 1517 Ὅθεν
3584 1465 3679 1518 καὶ
3720 1466 3752 1515 ὁ
3803 1465 3944 1516 Ἀπό-

2376 1551 2556 1613 στολός
2583 1568 2711 1620 φησι
2732 1569 2744 1580 ·
2777 1553 2879 1607 Διὰ
2896 1552 3140 1606 πολλῶν
3168 1555 3426 1621 θλίψεων
3457 1555 3549 1608 δεῖ
3573 1554 3738 1624 ἡμᾶς
3759 1558 3944 1610 £105.1-

2374 1640 2496 1692 θεῖν
2534 1645 2618 1707 εἰς
2645 1643 2756 1709 τὴν
2779 1645 3104 1707 βασιλείαν
3132 1643 3237 1696 τοῦ
3263 1647 3404 1700 Θεοῦ
3445 1648 3554 1716 (50)
3580 1667 3592 1678 ·
3637 1650 3759 1711 καὶ,
3795 1653 3943 1702 Πολ-

2373 1730 2474 1781 λαὶ
2508 1734 2567 1784 at
2601 1732 2837 1800 θλίψεις
2867 1731 2983 1786 τῶν
3022 1732 3284 1786 δικαίων.
3334 1736 3466 1786 Ἀλλ’
3495 1738 3522 1788 ὁ
3545 1738 3822 1803 γενναίως
3855 1740 3942 1789 καὶ

722 1832 905 1884 dilexit
941 1846 1032 1883 nos
1054 1829 1118 1881 ’⁸.
1154 1829 1230 1881 Ac
1268 1839 1470 1881 tantum
1503 1829 1655 1880 abest
1689 1835 1748 1878 ut
1777 1825 2013 1878 animum
2045 1827 2271 1895 despon-

2375 1821 2660 1891 ἀταράχως
2688 1797 2778 1876 τὸν
2816 1797 2880 1876 ἐκ
2919 1823 3016 1893 τῆς
3051 1823 3279 1890 Θλίψεως
3306 1797 3604 1896 πειρασμδν
3636 1797 3940 1898 ὑπὈμείνας

723 1927 868 1986 deat,
902 1938 966 1975 ac
1014 1930 1222 1989 torpeat
1265 1919 1316 1971 in
1349 1915 1813 1982 tribulationibus,
1849 1924 1907 1968 ut
1955 1917 2115 1970 etiam
2162 1915 2275 1985 glo-

723 2015 899 2070 riandi
934 2015 1274 2068 occasionem
1311 2025 1377 2063 ex
1422 2008 1681 2062 malorum
1715 2008 2081 2077 magnitudine
2110 2008 2272 2063 desu-

723 2119 852 2172 tnat,
888 2108 1071 2160 dicens
1106 2123 1121 2157 :
1162 2103 1280 2156 Non
1327 2104 1495 2156 solum
1533 2112 1727 2168 autem,
1758 2103 1846 2156 sed
1891 2111 1938 2155 et
1983 2101 2274 2171 gloriamur

721 2201 772 2251 in
811 2194 1228 2250 tribulationibus
1255 2194 1322 2245 ”.

789 2463 841 2515 3.
881 2463 1043 2516 Vsus.
1076 2461 1127 2514 5.
1166 2457 1444 2527 Propterea
1472 2475 1571 2509 non
1605 2457 1894 2509 timebimus
1943 2454 2064 2505 dum
2096 2453 2271 2504 turba-

721 2567 804 2608 tur
833 2565 990 2615 terra,
1025 2562 1071 2605 et
1114 2551 1503 2618 transferuntur
1528 2558 1723 2600 montes
1752 2548 1806 2598 in
1833 2546 1994 2599 corda
2022 2544 2266 2596 marium.

721 2648 968 2717 Magnam
1010 2644 1316 2698 ﬁrmitatem
1363 2641 1569 2695 ﬁducia:
1615 2639 1666 2692 in
1705 2637 1986 2693 Christum
2035 2636 2271 2691 ostendit

720 2742 981 2810 Propheta
1012 2755 1026 2790 :
1060 2737 1335 2798 nimirum,
1375 2733 1589 2788 etiamsi
1629 2732 1810 2788 omnia
1863 2745 2078 2785 sursum
2111 2730 2269 2782 deor-

719 2849 832 2887 sum
869 2831 1270 2900 provolvantur,
1299 2828 1511 2882 etiamsi
1540 2835 1680 2879 terra
1704 2825 1913 2878 turbata
1948 2823 2266 2890 invertatur,

720 2922 930 2978 etiamsi
969 2928 1199 2984 montes,
1222 2917 1442 2986 propria
1472 2917 1600 2969 sede
1640 2913 1848 2978 relicta,
1874 2911 2270 2967 transferantur

720 3035 769 3069 in
799 3015 1029 3070 medium
1061 3027 1229 3076 mare,
1273 3009 1394 3063 Non
1425 3009 1716 3062 timebimus
1749 3023 1766 3059 :
1801 3006 1940 3074 quod
1975 3005 2140 3059 Deum
2173 3005 2267 3058 ba-

719 3120 937 3161 ueamus
965 3104 1229 3171 refugium
1258 3103 1618 3168 virtutemque
1655 3107 1710 3152 et
1753 3099 2051 3167 adjutorem
2082 3096 2133 3148 in
2167 3097 2261 3147 tri-
2291 3129 2338 3192 ο

719 3196 1100 3258 bnlationibus,
1131 3207 1249 3261 quae
1282 3193 1600 3244 invenerunt
1632 3204 1730 3242 nos
1765 3189 1944 3240 nimis.
1975 3184 2264 3252 Cuiusnam

718 3307 808 3346 cor
845 3287 1170 3358 impavidum
1212 3283 1377 3348 adeo,
1426 3280 1704 3346 cnjnsnam
1739 3281 2095 3349 cogitationes
2134 3280 2267 3332 adeo

718 3393 842 3437 sunt
868 3377 1286 3448 imperturbatus,
1318 3388 1378 3429 ut
1402 3374 1544 3429 illius
1573 3373 1784 3426 animus
1815 3371 1868 3425 in
1907 3379 2052 3424 tanta
2079 3369 2267 3424 confu-

719 3476 868 3529 sione
905 3472 977 3526 sit
1021 3472 1086 3523 ad
1123 3470 1288 3523 Deum
1325 3470 1584 3531 intentus,
1628 3481 1689 3518 ac
1725 3474 1943 3534 propter
1973 3465 2262 3532 repositam

717 3583 769 3618 ιη
796 3566 914 3632 ipso
959 3576 1105 3630 spem
1147 3576 1212 3615 ex
1251 3559 1398 3613 nullo
1445 3572 1624 3610 rerum
1659 3565 1852 3610 eventu
1885 3553 2266 3624 perturbetur?

717 3655 823 3709 Nos
852 3668 979 3708 vero
1000 3652 1244 3706 hominis
1277 3651 1409 3704 iram
1445 3662 1547 3700 non
1580 3647 1940 3709 sustinemus;
1976 3657 2068 3698 aut
2101 3646 2267 3714 impe-

718 3759 862 3802 tente
895 3760 991 3800 nos
1020 3759 1176 3806 cane,
1229 3752 1321 3795 aut
1368 3740 1473 3795 alio
1531 3738 1722 3809 quovis
1771 3736 2010 3802 animali,
2042 3751 2148 3790 non
2201 3737 2266 3790 ad

720 3839 882 3890 Deum
918 3836 1229 3904 respicimus
1269 3835 1567 3902 adiutorem
1605 3843 1850 3888 nostrum
1885 3831 1938 3884 in
1971 3831 2265 3885 tribulatioo

717 3931 893 3994 nibus,
933 3928 1024 3981 sed
1081 3926 1363 3996 stupefacti
1402 3927 1469 3978 ad
1523 3941 1620 3979 nos
1669 3926 1816 3993 ipsos
1877 3924 2263 3978 convertimur.

720 4020 883 4075 Vens.
919 4019 970 4073 4.
1009 4019 1304 4072 Sonuerunt
1350 4028 1396 4070 et
1445 4017 1666 4070 turbatae
1714 4027 1832 4068 sunt
1874 4030 2022 4082 aqua
2069 4028 2264 4065 eorum.

719 4115 863 4167 Dixit
910 4111 1111 4162 telluris
1162 4108 1624 4163 conturbationem
1685 4121 1749 4162 ac
1781 4106 2038 4160 montium
2089 4115 2268 4161 trans-

717 4207 967 4257 lationem
1017 4220 1031 4256 :
1083 4202 1249 4256 maris
1295 4215 1508 4269 quoque
1562 4201 1976 4255 commotionem
2032 4198 2164 4253 dicit
2215 4205 2270 4249 et

717 4298 1069 4357 eversionem,
1117 4293 1386 4348 montibus
1423 4294 1473 4345 in
1523 4294 1756 4346 medium
1805 4292 2027 4362 pelagus
2060 4290 2266 4345 ruenti-

719 4391 833 4442 bus.
863 4386 1154 4440 Souuerunt
1175 4394 1221 4438 et
1246 4385 1464 4438 turbata:
1489 4391 1612 4436 sunt
1634 4399 1782 4451 aqua
1802 4399 1979 4435 eorum
1991 4399 2010 4446 ;
2038 4383 2266 4436 marium

2374 1913 2505 1983 ἐρεῖ,
2533 1914 2613 1965 δτι
2653 1916 2754 1969 Ἐν
2777 1916 3006 1982 τούτοις
3035 1915 3222 1970 πᾶσιν
3256 1917 3661 1984 ὑπερνικῶμεν
3697 1921 3807 1972 διὰ
3838 1920 3940 1972 τοῦ

2370 2003 2789 2074 ἁγέαπήσαντος
2815 2007 2988 2078 ἡμᾶς.
3035 2010 3145 2063 Καὶ
3185 2009 3432 2062 τοσοῦτον
3471 2010 3661 2079 ἀπέχει
3688 2013 3940 2081 ἀπαυδᾷν

2371 2097 2464 2148 καὶ
2501 2097 2755 2151 ἀποκνεῖν
2787 2101 2844 2154 ἐν
2888 2104 3006 2164 ταῖς
3039 2101 3298 2170 θλίψεσιν,
3332 2103 3413 2154 ὃτι
3459 2103 3549 2154 καὶ
3583 2105 3940 2171 καυχήματος

2369 2187 2620 2259 ἀφορμὴν
2659 2190 2719 2241 τὸ
2748 2190 3074 2262 ὑπερϐάλλον
3104 2192 3212 2245 τῶν
3254 2191 3438 2245 κακῶν
3468 2194 3697 2244 ποιεῖται
3745 2193 3937 2261 λέγων,

2369 2281 2448 2332 ὅτι
2479 2282 2559 2333 Οὐ
2584 2281 2778 2348 μόνον
2818 2280 2904 2343 δὲ,
2949 2282 3109 2336 ἀλλὰ
3148 2285 3242 2338 καὶ
3294 2283 3656 2352 καυχώμενοι
3689 2285 3768 2337 ἐν
3817 2286 3941 2350 ταῖς

2368 2368 2633 2435 θλίψεσι.

2439 2457 2489 2509 5.
2535 2460 2635 2512 Διὰ
2675 2460 2848 2514 τοῦτο
2887 2461 2958 2514 οὐ
2993 2462 3444 2532 φοϐηθησόμεθα
3486 2464 3554 2516 ὲν
3595 2463 3675 2528 τῷ
3707 2464 3914 2531 ταρὰσ

2369 2553 2578 2602 σεσθαι
2594 2551 2709 2616 τὴν
2729 2551 2864 2619 γῆν,
2896 2554 2990 2607 καὶ
3010 2555 3418 2623 μετατίθεσθαι
3445 2556 3548 2624 ὄρη
3572 2557 3645 2609 ἐν
3665 2556 3941 2625 καρδίαις

2369 2639 2712 2694 θαλασσῶν.
2754 2644 2911 2710 Μέγα
2933 2644 3290 2698 ἐπιδείκνυται
3323 2647 3382 2698 τὸ
3415 2647 3696 2717 στερέωμα
3723 2648 3833 2715 τῆς
3863 2651 3940 2710 είς

2367 2731 2598 2804 Χριστὸν
2651 2733 3023 2802 πεποιθήσεως
3069 2739 3180 2808 (51)
3230 2741 3258 2790 ὁ
3310 2739 3633 2809 Προφήτης,
3683 2739 3774 2791 ὅτι
3837 2741 3941 2792 κᾶν

2367 2827 2544 2878 πάντα
2596 2825 2705 2878 ἄνω
2735 2823 2826 2876 καὶ
2859 2825 3007 2878 κάτω
3047 2829 3282 2898 γίνηται,
3326 2830 3482 2899 κᾶνὴ
3525 2832 3593 2898 γῆ
3632 2831 3938 2900 στρέφηται

2365 2917 2738 2988 ταρασσομένη
2759 2957 2774 2979 ,
2814 2915 2914 2969 κᾶν
2941 2917 3009 2970 τὰ
3040 2917 3141 2987 ὅρη
3167 2917 3263 2988 τὴν
3292 2920 3490 2970 οἰκείαν
3518 2920 3679 2987 ἐδραν
3705 2923 3939 2972 καταλι-

2368 3012 2566 3072 πόντα,
2599 3009 2730 3079 πρὸς
2766 3009 2834 3062 τά
2874 3009 3011 3079 μέσα
3047 3008 3360 3079 μεθίσταται
3390 3008 3485 3078 τῆς
3515 3008 3826 3080 θαλάσσηςο
3860 3016 3939 3066 Οὐ

2366 3104 2837 3170 φοϐηθησόμεθα,
2869 3101 2956 3155 διά
2981 3101 3040 3154 τὸ
3063 3099 3205 3171 ἐχειν
3230 3102 3321 3154 τὸν
3340 3101 3468 3154 Θεὸν
3496 3102 3824 3170 καταφυγὴν
3850 3105 3940 3155 καὶ

2367 3192 2590 3262 δύναμιν
2619 3193 2711 3245 καὶ
2754 3191 2942 3263 βοηθὸν
2974 3193 3030 3245 ἐν
3057 3193 3267 3262 θλίψεσι
3305 3196 3420 3255 ταῖς
3454 3192 3742 3264 εὑρούσαις
3791 3194 3940 3262 ἡμᾶς

2369 3285 2593 3354 σφόδρα.
2633 3283 2785 3346 Τίνος
2818 3285 2986 3346 οὑτως
3024 3285 3292 3354 άπτόητος
3326 3287 3357 3354 ἡ
3401 3285 3625 3354 καρδία,
3658 3286 3812 3348 τίνος
3852 3286 3942 3338 οὑ-

2365 3391 2473 3437 τως
2518 3372 2778 3444 ἀτάραχοι
2827 3373 2876 3424 οί
2927 3371 3193 3442 λογισμοὶ,
3242 3371 3380 3426 ὥστε
3427 3374 3481 3423 ἐν
3514 3376 3577 3442 τῇ
3628 3373 3936 3444 τηλικαύτη

2368 3467 2622 3537 συγχύσει
2672 3466 2923 3520 τετάσθαι
2968 3470 3033 3536 τῇ
3079 3467 3286 3538 διανοίᾳ
3337 3468 3469 3538 πρὸς
3507 3468 3596 3519 τὸν
3635 3467 3797 3532 Θεὸν,
3847 3473 3940 3522 καὶ

2365 3563 2450 3616 διὰ
2482 3561 2580 3632 τὴν
2623 3561 2757 3630 πρὸς
2789 3561 2947 3613 αὑτὸν
2975 3561 3180 3622 ἐλπίδα,
3215 3562 3305 3612 ἐπὶ
3350 3558 3536 3628 μηδενὶ
3575 3559 3686 3611 τῶν
3713 3563 3938 3630 γινομέ-

2365 3669 2470 3704 νων
2513 3651 2936 3722 ἐκπλήττεσθαι;
2988 3650 3173 3718 Ἡμεῖς
3218 3649 3272 3700 δὲ
3314 3648 3593 3718 ἀνθρώπου
3623 3651 3800 3722 ὀργὴν
3840 3656 3936 3723 οὑχ

2367 3742 2738 3811 ὑπομένομεν·
2780 3740 2812 3809 ἢ
2860 3739 3018 3800 κυνὸς
3062 3738 3476 3809 ἐπιδραμόντος,
3527 3740 3559 3809 ἢ
3593 3740 3752 3793 ἄλλου
3789 3745 3936 3806 τινὸς

2367 3833 2575 3905 θηρίου,
2603 3833 2662 3885 οὑ
2695 3832 2826 3902 πρὸς
2857 3830 2987 3883 Θεὸν
3014 3830 3388 3901 ἀποϐλέπομεν
3418 3831 3507 3884 τὸν
3538 3832 3731 3901 βοηθὸν
3773 3835 3935 3903 ἡμῶν

2367 3929 2423 3979 ἐν
2454 3929 2573 3988 ταῖς
2605 3925 2864 3993 θλίψεσιν,
2899 3923 3032 3976 ἀλλὰ
3072 3924 3484 3994 διαπτοηθέντες
3516 3926 3653 3995 πρὸς
3701 3926 3935 3988 ἑαυτοὺς

2369 4015 2818 4088 ἐπιστρεφόμεθα.
2869 4017 3145 4084 Ἧχησαν
3212 4016 3307 4068 καὶ
3384 4015 3807 4084 ἐταράχθησαν
3865 4019 3936 4071 τὰ

2369 4108 2553 4162 ὕδατα
2582 4106 2793 4160 αὐτῶν.
2832 4103 2962 4159 Εἶπε
2989 4106 3091 4176 γῆς
3125 4107 3386 4178 ταραχὴν,
3412 4110 3502 4160 καὶ
3532 4108 3676 4176 ὀρῶν
3705 4109 3935 4177 μετάθε-

2372 4211 2453 4247 σιν
2474 4212 2486 4224 ·
2516 4196 2660 4260 λέγει
2686 4197 2778 4247 καὶ
2799 4196 3066 4266 θαλάσσης
3095 4197 3252 4248 σάλον
3287 4199 3379 4249 καὶ
3403 4198 3734 4268 ἀνατροπὴν,
3764 4201 3931 4267 tum

2370 4283 2476 4336 τῶν
2517 4284 2682 4353 ὀρέων
2725 4287 2834 4346 τοῖς
2880 4285 3169 4352 πελάγεσιν
3208 4286 3601 4354 ἐμπιπτόντων.
3656 4291 3934 4355 Ἦχησαν

2370 4377 2464 4428 καὶ
2487 4375 2901 4444 ἐταράχθησαν
2923 4376 2994 4430 τὰ
3019 4376 3204 4430 ὕδατα
3237 4375 3431 4430 αὐτῶν
3453 4394 3467 4407 ·
3507 4379 3613 4429 τῶν
3646 4378 3934 4433 θαλασσῶν

716 4474 981 4530 videlicet.
1031 4474 1353 4542 Ampliorem
1402 4481 1577 4526 autem
1628 4471 2086 4539 perturbationem
2119 4471 2266 4525 exci-

2373 4465 2624 4534 δηλονότι.
2688 4466 2807 4519 Ἐπὶ
2839 4466 2996 4520 πλέον
3037 4466 3093 4520 δὲ
3133 4469 3364 4520 ποιεῖται
3408 4465 3504 4537 τὴν
3549 4467 3659 4536 (5‘2)
3715 4471 3770 4522 ἐν
3822 4474 3934 4534 τοῖς

717 4574 835 4620 tant
859 4565 911 4619 in
939 4564 1091 4631 aquis
1120 4574 1327 4619 montes
1360 4564 1482 4632 ipsi,
1517 4564 1559 4617 si
1587 4563 1636 4615 in
1663 4560 1794 4614 mari
1825 4561 1962 4613 ﬁrmi
1990 4577 2094 4615 non
2117 4573 2264 4627 sunt,

715 4657 808 4710 sed
843 4655 1056 4724 propria
1083 4653 1374 4723 agitatione
1409 4652 1629 4706 multum
1667 4650 1822 4720 aquis
1862 4648 2090 4705 aﬂ‘erunt
2121 4665 2264 4704 com-

719 4745 986 4798 motionis.
1025 4742 1153 4796 Cum
1195 4742 1357 4812 igitur
1394 4751 1534 4794 terra
1563 4742 1828 4801 turbatur,
1869 4746 1923 4791 et
1958 4753 2107 4805 aquae
2151 4752 2266 4791 ma-

719 4839 854 4889 rium
893 4835 1053 4888 edent
1085 4847 1294 4893 sonum,
1325 4841 1378 4886 et
1412 4846 1476 4884 ex
1521 4831 1784 4900 profundo
1815 4826 2093 4890 ebullient,
2141 4843 2262 4882 cum

721 4935 929 4977 montes
986 4925 1382 4977 transferuntur
1433 4932 1484 4974 et
1532 4921 1988 4990 perturbationem
2045 4917 2264 4971 multam

718 5018 1022 5082 sustinent,
1078 5032 1173 5083 per
1214 5024 1621 5084 exsuperantem
1672 5011 1882 5067 Domini
1929 5012 2261 5077 potentiam:

721 5119 867 5172 tunc,
906 5109 1101 5176 inquit,
1148 5124 1243 5162 cor
1285 5107 1729 5177 imperturbatum
1778 5109 2082 5172 permanet,
2128 5098 2269 5170 quod

789 5206 835 5235 ”
865 5205 1047 5256 Matth.
1087 5221 1180 5268 vn,
1221 5204 1420 5269 15,14.
1533 5203 1578 5233 "
1619 5201 1772 5254 Rom.
1817 5215 1867 5262 v,
1910 5197 1962 5260 5,
1996 5195 2051 5248 4.

757 5276 800 5305 θ’
843 5274 995 5325 Rom.
1037 5289 1088 5335 v,
1132 5275 1184 5326 5.

794 5385 902 5453 (50)
935 5384 1005 5435 Ita
1039 5400 1167 5437 mss.
1195 5399 1382 5436 novem
1402 5399 1520 5438 eum
1549 5383 1760 5453 vulgato
1786 5380 2078 5453 Scriptum
2097 5388 2261 5453 textu.

723 5447 858 5506 Editi
887 5447 987 5524 τὴν
1018 5453 1285 5523 βασιλείαν
1309 5453 1412 5505 τῶν
1431 5447 1688 5521 οὐρανῶν.
1718 5451 1830 5503 Mox
1851 5447 1978 5524 editi
1993 5462 2108 5500 cum
2134 5449 2264 5524 Reg.

723 5524 907 5587 quinto
935 5517 962 5577 ὁ
996 5517 1252 5590 γενναῖος.
1290 5525 1395 5575 Alii
1431 5517 1522 5576 sei
1563 5538 1692 5575 mss.
1735 5525 1762 5572 ό
1791 5517 2073 5590 γενναίως..
2107 5529 2160 5570 et
2194 5518 2264 5569 ita

722 5587 1171 5657 legendum'esse,
1203 5597 1245 5646 si
1279 5608 1383 5646 non
1439 5593 1666 5647 aliunde.
1695 5603 1746 5642 at
1794 5605 1858 5642 ex
1909 5587 2148 5656 proxima
2185 5595 2266 5639 ta-

723 5679 840 5714 tnen
865 5679 994 5716 voce
1020 5663 1322 5732 ἀταράχως,
1351 5661 1506 5729 plane
1540 5669 1828 5732 constaret.

795 5735 902 5784 (Im
931 5733 1018 5786 Sic
1060 5725 1364 5787 ocioinss._
1388 5745 1506 5785 cum
1540 5731 1768 5784 editione
1817 5727 1973 5782 Basil.
2017 5726 2082 5779 At
2113 5725 2260 5780 Colb.

2375 4556 2526 4609 ὕδασι
2558 4559 2797 4628 ταραχὴν
2839 4559 2976 4613 αὑτά
3017 4559 3087 4612 τὰ
3130 4559 3227 4629 ὄρη
3277 4558 3349 4627 μὴ
3386 4559 3700 4628 ἐνιδρυμένα
3734 4566 3798 4631 τῇ
3836 4564 3932 4615 θαο

2377 4647 2568 4719 λάσσῃ,
2593 4649 2726 4702 ἀλλὰ
2767 4648 2844 4719 τῷ
2872 4651 3052 4718 οἰκείῳ
3086 4647 3228 4717 σάλῳ
3265 4648 3430 4701 πολὺν
3462 4649 3790 4717 ἐμποιοῦντα
3836 4653 3933 4703 τὸν

2372 4740 2555 4793 κλόνον
2588 4743 2694 4805 τοῖς
2726 4741 2928 4795 ὔδασιν.
2962 4742 3088 4792 Ὅτε
3119 4741 3292 4792 τοίνυν
3344 4743 3376 4811 ἡ
3431 4742 3527 4811 μὲν
3564 4741 3634 4810 γῆ
3664 4745 3932 4814 ταράσσε-

2370 4848 2480 4894 ται,
2519 4830 2682 4884 ὓδατα
2721 4834 2777 4886 δέ
2803 4830 3081 4886 θαλασσῶν
3114 4833 3301 4901 ἡχὴσει
3336 4833 3426 4885 καὶ
3457 4831 3931 4904 ἀναδρασθήσεται

2373 4926 2436 4976 ἐκ
2467 4925 2658 4992 βυθῶν,
2688 4926 2786 4996 ὅρη
2810 4927 2866 4978 δέ
2897 4924 3234 4995 μετατίθεται
3259 4925 3349 4977 καὶ
3376 4924 3538 4986 πολὺν
3561 4925 3821 4994 ὑπομένει
3844 4928 3930 4978 τὸν

2373 5015 2624 5084 τάραχον,
2655 5016 2740 5068 διὰ
2773 5015 2832 5068 τὸ
2871 5013 3202 5084 ὑπερϐάλλον
3244 5013 3338 5081 τῆς
3375 5011 3654 5081 δυνάμεως
3688 5011 3782 5064 τοῦ
3823 5015 3929 5066 Κυ-

2381 5104 2524 5174 ρίου·
2557 5107 2693 5170 τότε,
2727 5108 2911 5177 φησὶν,
2941 5107 3205 5176 άπτόητος
3228 5105 3381 5175 ἡμῶν
3414 5111 3446 5175 ἡ
3474 5105 3672 5175 καρδία
3703 5104 3796 5158 τοῦ
3829 5110 3928 5159 ἀσ-

2165 5196 2212 5227 "
2248 5195 2368 5249 Act.
2414 5214 2521 5261 xw,
2563 5201 2650 5255 21.
2726 5204 2770 5233 ⁸⁷
2813 5201 2951 5258 Psal.
2993 5217 3186 5266 xum,
3225 5201 3312 5255 9.0.
3390 5201 3434 5232 "
3475 5201 3633 5253 Rom.
3676 5217 3794 5263 vin,
3838 5204 3925 5258 '57.

2373 5385 2556 5430 sextus
2586 5386 2639 5429 et
2671 5375 2834 5429 editio
2867 5375 3038 5430 Paris.
3082 5377 3179 5445 τῆς
3224 5377 3302 5436 είς
3335 5373 3481 5445 -Θεὸν
3529 5375 3926 5443 πεποιθήσεως.

2445 5446 2554 5514 (52)
2581 5445 2729 5499 Colb.
2758 5447 2962 5514 primus
3001 5443 3281 5514 ποιεῖ’τήν.
3334 5443 3440 5514 Nec
3472 5443 3568 5514 ila_
3588 5446 3761 5496 multo
3789 5445 3925 5496 intra

2375 5512 2770 5582 quinq'ne'mss.
2805 5530 2923 5568 cum
2955 5516 3189 5568 editione
3219 5512 3394 5566 Basil.
3427 5512 3710 5566 ποιοῦντα.
3751 5514 3926 5566 Editio

2374 5600 2500 5638 vero
2540 5584 2711 5639 Paris.
2759 5601 2878 5637 cum
2909 5585 3058 5638 Colit.
3102 5593 3252 5638 sexto
3281 5583 3634 5650 ἐμποιοῦντα.
3695 5583 3927 5637 Subinde

2375 5670 2502 5778 bmsls.
2541 5664 2650 5707 tres
2689 5658 2721 5724 ἡ
2755 5656 2848 5724 μὲν
2881 5655 2972 5723 γῆ.
3018 5652 3213 5708 Vocula
3244 5653 3342 5722 μέν
3374 5653 3426 5705 in
3459 5655 3624 5708 editis
3653 5653 3925 5707 desidera-

2412 5741 2437 5776 a
2469 5741 2548 5778 ur.

2412 5735 2548 5778 atur.
