4068 6318
127 374 215 439 4‘2
226 389 244 439 t

1265 377 1550 429 HUMILIA
1587 376 1652 424 IN
1696 373 2024 422 PbALMUM
2067 373 2221 422 XLV.

3265 367 3370 422 ιεε

131 503 334 569 φαλεῖς
380 499 476 552 καὶ
524 497 742 568 βεϐαίας
790 495 932 567 ἒχειν
986 496 1078 547 ἐπὶ
1125 493 1254 546 Θεὸν
1312 491 1409 556 τὰς
1465 489 1707 553 ἐλπίδας.

1817 497 1959 544 tutas
1992 488 2285 556 llrmasque
2326 487 2378 540 in
2411 485 2521 541 Deo
2553 500 2680 556 spes
2723 484 2939 541 habeat.
3000 483 3218 539 Turbati
3253 494 3373 540 sunt

145 592 607 661 Ἑταρὰκθησαν
634 592 708 646 τὰ
737 590 840 658 ὄρη
873 589 942 641 ἐν
971 585 1046 655 τῇ
1083 586 1454 654 κραταιότητι
1501 584 1706 638 αὑτοῦ.

129 682 381 736 Δύνασαι
408 683 501 734 καὶ
534 680 809 752 τροπικῶς
834 678 1078 733 ἐκλαϐεῖν
1104 677 1202 748 τὴν
1231 676 1468 730 διάνοιαν
1492 675 1585 728 τοῦ
1616 678 1711 746 ῥη-

128 773 265 836 τοῦ,
303 774 406 842 ὄρη
450 771 728 842 ὀνομάζων
767 771 893 834 τοὺς
941 767 1469 840 μεγαλοφρονοῦντας
1500 767 1592 818 ἐπὶ
1635 767 1713 835 τῷ

133 865 357 916 ἑαυτῶν
407 864 642 934 μεγέθει,
690 861 1010 932 ἀγνοοῦντας
1058 859 1114 912 δὲ
1161 859 1258 930 τὴν
1289 859 1380 912 τοῦ
1413 859 1546 912 Θεοῦ
1577 876 1711 930 κρα-

132 959 428 1026 ταιότητα,
458 957 552 1009 καὶ
573 955 1038 1026 ὐπερυψουμένους
1066 953 1208 1006 κατά
1233 953 1331 1024 τῆς
1350 952 1602 1020 γνώσεως
1618 951 1710 1004 τοῦ

135 1047 310 1115 Θεοῦ,
348 1045 466 1100 εἶτα
510 1048 837 1117 νικωμένους
870 1045 972 1098 ὐπὸ
1001 1045 1106 1099 τῶν
1147 1043 1284 1115 μετά
1313 1044 1589 1113 δυνάμεως
1620 1043 1714 1096 καὶ

140 1140 346 1210 σοφίας
371 1139 770 1209 πρεσϐευόντων
799 1137 889 1188 τὸν
914 1137 1010 1206 τῆς
1039 1137 1226 1204 σοφίας
1254 1136 1429 1203 λόγον,
1457 1136 1550 1188 καὶ
1577 1135 1712 1205 μετά

133 1227 249 1297 τὴν
282 1227 622 1296 συναίσθησιν
655 1225 750 1295 τῆς
789 1224 996 1277 ἑαυτῶν
1039 1224 1307 1293 πτωχείας
1352 1223 1715 1293 φοϐουμένους

134 1318 240 1369 τὸν
273 1317 497 1388 Κύριον,
535 1316 627 1367 καὶ
658 1315 1214 1385 ὐποταπεινουμένους
1264 1316 1329 1384 τῇ
1367 1314 1715 1384 κραταιὸτητι

138 1409 340 1460 αὐτοῦ.
383 1409 450 1459 Ἣ
479 1407 617 1475 τάχα
652 1406 744 1459 καὶ
775 1408 823 1458 oi
858 1407 1112 1476 ἄρχοντες
1141 1405 1234 1458 τοῦ
1275 1405 1468 1468 αἰῶνος
1504 1405 1712 1468 τούτου,

138 1501 245 1552 καὶ
269 1499 499 1568 πατέρες
524 1497 623 1568 τῆς
655 1498 1029 1567 ἀπολλυμένης
1065 1497 1274 1564 σοφίας,
1308 1496 1411 1565 ὄρη
1441 1496 1533 1550 καὶ
1565 1497 1716 1549 αὐτοὶ

139 1592 414 1660 λέγονται,
443 1592 831 1662 ταρασσόμενοι
875 1593 931 1642 ἐν
960 1593 1024 1660 τῇ
1056 1590 1146 1641 τοῦ
1181 1587 1414 1661 Χριστοῦ
1455 1587 1713 1657 κραταιό-

139 1698 274 1750 τητι
295 1722 309 1744 ,
339 1683 404 1750 ἣν
429 1681 486 1733 ἐν
512 1681 588 1752 τῷ
623 1682 788 1750 ἀγῶνι
816 1681 904 1734 διὰ
937 1681 1030 1734 τοῦ
1063 1679 1292 1749 σταυροῦ
1321 1679 1430 1746 (55)
1463 1678 1595 1747 πρὸς
1627 1677 1716 1729 τὸν

136 1773 210 1824 τὸ
237 1771 436 1842 κράτος
469 1771 655 1842 ἔχοντα
684 1774 773 1827 τοῦ
822 1774 1051 1826 θανάτου
1081 1769 1408 1834 ἐπεδείξατο.
1459 1769 1714 1821 Ἀπεκδυο

1814 590 2012 634 montes
2055 580 2111 632 in
2152 577 2460 647 fortitudine
2485 576 2620 648 ejus.
2655 575 2813 632 Potes
2843 577 3005 632 etiam
3039 577 3167 633 dicti
3215 578 3375 645 hujus

1812 685 2026 727 sensum
2053 685 2152 741 per
2175 670 2546 738 metaphoram
2572 682 2864 740 exponere,
2882 678 3082 723 montes
3100 669 3375 739 appellans

1811 774 1926 826 eos,
1963 760 2054 829 qui
2095 759 2163 813 ob
2215 774 2367 812 suam
2411 758 2834 828 magnitudinem
2884 757 3231 824 insolescuut,
3275 758 3375 814 Dei

1813 860 1940 899 vero
1972 845 2338 900 fortitudinem
2379 847 2649 916 ignorant,
2701 856 2756 900 et
2787 846 3054 902 extollunt
3091 863 3210 904 sese
3243 863 3376 903 con-

1814 945 1894 990 tra
1938 935 2028 991 Dei
2069 936 2349 990 scientiam
2387 954 2400 990 :
2442 937 2535 1006 qui
2589 945 2765 990 tamen
2811 941 3147 1007 postmodum
3190 941 3257 994 ab
3305 939 3373 994 iis

1813 1030 1901 1098 qui
1955 1045 2078 1083 cum
2132 1031 2332 1083 virtute
2385 1037 2439 1082 et
2493 1029 2754 1097 sapientia
2818 1030 3041 1085 verbum
3099 1032 3376 1102 sapientia

1812 1121 2132 1190 praedicant,
2178 1131 2504 1190 superantur
2534 1123 2941 1192 vincunturque
2965 1163 2978 1188 ,
3014 1134 3068 1178 et
3093 1139 3205 1179 suae
3231 1123 3377 1193 ipso-

1816 1231 1934 1269 rum
1975 1215 2168 1285 inopia:
2215 1215 2342 1269 facti
2371 1216 2598 1280 conscii,
2629 1216 2821 1270 timent
2861 1217 3167 1281 Dominum,
3214 1232 3280 1272 ac
3316 1233 3376 1272 se

1818 1307 1937 1376 ejus
1974 1308 2227 1377 potentiae
2260 1308 2600 1362 submittunt.
2656 1315 2758 1361 Aut
2803 1308 3052 1364 fortassis
3082 1322 3137 1364 et
3170 1310 3376 1378 princi-

1818 1415 1912 1469 pes
1946 1401 2129 1455 saeculi
2183 1401 2361 1467 hujus,
2420 1412 2475 1454 et
2527 1412 2708 1470 patres
2763 1401 3040 1468 sapientiae
3097 1404 3374 1470 periturae,

1818 1497 2013 1542 utentes
2043 1488 2294 1543 dicuntur
2331 1500 2385 1542 et
2415 1489 2537 1559 ipsi,
2571 1492 2659 1558 qui
2708 1491 2903 1545 turbati
2925 1500 3057 1545 sunt
3087 1493 3139 1545 in
3173 1491 3374 1547 Christi

1822 1576 2171 1642 fortitudine,
2203 1595 2362 1648 quam
2395 1581 2445 1634 in
2482 1582 2661 1636 crucis
2690 1583 2982 1636 certamine
3023 1590 3214 1637 contra
3250 1597 3374 1637 eum

1818 1669 1911 1738 qui
1955 1671 2236 1739 imperium
2304 1673 2492 1726 mortis
2547 1672 2820 1739 habebat,
2867 1675 3119 1730 ostendit.
3169 1676 3376 1730 Exutus

1819 1759 1964 1814 enim
1992 1760 2157 1814 veluti
2187 1775 2482 1830 generosus
2512 1763 2780 1832 quispiam
2828 1763 3053 1829 athleta,
3100 1765 3374 1833 principa-

143 1864 387 1932 σάμενος
412 1865 541 1935 γὰρ,
573 1864 758 1936 ὥσπερ
799 1883 881 1928 τις
919 1866 1157 1932 γενναῖος
1212 1862 1537 1933 ἀγωνιστὴς,
1580 1880 1712 1914 κατ-

1819 1858 1902 1904 tus
1936 1864 2000 1903 ac
2035 1858 2327 1918 potestates
2377 1854 2684 1921 superavit,
2727 1868 2791 1908 ac
2829 1853 3120 1909 Ostentavit
3171 1855 3371 1925 palam,

141 1955 415 2008 επάλαισε
448 1956 543 2019 τὰς
576 1959 747 2026 ἀρχὰς
792 1957 883 2009 καὶ
915 1955 1013 2018 τὰς
1051 1953 1335 2039 ἐξουσίας,
1374 1955 1468 2008 καὶ
1508 1955 1718 2023 Ἐδειγ-

133 2045 403 2115 μάτισεν
427 2049 493 2100 ἐν
524 2047 843 2113 πρῴρησίᾳ,
870 2047 1264 2116 θριαμϐεύσας
1294 2045 1513 2112 αὐτοὺς
1538 2047 1607 2098 ἐν
1639 2044 1718 2109 τῷ

144 2139 345 2206 ξύλῳ.

223 2231 280 2285 4.
323 2230 430 2284 Τοῦ
464 2229 726 2297 ποταμοῦ
759 2229 830 2282 τὰ
861 2230 1165 2299 όρμήματα
1188 2232 1578 2300 εὐφραίνουσι
1604 2231 1716 2299 (54)

142 2320 270 2386 τὴν
306 2318 481 2370 πόλιν
516 2317 621 2370 τοῦ
662 2318 827 2372 Θεοῦ.
868 2318 947 2371 Τά
982 2320 1079 2388 μὲν
1117 2320 1335 2389 ἀλμυρά
1376 2319 1544 2372 ῦδατα
1590 2336 1719 2388 σφο-

141 2411 297 2482 δρῶς
321 2411 423 2462 ὐπὸ
453 2410 559 2462 τῶν
586 2411 904 2481 πνευμάτων
929 2411 1369 2480 ἐκταρασσόμενα
1395 2412 1602 2482 ἤχησαν
1625 2413 1720 2466 κα)⁵

142 2502 564 2572 ἐταράχθησαν·
597 2503 663 2556 τά
689 2503 744 2555 δὲ
772 2503 865 2556 τοῦ
891 2501 1133 2570 ποταμοῦ
1163 2503 1305 2572 ὁρμή
1316 2520 1459 2572 ματα
1485 2504 1720 2575 ἀψοφητὶ

146 2593 430 2663 προϊόντα,
462 2593 554 2646 καὶ
581 2595 752 2662 ήσυχῆ
786 2595 897 2655 τοῖς
924 2593 1091 2657 ἀξίοις
1121 2592 1217 2662 τῆς
1260 2593 1522 2665 ὑποδοχῆς
1568 2599 1722 2669 ἐπιρ-

149 2684 369 2754 ρἐντα,
403 2685 740 2753 εὐφραίνουσι
769 2684 864 2754 τὴν
897 2685 1047 2737 πόλιν
1077 2685 1169 2739 τοῦ
1213 2686 1368 2741 Θεοῦ.
1416 2689 1524 2741 Καὶ
1568 2689 1661 2742 νῦν
1693 2693 1721 2744 ό

143 2776 361 2836 δίκαιος
405 2775 547 2825 πίνει
592 2774 652 2826 τὸ
699 2775 804 2836 ζῶν
837 2775 999 2846 ὕδωρ,
1047 2777 1140 2830 κα).
1179 2777 1402 2850 ὕστερον
1443 2780 1499 2832 δὲ
1539 2782 1720 2835 πίεται

143 2863 547 2933 ἀφθονώτερον,
593 2863 750 2934 ἡνίκα
785 2864 849 2918 ἂν
896 2865 1332 2940 πολιτογραφηθῇ
1377 2870 1433 2922 ἐν
1474 2873 1539 2941 τῇ
1572 2873 1721 2924 πόλει

141 2956 245 3007 τοῦ
275 2954 427 3007 Θεοῦ.
473 2956 629 3010 Ἀλλά
672 2957 766 3010 νῦν
803 2960 899 3029 μὲν
937 2960 1001 3012 δι’
1036 2961 1296 3030 ἐσόπτρου
1326 2964 1420 3014 καὶ
1447 2964 1504 3015 ἐν
1544 2965 1720 3033 αἰνίγ-

159 3065 298 3116 ματι
351 3049 531 3111 πίνει,
585 3050 670 3103 διὰ
715 3052 812 3120 τὴν
863 3053 1002 3104 κατά
1037 3052 1207 3123 βραχὺ
1258 3053 1560 3125 κατάληψιν
1613 3057 1722 3110 τῶν

145 3138 314 3189 Οείων
346 3137 711 3209 θεωρημάτων
735 3157 748 3170 ο
784 3140 902 3192 τότε
928 3141 983 3192 δὲ
1013 3142 1145 3210 ὁμοῦ
1175 3142 1604 3215 πλημμυροῦντα
1628 3148 1719 3201 τὸν

146 3227 396 3295 ποταμὸν
427 3226 756 3291 ὑποδέξεται,
794 3229 973 3279 πᾶσαν
1021 3228 1086 3279 δι’
1120 3231 1456 3304 εὐφροσύνης
1496 3237 1717 3289 ἐπικλύ-

145 3319 269 3382 ζειν
299 3318 586 3387 δυνάμενον
618 3318 715 3387 τὴν
753 3318 904 3372 πόλιν
975 3320 1068 3374 τοῦ
1104 3321 1259 3378 Θεοῦ.
1313 3325 1408 3389 Τίς
1443 3327 1487 3380 δ’
1521 3329 1586 3381 ἂν
1632 3328 1715 3401 εἴη

143 3413 176 3461 ὁ
211 3407 452 3476 ποταμὸς
484 3406 576 3459 τοῦ
606 3407 738 3461 Θεοῦ
783 3411 813 3481 ἢ
854 3410 915 3463 τδ
942 3412 1164 3483 Πνεῦμα
1209 3415 1268 3467 τὸ
1302 3415 1475 3484 ἆΥι⁰ν’
1519 3420 1582 3471 ἐκ
1619 3421 1718 3489 τῆς

146 3501 389 3562 πίστεως
414 3499 518 3552 τῶν
551 3502 628 3564 εἰς
650 3503 882 3572 Χριστὸν
909 3507 1344 3558 πεπιστευκότων
1374 3509 1717 3579 ἐγγινόμενον

142 3593 264 3652 τοῖς
304 3589 508 3656 ἀξίοιςς
545 3592 596 3644 Ὀ
639 3592 749 3660 γὰρ
777 3595 1097 3658 πιστεύων,
1132 3598 1316 3666 φησιν,
1342 3601 1428 3664 εὶς
1456 3600 1578 3668 ἐμὲ,
1609 3619 1715 3654 πο-

141 3680 322 3750 ταμοὶ
353 3682 419 3734 ἐκ
447 3681 555 3750 τῆς
580 3684 808 3748 κοιλίας
829 3685 1012 3739 αὑτοῦ
1033 3687 1329 3753 ῥεύσουσι
1350 3704 1363 3718 ο
1407 3691 1499 3742 καὶ
1523 3691 1679 3744 πάλιν
1700 3709 1712 3721 ·

161 3774 304 3826 Ἐάν
329 3792 416 3840 τις
445 3776 551 3841 πίῃ
580 3775 646 3826 ἐκ
680 3775 782 3826 τοῦ
811 3777 1026 3841 ὕδατος
1049 3776 1119 3833 οὗ
1160 3779 1272 3848 ἐγὼ
1296 3780 1519 3851 δίδωμι,
1548 3783 1706 3852 γενή.

147 3883 322 3920 σεται
348 3868 416 3920 ἐν
440 3866 596 3930 αὑτῷ
625 3866 785 3935 πηγὴ
827 3867 1042 3934 ὕδατος
1075 3871 1410 3940 ἁλλομένου
1446 3879 1532 3942 εἰς
1568 3875 1718 3946 ζωὴν

146 3957 409 4011 αἰώνιον.
459 3952 621 4019 Οὗτος
659 3959 837 4012 τοίνυν
883 3961 912 4012 ὁ
944 3960 1182 4030 ποταμὸς
1227 3962 1502 4032 εὐφραίνει
1540 3968 1718 4022 πᾶσαν

145 4050 288 4119 ὁμοῦ
317 4049 412 4119 τὴν
445 4049 595 4101 πόλιν
646 4049 737 4101 τοῦ
767 4049 899 4104 Θεοῦ
922 4092 936 4116 ,
970 4053 1087 4122 ἦτοι
1112 4052 1208 4123 τὴν
1242 4053 1564 4126 Ἐκκλησίαν
1610 4059 1717 4114 τῶν

147 4143 212 4193 τὸ
239 4139 531 4211 πολίτευμα
556 4142 786 4211 ἐχόντων
810 4146 868 4196 ἐν
900 4145 1145 4216 οὐρανοῖς
1165 4162 1178 4176 ·
1209 4146 1240 4218 ἢ
1271 4149 1448 4202 πᾶσαν
1475 4149 1571 4221 τὴν
1598 4167 1718 4222 νοη-

147 4235 250 4294 τὴν
291 4234 462 4286 κτίσιν
513 4235 619 4287 ἀπὸ
665 4236 770 4288 τῶν
828 4237 1208 4308 ὑπερκοσμίων
1253 4240 1529 4311 δυνάμεων
1557 4244 1716 4316 μέχρι

147 4328 262 4379 τῶν
295 4328 642 4399 ἀνθρωπίνων
666 4328 849 4398 ψυχῶν
881 4331 1032 4383 πόλιν
1073 4333 1175 4403 χρὴ
1206 4337 1344 4387 νοεῖν
1373 4337 1718 4408 εὐφραινομέ-

149 4439 252 4490 νην
286 4422 509 4491 ὑπὸτῆς
552 4425 809 4494 ἐπιρροῆς
854 4424 947 4478 τοῦ
997 4425 1152 4493 ἁγίου
1192 4428 1522 4498 Πνεύματος.
1568 4433 1715 4503 Ὀρί-

1818 1941 2144 2010 triumphans
2180 1945 2242 1996 de
2265 1942 2370 1998 illis
2393 1945 2449 1998 iu
2474 1946 2614 2015 ligno
2646 1946 2686 2000 ¹.

1887 2207 1942 2260 4.
1983 2206 2142 2261 Vens.
2169 2208 2222 2262 5.
2275 2207 2538 2264 Fluminis
2569 2213 2785 2280 impetus
2820 2214 3089 2282 lwtiﬁcant
3117 2217 3376 2272 civitatem

1818 2297 1934 2351 Dei.
1970 2299 2189 2354 Marinze
2213 2300 2426 2369 quidem
2451 2318 2602 2372 aquae
2624 2305 2969 2362 vehementer
2993 2322 3022 2360 a
3047 2310 3226 2364 ventis
3255 2325 3378 2379 per-

1820 2393 2049 2447 turbata:
2087 2405 2386 2450 sonuerunt
2423 2405 2480 2450 et
2515 2397 2744 2452 turbata:
2786 2407 2913 2454 sunt
2942 2418 2957 2456 :
2988 2401 3084 2462 sed
3134 2399 3376 2458 ﬂuminis

1823 2483 2052 2553 impetus
2103 2485 2221 2540 sine
2278 2488 2508 2557 strepitu
2562 2489 2955 2557 procedentes,
3005 2502 3062 2548 et
3112 2502 3379 2564 quotquot

1822 2575 1965 2644 digni
2005 2586 2132 2628 sunt
2163 2575 2254 2646 qui
2285 2591 2380 2631 eos
2408 2578 2692 2647 recipiant,
2728 2581 2792 2636 iis
2833 2581 3024 2638 leniter
3050 2584 3376 2650 ailtbentes,

1824 2665 2100 2722 laetiﬁcat".
2165 2668 2440 2724 civitatem
2497 2670 2615 2727 Dei.
2681 2672 2748 2727 Et
2808 2689 2953 2729 nunc
3005 2675 3185 2744 justus
3244 2675 3380 2733 bibit

1826 2769 2022 2823 aquam
2053 2758 2227 2811 vivam
2260 2760 2302 2824 ³,
2338 2769 2497 2829 atque
2526 2771 2714 2831 postea
2750 2764 3020 2833 copiosius
3048 2764 3218 2830 bibet,
3253 2784 3378 2824 cum

1822 2847 2024 2902 civitati
2043 2849 2136 2902 Dei
2157 2852 2421 2921 ascriptus
2439 2851 2617 2908 fuerit.
2645 2855 2800 2926 173
2817 2857 2978 2926 Atqui
2994 2872 3136 2912 nunc
3156 2860 3373 2927 quidem

1821 2952 1916 3004 per
1946 2939 2217 3009 speculum
2259 2952 2314 2996 et
2363 2944 2415 2997 in
2452 2945 2777 3016 aenigmatea
2819 2949 2987 3016 bibit,
3032 2951 3102 3004 ob
3129 2950 3378 3021 exiguam

1822 3032 2127 3088 divinarum
2180 3036 2699 3104 contemplationum
2759 3042 3157 3112 perceptionem
3198 3060 3213 3097 :
3249 3053 3378 3100 tunc

1821 3140 1948 3182 vero
1973 3127 2132 3181 simul
2183 3138 2583 3198 restagnantem
2635 3131 2854 3188 ﬂuvium
2899 3145 3219 3205 excepturus
3272 3145 3376 3202 est,

1821 3220 1914 3287 qui
1948 3226 2111 3273 totam
2151 3220 2246 3275 Dei
2297 3222 2569 3277 civitatem
2627 3224 2810 3279 laetitia
2862 3226 3124 3284 inundare
3183 3230 3374 3300 possit.

1819 3309 1952 3377 Quis
2004 3321 2180 3366 autem
2225 3313 2389 3367 fuerit
2433 3314 2628 3371 ﬂuvius
2687 3317 2789 3372 istc
2824 3318 2940 3384 Dei,
2986 3321 3088 3375 nisi
3143 3318 3378 3392 Spiritus

1818 3413 2057 3468 sanctus,
2096 3404 2185 3474 qui
2222 3405 2397 3474 dignis
2430 3405 2694 3471 illabitur,
2744 3415 3038 3467 secundum
3093 3414 3251 3469 ﬁdem
3279 3432 3378 3470 eo-

1821 3511 1938 3548 rum
1970 3497 2062 3562 qui
2105 3497 2156 3548 in
2190 3496 2464 3551 Christum
2510 3500 2899 3556 crediderunt?
2944 3503 3048 3568 Qui
3082 3507 3239 3570 enim,
3288 3509 3376 3561 iu-

1818 3589 1957 3656 quit,
1977 3591 2137 3643 credit
2161 3591 2213 3644 in
2235 3606 2332 3657 me,
2354 3593 2502 3660 ﬂuuii
2522 3597 2584 3648 de
2606 3603 2778 3648 uentre
2799 3595 2910 3664 ejus
2933 3598 3092 3666 ﬂuent
3110 3599 3152 3653 ⁵.
3176 3599 3241 3654 Et
3257 3617 3378 3654 rur-

1819 3698 1951 3738 sus:
1983 3681 2041 3738 Si
2082 3686 2197 3755 quis
2228 3684 2410 3740 biberit
2450 3703 2513 3740 ea:
2551 3704 2688 3757 aqua
2723 3705 2879 3759 quam
2927 3707 3018 3760 ego
3053 3693 3153 3757 do,
3188 3695 3277 3763 ﬁet
3323 3697 3377 3749 in

1818 3792 1876 3829 eo
1916 3776 2034 3844 fons
2065 3793 2212 3846 aqua:
2245 3777 2480 3830 salientis
2519 3779 2570 3830 in
2607 3779 2771 3832 vitam
2795 3783 3110 3835 wternam‘.
3148 3783 3245 3838 Hic
3277 3787 3376 3838 ita-

1819 3883 1922 3937 que
1969 3867 2161 3921 ﬂuvius
2193 3882 2404 3920 omnem
2451 3868 2610 3921 simul
2661 3869 2753 3923 Dei
2812 3871 3084 3928 civitatem
3117 3875 3372 3942 latiﬁcat,

1818 3975 2014 4029 nempe
2047 3968 2245 4014 coetum
2272 3975 2480 4025 eorum,
2513 3961 2605 4031 qui
2641 3975 2790 4016 suam
2826 3964 2880 4018 in
2906 3966 3060 4022 caalis
3086 3982 3377 4023 conversa-

1822 4051 2017 4104 tionem
2079 4049 2281 4105 habent
2318 4070 2332 4106 :
2365 4061 2458 4106 aut
2504 4067 2718 4108 omnem
2759 4066 3062 4112 creaturam
3101 4061 3373 4118 intellectu

1818 4143 2118 4211 praeditam,
2151 4158 2181 4198 a
2211 4144 2502 4201 virtutibus
2531 4148 2838 4203 coelestibus
2867 4165 3036 4219 usque
3072 4152 3137 4206 ad
3169 4155 3375 4211 animas

1821 4231 2125 4301 humanas,
2198 4235 2469 4290 civitatem
2529 4238 2752 4308 intelligi
2822 4251 3071 4311 oportet,
3139 4245 3373 4315 Spiritus

1819 4327 1993 4380 sancti
2041 4326 2389 4381 inundatione
2442 4327 2785 4385 lzetilicatam.
2857 4332 3068 4387 Etenim
3130 4341 3371 4394 nonnulli

1821 4419 1891 4470 ita
1919 4418 2194 4473 civitatem
2221 4419 2502 4485 deﬁniunt,
2534 4430 2594 4474 ut
2619 4423 2802 4476 dicant
2825 4424 3072 4478 stabilem
3099 4441 3220 4482 esse
3243 4445 3372 4484 con-

149 4509 335 4577 ζονται
382 4515 486 4585 γάρ
533 4531 672 4577 τινες
720 4515 873 4568 πόλιν
931 4515 1068 4571 εἶναι
1114 4519 1364 4591 σύστημα
1413 4523 1712 4594 ἱδρυμένον,

1820 4511 2208 4578 gregationem,
2240 4511 2534 4564 secundum
2567 4511 2733 4580 legem
2761 4514 3210 4574 administratam.
3238 4520 3373 4574 Tra—

149 4604 295 4656 κατά
323 4605 480 4673 νόμον
505 4606 885 4678 διοικούμενον.
930 4610 1256 4680 Ἐφαρμόζει
1287 4614 1342 4666 δὲ
1371 4616 1464 4668 καὶ
1506 4619 1569 4687 τῇ
1601 4619 1712 4672 ἄνω

163 4696 515 4767 Ἰερουσαλὴμ
557 4703 621 4768 τῇ
666 4701 966 4772 ἐπουρανίῳ
1016 4703 1165 4756 πόλει
1211 4706 1238 4756 ὁ
1279 4705 1556 4770 ἀποδοθεὶς
1588 4709 1710 4777 ὄρος

151 4789 252 4857 τῆς
281 4785 504 4849 πόλεως.
552 4788 807 4860 Σύστημα
849 4790 956 4862 γὰρ
988 4792 1148 4844 κάκεῖ
1182 4793 1288 4846 τῶν
1330 4798 1706 4866 πρωτοτόκων,

147 4882 261 4934 τῶν
311 4882 812 4951 ἀπογεγραμμένων
857 4887 915 4938 ἐν
957 4885 1228 4956 οὐρανοῖς·
1282 4889 1374 4940 καὶ
1424 4890 1706 4960 ἱδρυμένον

147 4975 306 5027 τοῦτο
335 4975 418 5027 διὰ
447 4975 507 5027 τὺ
533 4975 921 5046 ἀμετακίνητον
949 4979 1049 5048 τῆς
1084 4979 1355 5050 διαγωγῆς
1383 4983 1489 5035 τῶν
1516 4983 1704 5050 ἁγίων,

147 5073 244 5122 καὶ
270 5070 409 5124 κατὰ
437 5073 596 5140 νόμον
623 5069 711 5122 τὸν
750 5069 995 5140 οὐράνιον
1030 5072 1139 5142 (55)
1175 5071 1559 5142 διοικούμενον.
1596 5074 1704 5144 Τὴν

147 5163 325 5216 τοίνυν
349 5162 584 5228 διάταξιν
616 5165 826 5234 ἐκείνης
855 5165 952 5233 τῆς
976 5166 1266 5228 πολιτείας,
1295 5165 1385 5217 καὶ
1407 5169 1584 5222 πᾶσαν
1609 5168 1706 5238 τὴν

147 5255 504 5326 διακόσμησιν
535 5257 881 5328 καταμαθεῖν,
909 5257 1158 5327 οὐδεμιᾶς
1193 5262 1335 5311 ἐστιν
1366 5259 1707 5328 ἀνθρωπίνης

225 5439 471 5499 'Coloss.
512 5461 568 5510 ll,
612 5447 696 5500 l5.

216 5582 330 5652 (55)
358 5578 438 5658 ita
468 5595 561 5634 sex
610 5594 736 5634 mss.
780 5581 847 5632 At
883 5580 1044 5635 editio
1103 5580 1275 5637 Paris.
1310 5585 1366 5636 ὲν
1403 5581 1478 5652 τῷ
1523 5581 1693 5650 ἀγῶνι

146 5670 177 5707 σ
191 5668 438 5787 ιῗὸἦῧθῖὰ
455 5719 758 5789 ὀρμήματα
770 5721 1139 5788 εὐφρίνουσι,
1170 5721 1386 5785 impetus
1405 5711 1698 5791 laetificum,

147 5805 199 5850 ct
230 5795 300 5847 ita
329 5793 524 5863 legitur
569 5793 621 5844 iu
657 5807 791 5848 nova
817 5794 1098 5860 Augustini
1143 5791 1372 5862 Operum
1408 5795 1642 5849 editione
1678 5810 1690 5844 :

787 5452 806 5479 ²
845 5446 996 5502 Joan.
1041 5463 1112 5513 tv,
1147 5449 1230 5504 l0.
1307 5448 1326 5478 ³
1365 5447 1385 5501 l
1422 5447 1546 5502 Cor.
1593 5466 1714 5512 xm,
1758 5448 1842 5501 12.
1922 5444 1943 5473 ⁸
1980 5443 2134 5499 Joan.
2177 5455 2276 5505 vn,
2315 5438 2402 5494 38.

1819 4606 1925 4658 dita
1967 4611 2143 4656 autem
2201 4600 2441 4655 deﬁnitio
2476 4603 2732 4668 civitatis,
2777 4605 2939 4661 etiam
2993 4609 3067 4663 illi
3103 4627 3221 4680 qua:
3253 4629 3373 4667 sur-

1816 4713 1932 4750 sum
1961 4703 2044 4750 est
2078 4694 2376 4749 Jerusalem
2411 4693 2615 4750 ccelesti
2657 4697 2862 4752 civitati
2911 4705 3177 4769 congruit.
3235 4702 3368 4758 Nam

1813 4800 1866 4844 et
1897 4789 2006 4843 illic
2034 4797 2116 4843 est
2162 4788 2645 4858 primogenitorum
2682 4791 3074 4860 descriptorum
3113 4794 3167 4848 in
3218 4799 3370 4854 caelis

1815 4880 2183 4950 congregatio,
2225 4887 2386 4948 atque
2435 4894 2496 4933 ea
2542 4879 2611 4934 ob
2661 4880 3049 4937 immutabilem
3089 4886 3211 4941 vita:
3245 4904 3371 4944 san-

1813 4985 2020 5028 ctorum
2053 4974 2318 5028 rationem
2368 4973 2579 5028 stabilis
2612 4988 2676 5027 ac
2720 4973 2874 5028 ﬁrma
2903 4985 3006 5041 est,
3043 4987 3098 5030 et
3139 4995 3202 5033 ex
3253 4981 3369 5052 lege

1810 5069 2018 5122 caelesti
2051 5068 2399 5136 gubernatur.
2450 5065 2596 5118 Illius
2640 5065 2820 5135 itaque
2858 5067 3093 5123 civitatis
3122 5073 3364 5128 ordinem

1811 5176 1873 5215 ac
1908 5170 2156 5214 ornatum
2189 5175 2402 5214 nmnem
2427 5158 2735 5226 perdiscere
2759 5161 3005 5217 humanae
3033 5173 3236 5216 natura:
3261 5181 3365 5219 uou

1812 5265 1912 5309 est.
1947 5251 2039 5304 illa
2075 5259 2200 5305 sunt
2225 5289 2238 5313 ,
2277 5248 2406 5313 Qua:
2450 5247 2629 5302 oculus
2681 5264 2784 5302 non
2831 5250 2978 5317 uidit,
3033 5266 3192 5320 neque
3219 5255 3366 5308 auris

2516 5439 2537 5470 '
2575 5436 2729 5492 Joan.
2773 5453 2847 5502 IV,
2891 5438 2975 5492 15.

1803 5585 1852 5636 in
1886 5586 2049 5721 vgteri
2086 5596 2214 5635 vero
2265 5581 2488 5650 perinde
2544 5591 2707 5651 atque
2757 5581 2808 5633 in
2855 5579 3103 5650 Vulgata,
3140 5579 3364 5648 impetus

1803 5658 1907 5708 [teli
1954 5664 2055 5706 cal.

1803 5658 2055 5708 ludiﬁcat.

1876 5719 1986 5810 (55)
2041 5722 2230 5810 βοείῳ
2271 5723 2442 5810 editio
2499 5721 2675 5810 Pa'ris.
2730 5737 3014 5790 operarum
3077 5719 3364 5778 oscitantis

1805 5811 1898 5863 pro
1929 5793 2174 5866 οὐράνιον
2203 5794 2360 5849 habet
2385 5793 2634 5863 οὐρανόν.
