4098 6324
731 345 834 402 ωδ

2063 347 2122 404 S.
2158 348 2403 406 DASILII
2444 351 2655 408 MAGNI
3873 366 3961 418 ιει

729 460 948 526 audivit,
973 476 1132 527 neque
1164 477 1214 514 HI
1243 478 1332 516 cor
1351 463 1578 518 hominis
1605 471 1947 517 ascenderunt
1973 480 1988 516 :
2021 481 2136 532 quia
2158 481 2272 531 pra:-

2389 466 2621 534 φύσεως.
2669 469 2879 523 Ἐκεῖνα
2918 472 3022 543 γάρ
3058 474 3223 536 ἐστιν,
3271 477 3327 529 Ἀ
3373 475 3692 544 ὀφθαλμὸς
3741 478 3853 529 οὐκ
3895 476 3961 529 εἶ-

729 554 929 619 paraait
960 552 1100 607 Deus
1131 555 1194 606 iis
1232 556 1321 620 qui
1369 556 1593 624 diligunt
1644 555 1792 608 illum
1818 556 1872 619 ⁶;
1931 569 2287 626 praeterquam

731 645 872 712 quod
903 644 973 700 ibi
1017 646 1284 714 reperitur
1312 647 1592 702 innumera
1637 647 1949 716 angelorum
1979 647 2286 712 multitudo,

728 749 1141 808 sanctorumque
1179 749 1499 801 conventus,
1533 749 1588 793 et
1618 739 1856 794 Ecclesia
1906 741 2290 811 primogenita-

729 848 844 884 rum
875 833 1260 900 descriptorum
1308 835 1360 886 in
1397 832 1548 887 caelis
1581 834 1620 886 ⁷.
1679 834 1752 886 De
1797 832 1886 885 illa
1919 832 2050 886 dicit
2080 833 2244 886 David
2272 848 2286 886 :

728 922 968 978 Gloriosa
997 926 1134 978 dicta
1165 934 1284 980 sunt
1321 927 1383 979 de
1410 936 1476 992 te,
1514 927 1698 978 civitas
1731 924 1825 978 Dei
1853 923 1898 979 ⁸.
1953 923 2173 978 Civitati
2216 922 2287 976 illi

728 1031 824 1084 per
865 1014 1055 1070 Isaiam
1091 1016 1375 1084 pollicetur
1432 1018 1566 1072 Deus
1600 1035 1613 1070 :
1656 1017 1861 1070 Portam
1906 1027 1954 1070 te
1983 1017 2290 1070 exsultatio-

727 1125 841 1162 nem
889 1117 1169 1171 teternam,
1207 1109 1442 1163 lwtitiam
1480 1111 1875 1180 generationum
1932 1109 2282 1175 generationi-

727 1199 857 1261 bus;
888 1208 934 1250 et
969 1214 1069 1250 non
1093 1198 1189 1251 erit
1221 1202 1488 1264 contritio,
1526 1217 1686 1269 neque
1714 1200 1929 1253 miseria
1967 1200 2019 1252 in
2053 1202 2288 1254 terminis

727 1290 862 1353 tuis;
888 1291 976 1343 sed
1010 1289 1238 1345 salutare
1265 1295 1583 1347 vocabuntur
1605 1295 1740 1347 muri
1774 1297 1852 1347 tui
1871 1295 1914 1344 ’.
1952 1290 2160 1346 Erectis
2188 1293 2286 1360 igi-

729 1394 814 1436 tur
838 1384 1027 1437 animae
1055 1383 1245 1447 oculis,
1280 1393 1336 1437 ut
1370 1399 1458 1437 res
1487 1398 1748 1455 supernas
1763 1387 1937 1455 decet,
1964 1405 2145 1459 quaere
2166 1403 2284 1459 quia;

725 1487 848 1528 sunt
871 1476 1102 1529 civitatis
1120 1475 1231 1530 Dei.
1252 1475 1391 1542 Quid
1411 1491 1570 1546 porro
1594 1478 1926 1536 beatitudine
1950 1482 2036 1535 illa
2065 1483 2281 1550 dignum

724 1581 753 1619 a
787 1581 1055 1634 quoquam
1099 1569 1389 1637 excogitari
1445 1571 1634 1638 possit,
1692 1586 1850 1639 quam
1902 1573 2135 1628 lmtiflcat
2165 1575 2286 1642 qni-

722 1661 842 1713 dem
897 1659 985 1713 Dei
1041 1659 1256 1721 ﬂuvius,
1310 1659 1459 1725 cujus
1496 1677 1623 1717 vero
1672 1664 1866 1717 artifex
1910 1673 1992 1718 est
2025 1675 2076 1718 et
2104 1667 2281 1734 opifex

725 1752 862 1806 Deus
926 1753 1038 1821 ipsc
1081 1752 1169 1804 ‘°?
1237 1750 1597 1820 Sanctiﬁcavit
1668 1757 2060 1809 tabernaculum
2129 1773 2280 1810 suum

2390 557 2516 623 δεν,
2549 561 2686 613 οὔτε
2722 556 2829 627 οὖς
2859 562 3146 630 ἤκουσεν,
3174 567 3310 619 οὔτε
3332 567 3431 618 ἐπὶ
3465 566 3731 634 καρδίαν
3758 568 3960 634 ἀνθρώ-

2389 665 2506 703 που
2547 649 2726 718 ἀνέϐη
2752 690 2768 716 ,
2801 651 2839 705 ἁ
2881 654 3205 724 ἡτοίμασεν
3243 660 3276 711 ό
3309 656 3453 723 Θεὸς
3483 658 3611 724 τοῖς
3651 659 3960 727 ἀγαπῶσιν

2388 739 2602 791 αὐτόν’
2635 739 2773 809 πλὴν
2803 741 2882 794 ὅτι
2912 745 3168 814 μυριάδες
3197 745 3442 813 ἀγγέλων
3485 747 3634 809 ἐκεῖ,
3700 750 3803 801 καὶ
3847 765 3960 799 τάν-

2389 831 2584 900 ήγυρις
2603 831 2792 899 ἁγίων,
2813 835 2905 886 καὶ
2921 835 3206 906 ’Ἐκκλησία
3223 839 3584 908 πρωτοτόκων
3605 840 3961 907 ἀπσγεγραμ-

2392 921 2564 990 μένων
2588 925 2644 974 ὲν
2667 924 2934 994 οὐρανοῖς.
2977 927 3108 994 Περὶ
3155 929 3364 996 ἐκείνης
3395 927 3559 997 φησὶν
3599 929 3626 978 ὁ
3651 929 3858 980 Δαϋίδο
3883 936 3961 980 Δε-

2388 1007 2727 1079 δοξάσμένα
2744 1012 3009 1079 ἐλαλήθη
3045 1016 3172 1082 περὶ
3206 1017 3340 1076 σοῦ,
3382 1019 3418 1084 ἠ
3444 1018 3625 1081 πόλις
3655 1016 3772 1068 τοῦ
3800 1020 3956 1072 Θεοῦ.

2401 1104 2607 1176 Ἐκείνῃ
2644 1109 2708 1176 τῇ
2749 1106 2899 1160 πόλει
2945 1107 3030 1160 διὰ
3075 1108 3167 1160 τοῦ
3214 1109 3426 1161 Ἠσαίου
3482 1108 3891 1174 ἐπαγγέλλεται
3939 1114 3961 1160 6

2387 1194 2538 1260 Θεὸς,
2573 1197 2650 1250 ὅτι
2677 1197 2850 1265 Θήσω
2883 1214 2956 1252 σε
2986 1200 3323 1268 ἁγαλλίαμα
3363 1200 3623 1262 αἰώνιον,
3661 1202 3962 1268 appoti»

2386 1301 2501 1350 νην
2540 1285 2756 1353 γενεῶν
2795 1289 3055 1355 γενεαῖςο
3105 1290 3201 1342 καὶ
3253 1293 3362 1343 οὐκ
3410 1293 3579 1344 ἐσται
3620 1293 3962 1360 σύντριμμα

2385 1377 2526 1430 οὐδὲ
2553 1382 2910 1448 ταλαιπωρία
2940 1383 3009 1434 ἐν
3046 1381 3168 1448 τοῖς
3217 1383 3397 1450 ὁρίοις
3429 1401 3541 1437 σου
3563 1401 3578 1415 ·
3616 1386 3788 1438 ἀλλὰ
3832 1391 3961 1446 κλη-

2385 1470 2628 1536 θήσεται
2654 1469 2944 1537 σωτήριον
2971 1473 3039 1526 τὰ
3064 1475 3224 1542 τείχη
3257 1491 3390 1528 σου.
3437 1476 3676 1546 Ἐπάρας
3708 1473 3810 1529 οὖν
3843 1478 3960 1534 τοὶς

2383 1561 2690 1631 ὀφθαλμοὺς
2731 1563 2829 1632 τῆς
2857 1562 3050 1632 ψυχῆς,
3084 1565 3245 1629 ἀξίως
3271 1568 3377 1619 τῶν
3407 1569 3516 1620 ἀνω
3548 1569 3709 1638 ζήτει
3742 1569 3817 1621 τὰ
3841 1570 3960 1637 περὶ

2382 1658 2478 1727 τῆς
2509 1657 2712 1720 πόλεως
2735 1656 2827 1710 τοῦ
2861 1657 3017 1710 Θεοῦ.
3059 1659 3123 1710 Τί
3159 1660 3201 1712 δ’
3233 1661 3298 1714 ἂν
3325 1662 3422 1730 τῆς
3463 1665 3581 1714 ἐκεῖ
3612 1663 3958 1731 μακαριότηο

2381 1766 2470 1812 τος
2504 1748 2721 1814 etiam
2746 1767 2828 1813 τις
2861 1749 3158 1820 ἐννοηθείη,
3194 1752 3259 1821 ῆν
3291 1754 3566 1823 εὐφραίνει
3606 1754 3709 1823 μὲν
3747 1755 3779 1805 ὁ
3808 1770 3960 1806 zma-

723 1848 1040 1902 Altissimus.
1098 1847 1369 1903 Fortassis
1421 1862 1638 1901 carnem
1692 1846 1826 1900 dicit
1875 1846 2156 1910 deiferam,
2211 1861 2272 1901 ex

2387 1841 2481 1908 μὸς
2513 1841 2603 1894 τοῦ
2633 1840 2799 1905 Θεοῦ,
2831 1842 3078 1912 τεχνίτης
3121 1819 3178 1894 δὲ
3217 1819 3322 1894 καὶ
3363 1819 3694 1915 δημιουργός
3738 1845 3892 1896 ἐστιν
3933 1844 3958 1894 6

721 1936 1096 2005 conjunctione
1143 1954 1264 1992 cum
1317 1938 1423 1992 Deo
1467 1936 1873 1992 sanctificatam.
1934 1937 2006 1990 Ex
2054 1951 2161 2005 quo
2196 1938 2279 1990 in-

720 2030 923 2100 telliges
955 2029 1357 2084 tabernaculum
1403 2030 1686 2094 Altissimi,
1737 2029 1914 2098 ipsum
1950 2030 2040 2084 Dei
2077 2031 2276 2084 adven-

720 2130 850 2184 tum,
883 2120 974 2190 qui
1007 2130 1090 2174 est
1119 2136 1214 2187 per
1246 2134 1485 2172 carnem.

785 2390 834 2444 5.
853 2389 1015 2444 Vens.
1035 2391 1086 2443 6.
1110 2389 1243 2442 Deus
1263 2387 1317 2439 in
1335 2387 1502 2439 medio
1516 2387 1650 2456 ejus,
1664 2397 1830 2440 etnon
1848 2387 2270 2442 commovebitur.

719 2481 993 2549 Adjuvabit
1041 2495 1153 2532 eam
1207 2478 1343 2530 Dens
1383 2493 1532 2530 mane
1590 2475 1852 2529 diluculo.
1911 2476 1973 2528 Et
2021 2476 2270 2544 quoniam

718 2573 858 2626 Dens
894 2573 946 2625 in
998 2571 1173 2624 medio
1204 2570 1442 2625 civitatis
1483 2580 1586 2636 est,
1625 2583 1740 2623 eam
1775 2568 2074 2622 stabilitate
2106 2570 2273 2624 dona-

717 2665 813 2728 nit,
847 2664 1020 2730 primo
1054 2662 1188 2717 lucis
1221 2671 1338 2716 ortu
1371 2677 1527 2730 opem
1561 2662 1608 2714 ei
1643 2659 1898 2715 afferens.
1935 2659 2063 2714 Sive
2109 2661 2273 2731 igitur

716 2750 785 2802 ιΙΙὶ
838 2766 956 2818 qure
1008 2765 1221 2804 sursum
1275 2761 1358 2804 est
1395 2750 1692 2806 Jerusalem
1739 2751 1803 2815 “,
1851 2751 1966 2805 sive
2017 2751 2270 2805 Ecclesiae

714 2858 830 2908 quae
887 2841 1023 2894 infra
1079 2850 1195 2905 est,
1241 2843 1480 2896 civitatis
1535 2859 1724 2895 nomen
1783 2854 2025 2912 aptatum
2090 2844 2266 2909 fuerit,

715 2932 1068 3003 Sanctiﬁcam‘t
1126 2935 1176 2988 iu
1213 2949 1275 2990 ea
1327 2936 1718 2989 tabernaculum
1769 2952 1918 2988 suum
1951 2936 2266 2995 Altissimus.

715 3031 884 3099 Atque
937 3042 1030 3096 per
1078 3028 1177 3081 hoc
1225 3028 1628 3083 tabernaculum
1685 3029 1738 3083 in
1793 3043 1898 3098 quo
1953 3029 2269 3084 inbabitavit

713 3124 872 3184 Deus,
912 3123 964 3175 in
1011 3122 1187 3176 medio
1222 3122 1391 3190 ipsius
1435 3121 1567 3184 fuit,
1612 3123 1664 3176 id
1712 3122 1759 3176 ei
1805 3121 2037 3189 largiens
2069 3130 2124 3176 ut
2162 3138 2265 3179 non

712 3224 1131 3269 commoveatur.
1185 3214 1237 3266 In
1272 3215 1445 3268 medio
1486 3223 1661 3268 autem
1695 3214 1932 3268 civitatis
1976 3221 2058 3268 est
2104 3213 2263 3277 Deus,

712 3307 941 3377 :equales
975 3305 1254 3360 undelibet
1287 3306 1539 3358 emittens
1566 3305 1747 3357 radios
1775 3319 1884 3357 sua:
1919 3305 2270 3372 providentiae

712 3402 773 3451 ad
806 3412 974 3466 usque
1000 3397 1132 3450 flues
1158 3396 1325 3451 orbis.
1379 3395 1470 3452 Sic
1504 3395 1645 3450 enim
1693 3395 1786 3450 Dei
1811 3396 2018 3465 justitia
2043 3411 2268 3452 conser-

712 3503 897 3556 vatur,
937 3489 1370 3558 quandoquidem
1423 3489 1672 3543 omnibus
1715 3488 1957 3544 eamdem
2011 3489 2268 3543 bonitatis

709 3597 1016 3635 mensuram
1055 3581 1324 3647 dispertit.
1373 3580 1650 3648 Adjuvabit
1688 3596 1800 3634 eam
1841 3580 1978 3634 Deus
2006 3597 2157 3634 mane
2186 3581 2269 3632 dio

709 3669 899 3722 lnculo.
952 3669 1232 3722 Sensibilis
1279 3668 1357 3722 sol
1423 3670 1741 3722 matutinum
1786 3672 2002 3738 quidem
2057 3681 2267 3740 tempus

708 3763 844 3831 apud
879 3776 974 3815 nos
1000 3761 1192 3826 cilicit,
1234 3771 1516 3830 p05tquam
1549 3775 1706 3831 supra
1739 3771 1982 3815 nostrum
2017 3761 2270 3815 horizon-

710 3865 812 3908 tem
842 3853 1158 3916 eminuerit;
1185 3851 1342 3924 174
1367 3854 1682 3906 matutinum
1715 3868 1838 3907 vero
1867 3851 1956 3907 Sol
1979 3852 2199 3922 iustitiae
2225 3856 2265 3885 ”

709 3946 763 3998 in
816 3945 992 3997 anima
1045 3945 1275 4012 perﬁcit,
1302 3953 1421 3996 ortu
1461 3943 1596 3995 lucis
1642 3943 1936 4010 spiritualis
1962 3945 2267 4014 producens

706 4036 844 4087 diem
872 4035 922 4087 in
950 4048 1014 4086 eo
1037 4033 1126 4101 qui
1159 4031 1332 4100 ipsum
1356 4032 1609 4100 suscepit.
1639 4029 1694 4083 ln
1727 4041 1884 4084 nocte
1910 4034 2050 4084 enim
2081 4049 2265 4090 sumus

708 4143 805 4180 nos
848 4124 1094 4179 homines
1152 4140 1244 4193 per
1301 4124 1401 4178 hoc
1455 4124 1770 4193 ignorantia:
1822 4132 2051 4190 tempus.
2109 4125 2266 4180 P051-

707 4231 867 4284 quam
899 4216 1078 4284 igitur,
1131 4225 1310 4268 nostra
1362 4223 1540 4268 mente
1576 4227 1828 4282 expassa,
1869 4214 2267 4280 susceperimus

708 4308 889 4379 gloriae
907 4306 1247 4376 splendorem
1270 4307 1331 4370 ³³,
1352 4307 1739 4374 etsempiterna
1763 4305 1850 4360 illa
1873 4305 1991 4361 luce
2013 4304 2265 4360 illustrati

707 4401 986 4465 fuerimus,
1025 4409 1151 4455 tunc
1182 4399 1460 4469 Adjuvabit
1499 4415 1611 4452 eam
1644 4398 1777 4453 Deus
1813 4417 1964 4454 mane
2011 4401 2262 4456 diluculo.

2382 1932 2546 1997 636;;
2601 1935 2830 2003 Ἡγιασε
2877 1933 2944 1987 τὸ
2981 1933 3267 2003 σκήνωμα
3314 1935 3496 1988 αὑτοῦ
3549 1939 3582 1988 ό
3629 1938 3954 2004 ’Υψιστοᾳ

2383 2025 2534 2094 Τάχα
2598 2027 2696 2096 τὴν
2730 2026 2907 2096 σάρκα
2951 2026 3096 2094 λέγει
3131 2027 3230 2099 τὴν
3275 2025 3560 2096 θεοφόρον,
3597 2027 3958 2093 ὰγιασθείσαν

2380 2116 2467 2168 διὰ
2509 2118 2604 2187 τῆς
2653 2118 2785 2187 πρὸς
2841 2119 2930 2170 τὸν
2975 2119 3105 2171 Θεὸν
3156 2120 3466 2188 συναφείας.
3530 2119 3694 2170 Ὥστε
3741 2121 3958 2187 νοήσεις

2382 2208 2644 2277 σκήνωμα
2691 2208 2784 2262 τοῦ
2819 2209 3069 2278 Ὑψίστου
3115 2211 3212 2275 τὴν
3255 2209 3345 2264 διὰ
3392 2208 3592 2281 σαρκὸς
3625 2208 3958 2277 ἐπιφάνειαν

2378 2300 2470 2353 τοῦ
2501 2299 2657 2356 Θεοῦ.

2447 2391 2497 2444 5.
2543 2392 2602 2443 '0
2627 2390 2768 2456 Θεὸς
2797 2391 2866 2443 ἐν
2895 2391 3060 2460 μέσῳ
3107 2389 3311 2458 αὐτῆς,
3343 2392 3437 2444 καὶ
3465 2394 3537 2445 οὐ
3576 2390 3959 2456 σαλευθήσε-

2379 2496 2489 2531 ται.
2533 2482 2824 2547 Βοηθήσει
2859 2481 3012 2552 αὐτῇ
3041 2485 3072 2536 ὀ
3103 2483 3264 2546 Θεὸς,
3306 2483 3370 2534 τὸ
3397 2486 3545 2550 πρὸς
3581 2484 3733 2551 πρωὶ

2379 2571 2487 2623 Καὶ
2515 2572 2698 2642 ἐπειδὴ
2727 2576 2754 2625 6
2780 2573 2909 2637 Θεὸς
2945 2577 3002 2627 ὲν
3029 2574 3177 2645 μέσῳ
3204 2575 3304 2643 τῆς
3334 2574 3534 2638 πόλεώς
3560 2578 3697 2640 ἐστι,
3731 2576 3800 2628 τὸ
3834 2577 3958 2628 ἀσα-

2378 2659 2560 2711 λευτον
2594 2665 2861 2733 χαριεῖται
2907 2664 3063 2734 αὐτῇ,
3095 2666 3193 2734 τὴν
3244 2664 3491 2736 βοήθειαν
3537 2666 3673 2736 αὐτῇ
3711 2670 3957 2736 παρεχό-

2380 2768 2537 2821 μενος
2560 2753 2617 2804 ὲν
2644 2754 2760 2814 ταῖς
2789 2753 3028 2824 πρώταις
3051 2755 3331 2820 ἀνατολαῖς
3350 2758 3442 2810 τοῦ
3477 2759 3674 2827 φωτός.
3703 2759 3842 2813 Εἴτε
3865 2757 3956 2813 οὖν

2375 2848 2440 2916 τῇ
2475 2844 2585 2898 ἀνω
2620 2845 2990 2916 Ἰερουσαλὴμ,
3023 2847 3132 2899 εἴτε
3163 2851 3226 2917 τῇ
3259 2850 3405 2902 κάτω
3439 2852 3738 2922 Ἐκκλησία
3771 2855 3838 2906 τὸ
3860 2855 3956 2923 τῆς

2377 2937 2581 3001 πόλεως
2637 2938 2936 3009 ἐφαρμόσει
2991 2937 3197 3008 ὄνομα,
3257 2939 3528 3007 Ἡγίασεν
3589 2944 3648 2991 ὲν
3691 2943 3841 3012 αὐτῇ
3891 2946 3954 2996 τό

2374 3029 2660 3100 σκήνωμα
2695 3031 2878 3085 αὐτοῦ
2913 3035 2946 3086 ό
2986 3032 3288 3100 Ὑψιστος.
3331 3032 3438 3084 Καὶ
3477 3031 3562 3083 διὰ
3602 3033 3695 3084 τοῦ
3739 3036 3954 3105 σκηνώ-

2378 3139 2542 3191 ματος
2568 3122 2779 3190 τούτου,
2821 3116 2865 3191 ᾧ
2894 3124 3305 3195 κατεσκήνωσεν
3338 3124 3364 3175 6
3390 3122 3541 3185 Θεὸς,
3574 3125 3632 3176 ὲν
3673 3125 3837 3196 μέσῳ
3869 3129 3956 3180 αὖ·

2373 3213 2470 3280 τῆς
2515 3212 2748 3278 ἐγένετο,
2797 3214 3150 3284 χαριζόμενος
3190 3215 3326 3285 αὐτῇ
3370 3212 3431 3267 τὸ
3478 3216 3550 3286 μὴ
3595 3215 3951 3272 σαλεύεσθαι.

2389 3302 2474 3354 Ἐν
2509 3302 2655 3370 μέσῳ
2681 3303 2738 3357 δέ
2777 3306 2890 3357 ὲστι
2929 3306 3026 3374 τῆς
3061 3306 3266 3370 πόλεως
3289 3309 3317 3359 6
3345 3307 3495 3370 Θεὸς,
3530 3307 3649 3371 ἴσας
3673 3312 3953 3379 πανταχόο

2376 3392 2466 3448 θεν
2491 3394 2582 3446 ἐπὶ
2624 3395 2690 3448 τὰ
2730 3396 2938 3466 πέρατα
2966 3395 3056 3449 τοῦ
3091 3397 3289 3450 κύκλου
3321 3398 3420 3468 τῆς
3458 3399 3650 3452 ἑαυτοῦ
3684 3405 3950 3471 προνοίας

2372 3485 2470 3550 τὰς
2506 3487 2728 3550 ἀκτῖνας
2780 3485 3098 3557 ἐκπέμπων.
3149 3487 3304 3541 Οῦτω
3345 3490 3451 3559 γὰρ
3498 3488 3556 3540 τὸ
3590 3489 3811 3545 δίκαιον
3855 3494 3949 3546 τοῦ

2372 3576 2504 3629 Θεοῦ
2548 3574 2885 3640 διασώζεται,
2937 3575 2997 3629 τὸ
3042 3575 3173 3628 αὐτὸ
3213 3575 3406 3645 μέτρον
3460 3575 3554 3644 τῆς
3600 3577 3949 3650 ἀγαθότητος

2371 3666 2708 3736 διανέμοντος
2739 3666 2925 3718 ἅπασι.
2964 3665 3259 3730 Βοηθήσει
3288 3663 3441 3730 αὐτῇ
3471 3669 3502 3719 ὀ
3533 3666 3676 3731 Θεὸς
3697 3670 3762 3720 τὸ
3797 3674 3950 3739 πρὸς

2373 3756 2517 3823 πρωὶ
2561 3757 2728 3823 πρωί.
2767 3755 2876 3824 Τὴν
2927 3754 3022 3824 μὲν
3055 3752 3163 3824 (56)
3201 3750 3290 3806 οὗν
3321 3757 3448 3826 παρ’
3477 3758 3605 3826 ἡμῖν
3653 3762 3878 3829 πρωίαν
3922 3767 3948 3818 6

2371 3848 2622 3918 αἰσθητὸς
2649 3847 2798 3916 ἥλιος
2823 3849 2984 3911 ποιεῖ,
3013 3847 3229 3901 ἐπειδὰν
3252 3845 3342 3901 τὸν
3374 3849 3494 3902 καθ’
3513 3853 3662 3921 ἡμᾶς
3688 3854 3946 3924 ὁρίζοντι

2373 3940 2658 4014 ὑπερκύψῃ
2676 3957 2688 3970 ⁸
2718 3941 2813 4012 τὴν
2834 3941 2887 3994 δὲ
2913 3943 2968 3994 ὲν
2987 3943 3051 4012 τῇ
3082 3940 3223 4012 ψυχῇ
3259 3943 3469 4014 πρωίαν
3495 3947 3522 3998 6
3551 3947 3648 4016 τῆς
3672 3947 3947 4004 δικαιοσύ-

2371 4052 2467 4105 νης
2484 4034 2669 4098 Ἥλιος
2694 4035 2943 4088 ἀποτελεῖ
2966 4036 3031 4104 τῇ
3063 4034 3292 4106 ἀνατολῇ
3313 4035 3405 4088 τοῦ
3423 4037 3596 4104 φωτὸς
3624 4037 3719 4090 τοῦ
3745 4042 3945 4112 νοητοῦ

2373 4127 2538 4181 ποιῶν
2570 4127 2777 4198 ἡμέραν
2807 4129 2862 4178 ἐν
2887 4125 2962 4195 τῷ
2992 4125 3417 4195 παραδεξαμένη)
3452 4128 3627 4181 αὐτόν.
3666 4131 3753 4182 Ἐν
3785 4137 3946 4186 νυκτὶ

2371 4221 2477 4291 γάρ
2506 4222 2667 4288 ἐσμεν
2711 4219 2858 4288 παρά
2883 4219 2972 4272 τὸν
3005 4219 3195 4286 καιρὸν
3226 4217 3323 4283 τῆς
3356 4218 3624 4282 ἀγνωσίας
3653 4221 3702 4271 oi
3734 4221 3948 4292 ἄνθρω-

2374 4326 2482 4361 ποι.
2528 4307 2774 4360 Ἐπειδὰν
2807 4302 2918 4367 οῦν,
2945 4303 3378 4366 ἀναπετάσαντες
3408 4305 3611 4357 ἑαυτῶν
3641 4307 3702 4358 τὸ
3735 4309 3948 4381 ἡγεμο.

2373 4402 2549 4462 νικὸν,
2587 4395 2968 4466 ὐπώεξιῦμεθα
3011 4395 3071 4448 τὸ
3112 4395 3443 4467 ἀπαύγασμα
3484 4397 3581 4467 τῆς
3617 4397 3805 4467 δόξης,
3854 4405 3948 4456 καὶ

710 4492 810 4547 Ubi
841 4493 967 4547 facti
1005 4493 1266 4548 fuerimus
1298 4491 1390 4545 filii
1427 4490 1580 4555 lucis,
1613 4505 1825 4559 noxque
1857 4491 1992 4558 apud
2025 4509 2121 4546 nos
2143 4507 2265 4561 pro-

2378 4489 2832 4562 περιλαμφθῶμεν
2856 4487 2933 4558 τῷ
2959 4489 3096 4558 φωτὶ
3126 4487 3201 4558 τῷ
3228 4488 3397 4558 ἀϊδίῳ,
3446 4489 3739 4556 Βεηθήσει
3785 4494 3947 4562 αὐτῇ

707 4599 889 4654 gressa
929 4581 1123 4646 fuerit,
1172 4584 1285 4637 dies
1325 4597 1451 4638 vero
1477 4581 1988 4652 appropinquaverit
2023 4583 2086 4648 αι,
2139 4594 2264 4638 tunc

2378 4588 2399 4639 ό
2436 4583 2576 4650 Θεὸς
2597 4582 2661 4636 τὸ
2695 4581 2843 4651 πρὸς
2864 4582 3008 4650 πρωὶ
3035 4581 3182 4650 πρωί
3203 4582 3334 4651 (57).
3380 4581 3622 4635 Ἐπειδὰν
3648 4585 3947 4656 γενώμεθα

711 4674 801 4728 Dei
831 4674 1034 4728 auxilio
1062 4673 1208 4742 digni
1247 4672 1524 4727 efﬁcimur.
1561 4673 1794 4741 Adjuvat
1824 4672 1988 4741 igitur
2020 4671 2160 4727 Deus
2189 4677 2265 4728 ci-

707 4766 946 4828 vitatem,
991 4779 1085 4834 per
1132 4764 1403 4833 proprium
1446 4774 1687 4817 exortum
1721 4771 1775 4817 et
1813 4763 2122 4828 adventum,
2154 4781 2266 4818 ma-

710 4857 943 4909 tutinam
985 4857 1034 4907 ei
1079 4855 1248 4909 lucem
1279 4856 1559 4909 inducens.
1599 4854 1730 4906 Ecce
1771 4854 1914 4907 enim
1962 4853 2138 4922 homo,
2184 4859 2266 4911 in-

707 4948 846 5013 quit,
879 4946 1063 5000 Oriens
1095 4963 1278 4999 nomen
1298 4948 1344 4998 ci
1374 4947 1436 5001 ¹⁵.
1469 4945 1671 5012 Quibus
1700 4946 1860 5013 igitur
1892 4955 2074 4998 exorta
2106 4946 2264 5003 fuerit

710 5035 800 5091 lux
829 5036 1145 5105 spiritualis,
1171 5037 1428 5090 discussis
1462 5036 1778 5105 ignorantia:
1800 5035 2266 5106 improbitatisque

712 5128 967 5195 tenebris,
1006 5129 1072 5186 iis
1101 5138 1308 5198 tempus
1343 5130 1665 5183 matutinum
1715 5130 1947 5183 accedit.
1995 5127 2261 5194 Quoniam

2365 4677 2531 4731 τέκνα
2565 4677 2769 4746 φωτὸς,
2805 4675 2898 4727 καὶ
2931 4676 2962 4745 ὴ
2999 4675 3094 4738 νὺξ
3140 4675 3236 4744 μὲν
3282 4675 3410 4742 ἡμῖν
3458 4677 3737 4748 προκύψῃ»
3799 4682 3834 4749 ἡ
3892 4682 3947 4735 δὲ

2367 4772 2547 4841 ἡμέρα
2577 4769 2789 4838 ἐγγίσῃ,
2815 4767 2936 4820 τότε
2963 4767 3099 4833 ἄξιοι
3136 4767 3236 4835 τῆς
3265 4765 3356 4817 τοῦ
3383 4765 3516 4820 Θεοῦ
3559 4767 3820 4839 βοηθείας
3869 4791 3947 4842 γι.

2368 4861 2588 4932 νόμεΘα.
2625 4857 2815 4929 Βοηθεῖ
2849 4853 2939 4910 οῦν
2980 4860 3046 4926 τῇ
3078 4855 3231 4908 πόλει
3263 4858 3290 4908 6
3332 4855 3483 4920 Θεὸς,
3521 4859 3608 4910 διά
3657 4861 3757 4931 τῆς
3807 4863 3945 4924 ἰδίας

2370 4951 2628 5021 ἀνατολῆς
2684 4951 2774 5002 καὶ
2836 4948 3149 5017 ἐπιφανείας
3203 4950 3413 5019 πρωίαν
3468 4951 3604 5021 αὐτῇ
3669 4954 3941 5023 ἐμποιῶν.

2384 5041 2525 5096 Ἰδοὺ
2552 5040 2658 5110 γὰρ
2685 5039 3009 5108 ἅνθρωπος,
3041 5039 3220 5109 φησὶν,
3239 5039 3515 5107 Ἀνατολὴ
3545 5041 3734 5110 ὄνομα
3757 5043 3941 5108 αὐτῷ.

2373 5127 2468 5197 Οἷς
2521 5132 2584 5185 ἂν
2641 5127 2731 5185 οῦν
2775 5129 3097 5202 ὲπανατείλῃ
3131 5131 3238 5200 (58)
3299 5132 3358 5183 τὸ
3403 5132 3593 5201 νοητὸν
3631 5133 3770 5202 φῶς,
3814 5135 3938 5189 λυο-

782 5262 802 5291 ⁸
841 5262 856 5313 l
890 5263 1012 5316 Cor.
1043 5277 1098 5319 ll.
1131 5261 1192 5333 _9.
1272 5261 1288 5290 ’
1333 5258 1724 5333 llebr.x_t_t,_%.
1786 5259 1821 5333 ξ
1862 5255 2258 5333 ΡείιΙζιιχινι,

2427 5266 2446 5296 ⁸
2487 5263 2588 5317 ISa.
2616 5280 2703 5325 ιι,
2745 5261 2932 5317 15-18.
3013 5264 3059 5294 ³ο
3089 5263 3248 5316 llebr.
3288 5279 3359 5328 ιι,
3405 5265 3492 5317 10.
3573 5265 3612 5295 ¹¹
3646 5265 3826 5321 Galal.
3868 5285 3936 5333 tr,

709 5325 797 5384 26.
876 5333 918 5361 ¹²
957 5331 1188 5386 Malacb.
1224 5345 1292 5395 Iv,
1324 5331 1371 5383 ‘2.
1456 5330 1497 5360 ¹³
1539 5329 1695 5382 Hebr.
1725 5329 1817 5391 I,5
1917 5326 1957 5354 “
1994 5325 2149 5381 Rern.
2193 5347 2267 5383 xu

2378 5334 2443 5388 2.
2521 5335 2561 5364 ¹⁵
2604 5333 2767 5386 Zach.
2815 5347 2889 5393 vn,
2931 5334 3016 5385 12.

784 5467 896 5537 (36)
937 5467 1025 5522 Sic
1056 5469 1184 5536 Reg.
1217 5479 1402 5521 tertius
1436 5476 1488 5518 et
1528 5467 1728 5537 Catena
1757 5464 1978 5537 Gorder.
2010 5466 2076 5537 ᾼι
2109 5464 2263 5537 Colb.

713 5534 1260 5611 septitnush'riw—pev
1289 5538 1412 5611 γαρ.
1446 5537 1582 5611 liditi
1617 5536 1711 5606 τὴν
1769 5534 1867 5611 μὲν
1917 5535 2041 5611 παρ’
2107 5535 2259 5602 ἡμῖν.

716 5606 906 5661 Statim
931 5606 1185 5678 ειιιιίζτὴν
1221 5609 1275 5660 δὲ
1304 5606 1400 5676 τῆς
1430 5606 1604 5676 ψυχῆς
1640 5607 1868 5677 πρωίαν.
1911 5607 1979 5658 At
2009 5618 2139 5657 mss.
2173 5618 2258 5657 sc-

715 5689 854 5747 plem
890 5680 1021 5747 utin
1055 5690 1328 5731 θοίνη-χιιι.

786 5748 891 5817 ιῦῖ)
931 5746 1016 5801 ιιω
1051 5763 1225 5810 voces,
1259 5750 1317 5800 τὸ
1373 5746 1503 5816 πρὸς
1561 5745 1694 5816 πρωῒ
1742 5745 1905 5816 πρωϊ,
1969 5743 2165 5799 desunt
2207 5743 2258 5797 in

2370 5480 2601 5551 quatuor
2639 5483 2765 5521 mss.
2797 5466 2866 5520 At
2899 5467 2949 5521 in
2978 5468 3183 5523 duobus
3212 5467 3330 5522 aliis
3363 5484 3518 5540 aeque
3576 5485 3636 5523 ac
3689 5472 3742 5526 in
3780 5475 3933 5526 editis

2373 5549 2734 5606 reperiuntur.

2437 5609 2549 5730 $.38)
2591 5609 2727 5662 Editi
2759 5607 3118 5680 ὲπανατέλλῃ.
3149 5607 3219 5662 At
3269 5623 3397 5663 mss.
3451 5608 3699 5680 quinque
3743 5614 3928 5665 ὲπανα.

2367 5695 2446 5730 τει
2484 5697 2534 5748 ῃ.
