4068 6318
73 391 203 447 ᾸΞΞΞ

1230 392 1511 449 ηοΜιωΑ
1551 392 1616 447 ΙΝ
1660 393 1690 447 F

1793 394 1986 451 LMUM
2023 393 2178 449 XLV.
3237 391 3339 447 4‘25

76 515 268 577 μένου
322 507 413 559 τοῦ
471 510 533 561 ἐκ
572 508 670 579 τῆς
727 507 948 576 ἀγνοίας
993 510 1085 562 καὶ
1127 509 1387 580 πονηρίας
1429 510 1672 574 σκότους,

1791 526 1904 582 ergo
1931 512 2019 564 lux
2054 511 2104 564 in
2146 509 2401 564 mundum
2451 510 2617 574 venit,
2656 518 2711 562 ut
2759 508 2849 578 qui
2891 508 3126 563 ambulat
3167 509 3218 563 in
3256 526 3338 576 ea,

74 600 284 670 πρωία
324 599 530 664 τούτοις
583 600 873 667 ἐγγίνεται.
944 601 1093 654 Ἐπεὶ
1144 596 1236 652 οὖν
1288 600 1401 668 φῶς
1459 602 1537 664 είς
1583 599 1675 653 τὸν

1791 619 1885 658 non
1940 600 2174 658 oﬂ‘endat
2203 603 2268 666 “,
2310 601 2426 669 ejus
2460 602 2718 656 auxilium
2772 612 2977 670 tempus
3020 602 3339 656 matutinum

71 691 305 760 κόσμον
334 692 608 761 ἐλήλυθεν,
643 692 727 744 ἵνα
753 694 781 745 6
805 692 1122 765 περιπατῶν
1150 694 1207 744 ἐν
1235 693 1383 764 αὐτῷ
1412 695 1485 765 μὴ
1515 712 1679 766 προσ-

1791 693 1955 750 ili‘ert.
1993 694 2085 749 Vel
2127 693 2263 749 forte
2302 695 2553 762 quoniam
2600 691 2769 746 multo
2805 707 2960 746 mane
3006 701 3124 747 erat
3171 708 3342 746 resur-

78 782 301 856 κόπτῃ,
327 785 359 851 ἡ
403 782 620 854 βοήθεια
655 784 816 837 αὑτοῦ
849 786 1061 858 πρωίας
1091 785 1207 836 ἐστὶ
1234 789 1559 859 παρεκτική.
1608 787 1675 839 Ἢ

1791 788 1978 852 rectio,
2030 784 2301 855 adjuvabit
2352 786 2492 839 Deus
2543 784 2815 839 civitatem
2872 796 3031 837 mane
3086 782 3338 842 diluculo.

75 876 242 945 ’τάχα
272 874 463 946 ἐπειδὴ
486 875 679 949 ὄρθρου
708 878 948 949 βαθέοςὴ
977 874 1386 948 ἀνάστασιςῆν,
1423 876 1677 953 βοηθήσει

1791 878 1975 946 quippe
2015 882 2105 948 qui
2142 880 2299 935 tertia
2331 881 2739 935 resurrectionis
2770 878 2856 934 die
2881 877 3143 931 matutina
3174 877 3342 931 victo-

80 970 116 1017 ὁ
150 965 294 1029 Θεὸς
417 968 567 1022 πόλει
591 971 651 1023 τὸ
682 972 815 1041 πρὸς
845 968 988 1040 πρωὶ
1018 969 1160 1039 πρωὶ
1195 968 1326 1041 (59),
1364 970 1392 1020 6
1415 972 1513 1040 τὴν
1536 971 1676 1024 κατὰ

1791 971 1915 1021 riam
1947 986 1974 1022 a
2009 981 2182 1028 morte
2216 970 2526 1042 reportarit.

82 1054 191 1106 τοῦ
231 1055 463 1111 θανάτου
498 1060 652 1128 νίκην
685 1060 867 1131 πρωία
902 1060 967 1128 τῇ
998 1058 1153 1131 τρίτῃ
1192 1060 1375 1131 ἡμέρᾳ.
1413 1062 1511 1131 τῆς
1550 1063 1676 1115 ἀνα-

85 1148 350 1212 στάσεως
380 1151 768 1219 ἐργασάμενος.

170 1241 227 1293 6.
301 1241 746 1309 Ἐτιιράχθησαν
808 1244 991 1313 ἔθνη,
1047 1246 1296 1300 έκλιναν
1348 1245 1673 1311 βασιλεῖαι,

81 1332 292 1385 ἔδωκε
326 1332 534 1401 φωνὴν
568 1334 752 1388 αὐτοῦ
782 1337 815 1388 d
840 1336 1139 1404 Ὑψιστος,
1171 1338 1469 1406 ἐσαλεύθη
1507 1340 1545 1408 ἡ
1577 1339 1673 1409 γῆ.

84 1422 316 1493 Νὸησόν
362 1441 450 1493 μοι
496 1424 616 1477 τινὰ
660 1425 812 1478 πόλιν
852 1428 1337 1501 ἐπιϐουλευομένην
1382 1432 1532 1503 παρὰ
1570 1430 1676 1484 τῶν

1852 1233 1904 1287 6.
1962 1231 2122 1287 Vens.
2167 1234 2217 1287 7.
2280 1236 2614 1291 Conturbator
2664 1245 2785 1288 sunt
2840 1245 3041 1303 gentes,
3091 1235 3345 1287 inclinata

1776 1335 1899 1381 sunt
1932 1341 2088 1394 regna
2125 1340 2144 1378 .'
2180 1325 2323 1379 dedit
2351 1343 2521 1381 vocem
2554 1347 2705 1383 suam
2731 1326 3053 1388 Altissimus,
3090 1337 3347 1378 commota

1776 1431 1849 1474 est
1895 1428 2056 1471 terra.
2109 1417 2297 1487 Cogita
2335 1419 2603 1474 civitatem
2636 1423 2871 1490 aliquam
2922 1433 3062 1480 esse,
3094 1418 3179 1472 cui
3218 1419 3348 1471 insi-

86 1516 603 1586 ἐπιστρατευόντων
643 1518 777 1589 αὑτῇ
810 1518 1100 1591 πολεμίων,
1130 1519 1267 1582 τέως
1295 1522 1389 1591 μὲν
1420 1522 1678 1594 περικαθ-

88 1606 379 1676 εζομένων
433 1606 541 1679 (40)
594 1608 761 1681 αὐτὴν
803 1611 970 1665 ἐθνῶν
1024 1609 1234 1663 πολλῶν
1281 1612 1373 1665 καὶ
1414 1612 1676 1683 βασιλέων

90 1698 211 1750 τῶν
264 1699 384 1751 καθ’
414 1700 637 1754 ἕκαστον
682 1702 831 1763 ἔθνος
867 1702 935 1753 τὰ
981 1701 1235 1774 σκῆπτρα
1284 1704 1670 1775 διαλαχόντων·

89 1786 226 1842 εἷτά
276 1808 395 1843 τινα
437 1792 771 1861 στρατηγὸν,
810 1792 1018 1861 ἄμαχον
1062 1792 1157 1865 τὴν
1199 1792 1420 1867 ῥώμην,
1465 1794 1674 1866 ἁθρόως

1777 1511 1876 1565 dia:
1899 1518 2180 1563 struantur
2204 1511 2270 1563 ab
2294 1512 2723 1580 oppugnantibus
2749 1528 2864 1566 eam
2891 1510 3157 1574 hostibus,
3186 1524 3347 1577 quam

1779 1602 1997 1657 interim
2026 1602 2313 1655 obsideant
2344 1612 2528 1671 gentes
2554 1602 2731 1655 multae
2759 1614 2811 1655 et
2843 1620 3015 1673 reges,
3044 1602 3134 1673 qui
3173 1602 3350 1670 singu-

1778 1694 1950 1749 larum
1984 1695 2264 1749 nationum
2301 1704 2517 1762 sceptra
2541 1694 2718 1748 sortiti
2754 1694 2859 1748 sint
2884 1710 2900 1755 ;
2930 1696 3120 1750 deinde
3158 1696 3347 1749 ducem

1780 1788 2032 1856 aliquem,
2056 1788 2248 1843 robore
2279 1787 2561 1848 invictum,
2600 1787 2889 1856 derepente
2911 1788 3149 1854 conspici
3173 1789 3238 1841 ad
3280 1787 3352 1841 fc-

91 1878 443 1945 ἐπιφανέντα
480 1880 560 1943 είς
623 1880 874 1952 βοήθειαν
914 1884 980 1955 τῇ
1036 1884 1186 1937 πόλει
1232 1886 1437 1959 ταύτῃ,
1492 1884 1683 1939 λύοντα

1791 1877 2013 1931 rendum
2044 1880 2165 1933 huic
2181 1881 2390 1933 civitati
2416 1880 2694 1945 auxilium,
2722 1879 2837 1948 qui,
2857 1878 3030 1933 soluta
3050 1879 3348 1942 obsidione,

97 1969 211 2037 μὲν
260 1969 358 2042 τὴν
403 1970 757 2044 πολιορκίαν,
816 1974 1177 2029 σκεδαννύντα
1218 1976 1273 2027 δὲ
1320 1978 1419 2045 τὴν
1471 1994 1688 2047 συστρο-

96 2062 216 2133 φὴν
262 2063 371 2116 τῶν
421 2064 608 2128 ἐθνῶν,
658 2068 737 2129 είς
790 2067 965 2135 φυγὴν
1011 2067 1068 2118 δέ
1116 2067 1241 2127 τοὺς
1284 2065 1519 2135 βασιλεῖς
1564 2083 1687 2118 συν-

97 2155 407 2210 ελαύνοντα
451 2160 514 2209 ἐκ
565 2158 725 2226 μόνου
764 2158 855 2209 τοῦ
897 2156 1159 2225 ἐμϐοῆσαι
1190 2156 1300 2225 (41)
1342 2157 1522 2221 αὐτοῖς
1551 2158 1687 2228 μετὰ

95 2247 412 2316 δυνάμεως,
465 2246 804 2316 καταπλῆξαί
856 2264 915 2299 τε
970 2247 1147 2301 αὐτῶν
1197 2248 1296 2313 τὰς
1344 2250 1568 2320 καρδίας
1619 2254 1683 2323 τῇ

102 2335 433 2409 στερρότητι
485 2340 583 2409 τῆς
624 2340 824 2410 φωνῆς.
876 2340 1054 2412 Πόσην
1095 2335 1187 2395 οὖν
1239 2342 1385 2406 είκὸς
1442 2342 1686 2414 ταραχὴν

104 2430 402 2500 συστῆναι,
454 2431 561 2485 τῶν
610 2431 777 2485 ἐθνῶν
826 2433 1189 2504 διωκομένων,
1239 2436 1335 2488 καὶ
1377 2436 1485 2487 τῶν
1545 2436 1691 2503 βασι-

100 2518 252 2573 λέων
287 2524 365 2583 εἰς
393 2523 568 2594 φυγὴν
606 2524 962 2578 ἐκκλινάντων
982 2541 995 2554 ·
1043 2524 1202 2595 θροῦν
1231 2524 1287 2576 δέ
1314 2541 1435 2577 τινα
1475 2524 1687 2596 ἄσημον

104 2615 210 2665 καὶ
243 2609 375 2684 ἦχον
407 2617 821 2668 ἀκατάπαυστον
864 2618 928 2668 ἐκ
972 2617 1068 2687 τῆς
1107 2615 1547 2688 τεθορυϐημένης
1588 2618 1687 2671 αύ-

103 2703 223 2755 τῶν
272 2706 447 2774 φυγῆς
499 2706 930 2775 ἀναπέμπεσθαι,
983 2708 1159 2761 πάντα
1202 2708 1258 2762 δὲ
1301 2709 1466 2763 τόπον
1506 2710 1685 2783 πλήρη

107 2789 257 2845 εἶναι
306 2793 414 2846 τῶν
462 2795 565 2848 ὑπὸ
603 2796 804 2861 δειλίας
846 2798 1318 2866 φυγαδευθέντων,
1352 2799 1490 2853 ὥστε
1529 2800 1688 2855 σάλον

108 2883 426 2952 ἐγγίνεσθαι
455 2887 725 2955 πανταχοῦ
758 2892 876 2950 ταῖς
908 2890 1325 2960 ὑποδεχομέναις
1370 2894 1566 2957 αὐτοὺς
1594 2894 1690 2946 πό-

108 2973 317 3045 λεσινῆ
354 2973 602 3044 κώμαις;
633 2978 739 3047 Τὴν
771 2979 1024 3050 τοιαύτην
1054 2976 1145 3033 οὖν
1187 2982 1572 3055 παρίστησιτῇ
1603 2985 1689 3038 πό-

112 3064 200 3117 λει
235 3065 327 3117 τοῦ
357 3066 488 3119 Θεοῦ
520 3066 668 3136 παρὰ
694 3066 787 3119 τοῦ
811 3069 1063 3140 Σωτῆρος
1096 3070 1379 3142 ἀντίληψιν
1413 3074 1471 3125 ἐν
1499 3073 1576 3143 τῷ
1605 3073 1690 3127 λέ-

113 3172 271 3222 γειν’
337 3157 777 3227 Ἐταράχθησαν
825 3161 1003 3228 ἔθνη,
1062 3161 1314 3216 ἔκλιναν
1359 3165 1686 3232 βασιλεῖαι,

115 3245 304 3299 ἔδωκε
330 3249 537 3317 φωνὴν
568 3252 754 3306 αὐτοῦ
786 3256 819 3307 ό
849 3254 1164 3323 ’Υψιστος,
1197 3256 1495 3327 ἐσαλεύθη
1526 3259 1564 3327 ἡ
1591 3257 1685 3327 Τῆ-

114 3338 337 3403 Κύριος
389 3338 505 3391 τῶν
550 3341 862 3410 δυνάμεων
901 3348 1029 3414 μεθ’
1086 3347 1282 3416 ἡμῶν,
1319 3349 1691 3420 ἀντιλήπτωρ

116 3426 294 3495 ἡμῶν
325 3431 357 3482 ό
385 3429 526 3495 Θεὸς
560 3432 755 3486 Ἰακώϐ
778 3434 910 3503 (42).
935 3434 1057 3488 Εἷδε
1084 3439 1174 3490 τὸν
1200 3441 1692 3512 ἐνανθρωπήσαντα

118 3519 281 3583 Θεὸν,
312 3516 419 3575 εἶδε
456 3521 548 3575 τὸν
594 3525 656 3576 ἐκ
690 3524 963 3595 Παρθένου
1007 3527 1168 3595 ἁγίας
1197 3531 1524 3601 γεννηθέντα
1565 3535 1692 3605 Ἐμ-

125 3613 401 3685 μανουήλ’
447 3615 474 3668 ὅ
516 3617 630 3669 ἐστι
681 3616 1214 3691 μεθερμηνευόμενον
1260 3624 1400 3677 Μεθ’
1439 3623 1607 3693 ἡμῶν
1661 3628 1693 3678 d

126 3705 303 3768 Θεόςο
351 3707 443 3758 καὶ
494 3706 581 3759 διὰ
611 3707 769 3761 τοῦτο
819 3710 1168 3780 προφητικῶς
1224 3712 1423 3783 ἐκϐοᾷ·
1483 3716 1695 3783 Κύριος

123 3793 248 3845 τῶν
274 3794 581 3864 δυνάμεων
596 3800 723 3868 μεθ’
752 3800 949 3870 ἡμῶνο
983 3802 1225 3868 δεικνὺς,
1252 3805 1332 3857 ὅτι
1376 3799 1527 3868 οὗτός
1551 3809 1694 3859 ἐστιν

124 3888 157 3937 6
178 3887 291 3947 τοῖς
307 3886 475 3953 ἁγίοις
499 3894 801 3961 προφήταις
823 3893 915 3946 καὶ
936 3895 1297 3966 πατριάρχαις
1321 3895 1689 3966 ἐμφανισθείς.

142 3975 542 4046 Ἀντιλήπτωρ
568 3979 770 4047 ἡμῶν,
804 3985 994 4053 φησὶν,
1046 3986 1165 4054 ούχὶ
1197 3985 1353 4050 ἄλλος
1386 3987 1517 4050 Θεὸς
1546 3986 1697 4058 παρὰ

127 4068 224 4119 τὸν
258 4068 357 4120 ὑπὸ
389 4068 495 4122 τῶν
537 4072 827 4141 προφητῶν
862 4075 1284 4146 παραδιδόμενον
1304 4096 1317 4109 ’
1350 4079 1465 4131 ἀλλ’
1505 4081 1532 4133 6
1564 4079 1695 4145 Θεὸς

144 4158 336 4211 Ἰακὼϐ
371 4160 500 4230 (45),
533 4163 560 4214 6
593 4163 649 4215 ἐν
686 4162 763 4233 τῷ
796 4165 1162 4237 χρηματισμῷ
1210 4168 1344 4238 πρὸς
1369 4169 1456 4221 τὸν
1503 4170 1693 4223 ἐαυτοῦ

131 4248 438 4318 θεράποντα
459 4252 785 4323 διαλεχθείς·
832 4255 975 4323 Ἐγώ
1010 4258 1125 4325 εἰμι
1169 4261 1201 4311 ό
1234 4257 1378 4323 Θεὸς
1431 4260 1693 4329 Ἀϐραὰμ,

131 4340 231 4392 καὶ
260 4344 289 4393 ό
319 4342 459 4408 Θεὸς
487 4345 723 4409 Ἰσαὰκ,
752 4347 847 4399 καὶ
882 4351 913 4400 ὁ
945 4348 1087 4415 Θεὸς
1118 4350 1332 4404 Ἰακώϐ.

207 4432 259 4485 7.
278 4434 452 4487 Δεῦτε
475 4436 573 4489 καὶ
597 4437 747 4492 ἴδετε
779 4439 849 4492 τὰ
874 4440 1015 4510 ἔργα
1047 4443 1148 4496 τοῦ
1174 4445 1341 4509 Θεοῦ,
1366 4444 1402 4498 d
1422 4444 1587 4500 ἔθετο
1610 4446 1699 4499 τέ-

1787 1971 2023 2040 gentium
2043 1970 2663 2040 dissipetdispergatque
2679 1970 3095 2033 multitudinem,
3114 1984 3177 2024 ac
3196 1985 3352 2036 reges

1790 2064 1933 2131 ipsos
1966 2064 2020 2118 in
2061 2063 2237 2133 iugam
2271 2071 2476 2129 vertat,
2532 2065 2574 2117 si
2621 2063 2793 2116 solum
2828 2077 2921 2116 eos
2956 2078 3074 2116 cum
3115 2062 3353 2131 potentia

1789 2157 2058 2222 inclamet,
2081 2173 2376 2227 eorumque
2399 2159 2562 2213 corda
2589 2156 2734 2213 vocis
2758 2157 3013 2212 firmitate
3036 2166 3352 2226 perterrent.

1787 2249 2054 2317 Quantam
2097 2250 2258 2319 igitur
2285 2248 2575 2303 verisimile
2609 2260 2689 2303 est
2722 2250 3079 2304 turbatiouem
3105 2248 3352 2308 excitari,

1788 2341 1913 2393 dum
1964 2348 2155 2410 gentes
2208 2336 2481 2409 fugantur,
2519 2348 2571 2392 et
2618 2354 2773 2404 rcges
2821 2340 2872 2392 in
2926 2339 3104 2408 fugam
3136 2348 3358 2393 vertun-

1790 2434 1920 2484 tur?
1952 2432 2163 2500 qualem
2194 2446 2407 2501 quoque
2430 2431 2725 2485 clamorem
2766 2432 3053 2485 confusum
3075 2472 3089 2492 ,
3125 2440 3179 2486 et
3209 2431 3355 2483 soni-

1790 2529 1900 2572 tum
1936 2532 2248 2590 perpetuum
2293 2536 2358 2575 ex
2411 2522 2732 2575 tumultuosa
2788 2520 2999 2575 illorum
3051 2521 3175 2589 fuga
3225 2520 3357 2573 edi?

1789 2610 1977 2666 Nonne
2027 2612 2251 2665 credere
2298 2627 2397 2680 par
2442 2621 2526 2665 est
2562 2611 2737 2665 locum
2772 2628 2986 2666 omnem
3014 2613 3078 2667 iis
3109 2614 3195 2682 qui
3251 2628 3357 2680 pne

1791 2704 1981 2758 timore
2007 2701 2174 2773 fugati
2205 2714 2351 2771 sunt,
2384 2705 2578 2774 repleri
2607 2704 2630 2758 ?
2655 2705 2789 2760 adeo
2817 2715 2873 2757 ut
2907 2706 3103 2775 ubique
3140 2708 3190 2758 in
3218 2704 3358 2757 urhi-

1791 2794 1886 2847 bus
1916 2804 2009 2847 aut
2044 2795 2177 2848 vicis
2211 2809 2306 2849 eos
2358 2794 2753 2864 excipientibus
2800 2794 3067 2849 excitetur
3116 2807 3357 2848 commo-

1793 2886 1887 2938 tio.
1910 2885 2095 2939 Talem
2128 2885 2293 2955 igitur
2317 2901 2465 2954 spem
2503 2887 2706 2941 civitati
2728 2888 2820 2940 Dei
2846 2902 2874 2939 a
2908 2885 3188 2939 Salvatore
3220 2884 3356 2938 dan-

1790 2979 1911 3031 dam
1965 2990 2089 3031 esse
2133 2976 2392 3044 ostendit,
2448 2980 2572 3032 dum
2618 2979 2790 3033 dicit:
2854 2978 3195 3034 Conlurbatae
3240 2989 3358 3031 sunt

1790 3080 1985 3140 gentes,
2016 3070 2273 3124 inclinata
2298 3080 2422 3124 sunt
2446 3088 2625 3141 regna,
2652 3073 2792 3125 dedit
2811 3089 2984 3127 vocem
3011 3090 3161 3126 suam
3190 3072 3359 3125 Altis-

1792 3163 1977 3222 simus,
2012 3171 2271 3216 commota
2310 3173 2387 3217 est
2423 3178 2585 3217 terra.
2621 3163 2782 3218 Vens.
2814 3165 2868 3219 8.
2898 3164 3158 3219 Dominus
3197 3165 3361 3217 uirtu-

1794 3255 2209 3317 lumnobiscum,
2243 3265 2511 3322 susceptor
2558 3266 2734 3308 noster
2781 3255 2924 3310 Deus
2971 3254 3158 3310 Iacob.
3215 3255 3361 3309 Vidit

1796 3344 2129 3398 incarnatum
2162 3344 2351 3409 Deum,
2385 3347 2517 3399 vidit
2546 3362 2609 3401 ex
2638 3356 2828 3403 sancta
2878 3345 3097 3417 Virgine
3123 3348 3359 3418 genitum

1795 3437 2108 3491 Emmanuel
2137 3459 2148 3493 :
2184 3439 2325 3504 quod
2358 3440 2399 3493 si
2434 3440 2560 3507 quis
2610 3439 3021 3508 interpretetur,
3063 3451 3219 3494 sonat
3252 3439 3363 3491 No-

1795 3529 1991 3580 biscum
2027 3527 2162 3581 Deus
2200 3529 2277 3593 ”;
2321 3539 2377 3582 et
2411 3530 2511 3583 hac
2543 3530 2608 3583 de
2629 3546 2791 3583 causa
2835 3531 3148 3599 prophetice
3177 3531 3361 3584 excla-

1797 3632 1907 3673 mat
1935 3637 1948 3672 :
1986 3620 2248 3675 Dominus
2276 3621 2531 3675 uirtutum
2560 3624 2866 3686 nobiscum;
2900 3623 3191 3677 ostendens
3220 3622 3363 3676 hunc

1795 3722 1917 3762 esse
1966 3710 2056 3777 qui
2088 3711 2294 3765 sanctis
2330 3711 2610 3780 prophetis
2648 3712 2899 3781 apparuit
2934 3721 3095 3780 atque
3125 3711 3363 3781 patriar-

1797 3802 1935 3856 chis.
1966 3799 2245 3870 Susceptor
2276 3813 2467 3867 noster,
2504 3803 2704 3872 inquit,
2750 3819 2853 3857 non
2892 3802 3029 3857 alius
3057 3802 3196 3857 Deus
3222 3816 3363 3871 pne-

1800 3906 1881 3949 ter
1906 3910 2027 3948 eum
2058 3893 2151 3962 qui
2186 3895 2419 3948 traditus
2446 3906 2530 3950 est
2560 3911 2588 3948 a
2615 3895 2934 3964 prophetis;
2973 3894 3065 3949 sed
3110 3893 3249 3949 Deus
3271 3891 3364 3945 Ja—

1797 3990 1898 4042 cob
1931 3988 2021 4056 qui
2068 3987 2120 4039 in
2152 3987 2372 4040 oraculo
2423 3986 2489 4041 ad
2519 4003 2733 4042 servum
2772 4004 2929 4042 suum
2979 3989 3123 4042 edito
3152 3987 3362 4041 loeutus

1797 4088 1881 4133 est
1918 4100 1929 4133 :
1964 4080 2076 4147 Ego
2107 4095 2221 4132 sum
2252 4078 2391 4132 Deus
2437 4078 2723 4143 Abraham,
2756 4078 2896 4131 Deus
2929 4078 3103 4141 Isaac,
3140 4090 3186 4131 et
3224 4078 3364 4131 Deus

1795 4170 1962 4225 Jacob
1988 4171 2027 4203 ιε

1875 4444 2032 4515 175
2051 4443 2283 4499 7.V£tts.
2304 4443 2452 4509 9,10.
2479 4441 2657 4496 Venite
2679 4451 2725 4493 et
2748 4443 2910 4495 uidete
2939 4457 3092 4506 opera
3116 4440 3233 4503 Dei,
3250 4447 3365 4508 qua,»

124 4542 281 4592 pata
321 4527 417 4580 ἐπὶ
453 4526 561 4595 τῆς
587 4529 719 4597 γῆς,
772 4534 1141 4601 ἀνταναιρῶν
1184 4536 1485 4605 πολέμους
1522 4537 1690 4606 μέχρι

1799 4540 1973 4605 posuit
1996 4539 2239 4607 prodigia
2270 4553 2427 4606 super
2447 4547 2658 4595 terram,
2697 4534 2936 4602 auferens
2959 4535 3089 4586 bella
3118 4551 3275 4603 usque
3297 4535 3366 4587 ad

135 4616 255 4668 τῶν
284 4618 548 4686 περάτων
574 4619 683 4688 τῆς
718 4622 849 4689 γῆς.
898 4625 1033 4688 Τοὺς
1061 4628 1275 4697 μακρὰν
1313 4628 1471 4692 ὄντας
1492 4630 1585 4682 τοῦ
1612 4629 1690 4681 λό⁴

1803 4630 1932 4699 ﬁnes
1964 4640 2136 4682 terrw.
2176 4629 2301 4691 Eos,
2335 4630 2425 4697 qui
2458 4628 2641 4695 procul
2671 4636 2792 4681 sunt
2819 4642 2847 4679 a
2891 4627 3056 4679 verbo
3084 4625 3325 4678 veritatis
3350 4665 3365 4689 ,

135 4723 233 4772 γου
270 4711 362 4780 τῆς
395 4710 649 4780 ἀληθείας
670 4714 745 4775 είς
770 4714 867 4785 τὴν
902 4714 986 4768 διὰ
1012 4718 1110 4787 τῆς
1150 4720 1495 4787 ἐπιγνώσεως
1533 4721 1697 4790 ἐγγύ-

211 4885 255 4915 "
282 4884 435 4940 Joan.
462 4888 610 4953 x1,9,
652 4889 739 4945 10.
819 4891 859 4922 "
894 4890 1083 4949 Matth.
1119 4910 1159 4958 ι,
1181 4894 1273 4949 25.
1354 4894 1396 4926 ³⁸
1426 4896 1593 4953 Exod.
1633 4913 1715 4963 ιιι,
1741 4897 1773 4952 6

210 5024 319 5103 (69)
354 5023 466 5079 Vox
502 5029 646 5099 πρωῒ
672 5032 843 5103 semel
891 5032 1149 5087 duntaxat
1205 5036 1401 5102 legitur
1441 5037 1493 5090 in
1536 5038 1693 5093 editis

141 5101 285 5176 etum
314 5101 755 5176 iussnuuunnllis
787 5119 799 5155 :
840 5104 932 5176 sed
962 5103 1057 5176 bis;
1078 5101 1341 5176 scribitur
1381 5108 1431 5158 in
1461 5118 1695 5174 quatuor

143 5166 280 5247 aliis.
310 5165 568 5247 Hoc'ipso
593 5169 819 5247 in‘locoA
844 5173 1007 5247 editio
1031 5173 1269 5247 Parisa6
1296 5179 1361 5247 τῇ
1410 5165 1549 5231 κατὰ
1600 5176 1693 5229 τοῦ

144 5234 365 5287 θανάτου
397 5234 520 5307 νίκῃ
538 5238 745 5307 πρωΐαν
760 5244 823 5311 τῇ
857 5243 1034 5315 τρίτῃ,
1065 5252 1167 5299 etc.
1196 5245 1298 5309 Qui
1320 5234 1409 5313 per
1428 5248 1695 5301 uictoriam

146 5320 207 5357 e1:
248 5318 407 5359 morte
447 5317 769 5373 reportatum
804 5316 955 5365 tertia
985 5318 1380 5369 resurrectionis
1409 5319 1493 5371 die
1526 5327 1695 5369 matu-

146 5376 308 5455 tinum
340 5384 536 5444 tempus
565 5378 757 5446 eﬂ'ecit.
798 5381 867 5455 ᾼ)
891 5382 1334 5455 --Βεείἰγιενιίιια
1370 5398 1597 5455 quartus
1638 5397 1692 5440 et

147 5450 361 5526 quintus
389 5461 492 5501 non
517 5459 686 5526 secus
714 5466 777 5503 ac
808 5450 1357 5526 Colberiiniprimus,
1386 5450 1604 5526 quintus
1640 5465 1693 5509 et

149 5524 332 5591 sextus
356 5528 476 5591 eum
512 5516 764 5591 Coislaet
818 5535 937 5575 cum
976 5516 1204 5589 quadam
1247 5516 1419 5591 quani
1464 5527 1693 5580 Ducaeus

150 5582 326 5664 laudat
353 5583 575 5664 catena,
600 5595 656 5640 ut
694 5589 745 5664 in
778 5582 1050 5664 contextu.
1083 5592 1189 5646 Nec
1220 5582 1378 5649 aliter
1416 5596 1613 5664 legitur
1643 5597 1693 5647 in

150 5653 377 5734 editione
402 5653 568 5734 Dasil.
598 5667 650 5710 et
699 5658 750 5711 in
784 5660 985 5734 Regiis
1009 5665 1244 5715 secundo
1291 5677 1344 5717 et
1386 5653 1557 5727 sexio,
1594 5666 1692 5723 nisi

149 5723 281 5806 quod
308 5723 651 5806 bi'librinpro
679 5723 1132 5806 rtpwta'babettnt
1157 5734 1335 5806 πρωϊ.
1360 5736 1512 5806 Apud

149 5804 321 5850 autem
346 5796 425 5853 sic
461 5796 663 5856 editqu
687 5796 1013 5867 invenimus,
1052 5796 1305 5867 ϐοηθήσει
1340 5796 1476 5868 αὐτῆ
1508 5808 1535 5859 6
1565 5805 1697 5867 Θεὸς

1807 4720 2087 4789 Scriptura
2127 4718 2318 4772 invitat
2361 4727 2419 4771 ut
2457 4717 2523 4771 ad
2564 4732 2682 4771 eam
2720 4730 2814 4786 per
2848 4715 3209 4785 cognitionem
3242 4728 3367 4783 pro-

1802 5035 1881 5109 τῷ
1908 5035 2204 5107 προσώπῳ,
2237 5034 2503 5102 adjuvabit
2535 5050 2648 5087 eam
2678 5032 2817 5085 Deus
2838 5032 3010 5085 vultu.

1878 5107 1989 5179 (40),
2014 5107 2105 5179 Sic
2129 5106 2260 5179 iteg.
2292 5106 2826 5179 secundus,_tert_ius,
2854 5112 3078 5171 quartus
3103 5111 3157 5179 et
3184 5112 3367 5156 sextus

1806 5171 1925 5238 eum
1956 5171 2110 5231 Colh.
2152 5171 2345 5243 primo.
2384 5174 2521 5227 Editi
2554 5173 2660 5226 τῶν
2702 5171 3259 5244 ἐπιστρατευομένων.

1879 5247 1988 5314 (41)
2018 5246 2195 5299 Edilio
2228 5246 2391 5297 Uasil.
2424 5254 2479 5297 et
2510 5262 2639 5299 mss.
2676 5243 2910 5297 nonnulli
2943 5243 3225 5313 ἐκϐοῆσαι.

1880 5309 1988 5385 (42)
2022 5316 2209 5369 Nostra
2242 5317 2406 5369 editio
2442 5315 2612 5370 Paris.
2671 5331 2788 5368 cum
2836 5318 3045 5368 duobus
3092 5309 3367 5385 inss._Re-

1798 5380 1899 5455 giié
1934 5380 2428 5457 ἐνανθρωπίσαντα.
2465 5390 2534 5439 At
2563 5385 2795 5455 quinque
2820 5386 2907 5438 alii
2940 5398 3071 5437 mss.
3104 5380 3367 5452 ἐνανθρω·

1799 5474 2140 5600 ﬁifis‘itit'eg.
2163 5526 2431 5600 secundus
2468 5525 2653 5600 αντιλή
2667 5542 2812 5600 πτωρ
2839 5524 2997 5600 ἡμῶν
3015 5524 3057 5600 ’ὁ
3089 5520 3219 5582 Θεὸς
3256 5520 3365 5600 Ἰτατ

1802 5588 2141 5670 κώϐδούχί.
2192 5598 2388 5670 Ibidem
2445 5596 2568 5650 editi
2605 5588 3210 5670 ἡμῖν-παραδιδόμενον.
3264 5588 3366 5670 Ubi

1802 5666 2197 5721 observandum
2251 5667 2480 5739 primum
2513 5680 2697 5717 vocem
2734 5666 2866 5739 ημῖν
2902 5666 2953 5717 in
3008 5666 3210 5739 nostris
3242 5669 3365 5739 oeto

1806 5753 1937 5791 mss.
1975 5739 2158 5791 deesse
2194 5755 2206 5790 :
2240 5730 2430 5806 deinde
2467 5730 3067 5806 prompao'tbépsvovin
3092 5730 3364 5787 codicibus

1804 5807 2076 5863 nonnullis
2108 5807 2209 5870 legi
2237 5804 2682 5872 παραδεδομένον,
