4068 6318
751 371 850 419 4ϊῖ

2072 368 2127 412 δ.
2160 366 2402 412 βΑδιιιιι
2441 365 2651 411 MAle

3863 370 3952 421 ΕΑ

747 479 866 544 pius
897 475 1177 539 accedunt,
1211 477 1397 532 dicens
1428 495 1441 529 :
1500 476 1678 532 Venite
1716 487 1764 532 et
1793 478 1976 533 videte.
2026 477 2292 544 Quemad-

2394 491 2530 544 τητα
2565 479 2946 548 προσκαλεῖται
2979 481 3006 531 ὁ
3036 478 3189 546 λόγος
3221 481 3391 549 λέγων
3412 497 3423 511 ⁸
3456 481 3632 534 Δεῦτε
3652 482 3753 535 καὶ
3791 482 3950 536 Mere.

749 570 963 624 modum
996 569 1138 623 enim
1167 570 1218 622 in
1248 570 1525 640 corporeis
1555 572 1744 635 oculis,
1785 573 2062 628 intervalla
2105 585 2297 641 magna

750 661 1035 714 obscuram
1068 662 1298 715 reddunt
1330 675 1516 716 eorum
1550 678 1666 731 qua:
1707 665 1807 718 sub
1839 673 2183 732 conSpectum
2215 678 2300 716 ca-

747 755 879 805 dunt
900 752 1432 822 comprehensionem
1454 774 1466 820 ;
1496 767 1678 809 contra
1703 757 1939 812 accessio
1958 755 2296 820 intuentium,

745 843 1091 909 conspicuam
1149 843 1319 897 reddit
1350 859 1528 897 rerum
1567 846 1904 900 visendarum
1925 846 2250 914 agnitionem
2283 863 2294 897 :

746 934 823 984 sic
847 934 1007 985 etiam
1036 933 1087 986 in
1117 935 1309 989 mentis
1337 935 1805 1005 contemplatione,
1833 935 1921 1002 qui
1941 950 1997 990 se
2021 947 2112 1004 per
2135 949 2297 1001 opera

743 1019 862 1076 Deo
893 1037 993 1076 non
1022 1022 1312 1094 conjungit,
1351 1041 1447 1079 nec
1481 1029 1890 1096 apprOpinquat,
1941 1041 2102 1098 Opera
2157 1025 2300 1081 illius

747 1111 896 1178 puris
929 1116 1122 1168 mentis
1152 1115 1324 1170 oculis
1379 1119 1558 1174 videre
1592 1135 1691 1172 non
1739 1130 1932 1187 potest.
1983 1121 2182 1175 Idcirco
2209 1135 2298 1172 ve-

749 1220 782 1255 n
814 1215 883 1270 te,
919 1206 1346 1276 appropinquate
1371 1213 1518 1280 prius
1544 1227 1557 1272 ;
1592 1209 1784 1266 deinde
1813 1213 1989 1267 videte
2008 1227 2168 1282 opera
2192 1210 2294 1266 Do-

750 1296 904 1362 mini,
937 1298 1243 1371 prodigiosa
1276 1317 1403 1356 sane
1436 1312 1490 1355 et
1517 1302 1820 1372 mirabilia;
1867 1305 2059 1374 quibus
2086 1305 2296 1374 percul-

749 1403 838 1440 Sus
877 1398 1085 1458 gentes,
1119 1407 1315 1458 easque
1337 1401 1493 1446 antea
1527 1393 1751 1450 hostiles
1783 1406 1838 1452 et
1868 1397 2169 1458 seditiosas,
2230 1399 2295 1449 ad

745 1479 978 1542 quietem
1020 1482 1308 1535 transtulit.
1348 1480 1545 1550 Venite,
1573 1487 1696 1555 ﬁlii,
1720 1488 1896 1540 audite
1933 1489 2109 1552 me”;
2147 1490 2294 1549 item,

754 1566 932 1624 Venite
963 1587 1134 1626 omnes
1175 1575 1263 1642 qui
1313 1575 1588 1644 laboratis,
1630 1590 1676 1633 et
1703 1577 1906 1631 onerati
1939 1580 2061 1632 estis
2094 1580 2159 1634 '°.
2193 1580 2295 1633 Pa-

746 1670 900 1714 terna
938 1676 1041 1717 vox
1068 1674 1170 1729 est,
1215 1671 1469 1737 expansis
1513 1671 1650 1724 ulnis
1691 1671 1758 1723 ad
1804 1685 1864 1726 se
1896 1671 2173 1728 invitantis
2205 1689 2296 1728 eos

745 1748 837 1815 qui
877 1750 1138 1810 hactenus
1191 1759 1423 1814 rebelles
1480 1759 1651 1815 fuere.
1693 1760 1795 1826 Qui
1854 1762 2018 1832 igitur
2063 1763 2298 1818 audierit

745 1844 1106 1909 vocationem,
1141 1850 1771 1922 appropinquaveritque
1813 1827 2178 1924 et-imperanti
2213 1860 2301 1912 ad-
2330 1827 2371 1881 Β

749 1932 986 1996 haeserit,
1012 1935 1057 1987 is
1088 1949 1208 1988 eum
1245 1939 1456 1992 visurus
1483 1948 1565 1994 est
1591 1943 1680 2012 qui
1721 1953 1911 1999 cuneta
1950 1961 2048 2016 per
2082 1963 2296 2003 crucem

746 2021 1066 2088 paciﬁcavit.
1105 2023 1224 2081 Sive
1269 2045 1384 2097 qua:
1420 2031 1475 2083 in
1507 2041 1646 2086 terra
1681 2044 1821 2101 sunt,
1847 2037 1949 2089 sive
1983 2055 2097 2106 quae
2120 2041 2172 2092 in
2201 2057 2298 2092 coe-

746 2114 810 2163 lis
839 2113 906 2166 ²¹.
936 2115 1128 2170 Arcum
1172 2128 1419 2183 conteret,
1456 2133 1503 2174 et
1537 2125 1824 2193 confringet
1862 2144 2030 2193 arma,
2072 2139 2118 2183 et
2152 2141 2296 2184 scuta

745 2205 1008 2260 combnret
1039 2209 1166 2276 igni.
1195 2207 1357 2264 Vides
1375 2213 1655 2280 paciﬁcum
1694 2217 1928 2271 animum
1953 2219 2162 2274 Domini
2191 2223 2297 2275 vir-

748 2303 942 2360 tutum,
976 2299 1117 2365 quod
1147 2299 1442 2358 invisibiles
1485 2304 1755 2373 legionum
1807 2309 2170 2378 angelicarnm
2199 2329 2296 2381 po-

749 2395 968 2442 .estates
1000 2405 1182 2445 secum
1214 2392 1438 2447 habeat?
1468 2392 1629 2450 Vides
1654 2397 2020 2454 fortitudinem
2056 2403 2215 2457 simul
2244 2414 2297 2458 et

747 2481 1133 2538 humanitatem
1162 2488 1356 2541 summi
1387 2490 1540 2545 ducis
1571 2492 1876 2548 virtutum?
1904 2497 1994 2564 qui
2025 2511 2154 2551 sane
2189 2498 2294 2551 Do-

749 2573 922 2627 minus
949 2590 1068 2628 cum
1098 2577 1168 2630 sit
1201 2579 1479 2644 virtutum,
1522 2598 1582 2637 ac
1615 2599 1803 2640 omnes
1841 2587 2107 2656 legionum
2141 2604 2297 2657 ange-

743 2665 970 2720 licarum
1013 2677 1216 2724 turmas
1251 2671 1460 2736 haheat,
1498 2689 1759 2743 nusquam
1784 2689 1959 2734 tamen
1991 2682 2151 2735 ullum
2179 2685 2294 2736 vul-

745 2765 900 2810 nerat
927 2759 1380 2827 adversariorum,
1417 2767 1683 2820 neminem
1717 2772 2042 2838 prosternit,
2081 2775 2295 2840 attingit

745 2849 1053 2906 neminem:
1110 2857 1203 2908 sed
1253 2871 1410 2911 arcus
1465 2860 1693 2915 conterit
1748 2871 1802 2916 et
1845 2877 2016 2929 arma,
2045 2881 2106 2921 ac
2143 2878 2292 2921 scuta

744 2942 1012 2996 comburit
1043 2944 1094 2997 in
1149 2946 1289 3014 igne.
1323 2951 1521 3005 Arcum
1562 2953 1775 3019 quidem
1806 2956 2054 3022 conterit,
2095 2969 2149 3011 ut
2191 2974 2291 3012 non

746 3031 971 3099 amplius
1006 3035 1165 3102 ignita
1201 3039 1300 3091 tela
1339 3055 1432 3108 per
1473 3056 1566 3095 eos
1589 3045 1904 3097 emittantur
1935 3063 1949 3098 :
1987 3048 2294 3117 confringet

2404 570 2608 639 Ὠσπερ
2635 570 2738 639 γὰρ
2775 571 3002 624 ἐπὶτῶν
3048 575 3370 642 σωματικῶν
3418 574 3709 643 ὀφθαλμῶν
3763 579 3822 629 αι

2400 659 2491 710 ἐπὶ
2526 659 2655 712 πολὺ
2687 661 3006 723 ἀποστάσεις
3039 662 3282 732 ἀμυδρὰν
3315 664 3521 719 ποιοῦσι
3553 666 3652 735 τὴν
3685 666 3802 716 τῶν
3835 671 3954 736 ὀρω-

2403 750 2575 820 μένων
2601 752 2918 820 κατάληψιν,
2958 755 3006 806 οἱ
3032 752 3087 805 δὲ
3122 760 3511 826 προσεγγισμοὶ
3547 758 3656 810 τῶν
3697 756 3952 823 θεωρῶ.-

2397 860 2503 896 των
2549 843 2750 914 ἐναργῆ
2796 846 3114 916 παρέχονται
3158 846 3264 898 τῶν
3305 845 3647 918 βλεπομένων
3704 848 3822 917 (44)
3866 850 3951 914 τὴν

2399 935 2716 1002 ἐπίγνωσιν·
2748 935 2888 988 οὕτω
2915 940 3003 991 καὶ
3055 939 3145 992 ἐπὶ
3185 938 3291 991 τῶν
3335 939 3474 991 κατὰ
3506 941 3630 994 γοῦν
3680 943 3950 1011 θεωρημα-

2399 1045 2523 1088 των,
2553 1029 2580 1079 ὁ
2615 1028 2687 1098 μὴ
2719 1027 2805 1080 διὰ
2834 1025 2941 1079 τῶν
2974 1028 3148 1098 ἔργων
3179 1030 3473 1091 οίκειωθεὶς
3512 1032 3605 1082 καὶ
3657 1033 3948 1101 πλησιάσας

2399 1119 2516 1189 Θεῷ
2534 1121 2658 1172 ἰδεῖν
2679 1121 2744 1172 τὰ
2761 1119 2894 1190 ἔργα
2922 1119 3082 1171 αὐτοῦ
3096 1121 3348 1193 καθαροῖς
3370 1122 3480 1183 τοῖς
3496 1121 3734 1183 διανοίας
3761 1124 3945 1189 @811-

2403 1212 2520 1279 μοῖς
2562 1210 2621 1262 οὐ
2667 1211 2903 1264 δύναται.
2953 1209 3052 1261 Δια
3095 1210 3266 1276 τοῦτο,
3315 1211 3509 1274 Δεῦτε,
3561 1214 3946 1279 προσεγγίσατε

2401 1301 2658 1372 πρότερον
2694 1301 2825 1372 (45),
2867 1295 2984 1354 εἶτα
3026 1302 3159 1352 ἴδετε
3195 1301 3262 1354 τὰ
3288 1303 3421 1374 ἔργα
3455 1300 3660 1371 Κυρίου
3705 1305 3947 1370 τεράστια

2399 1390 2526 1444 ὄντα
2552 1393 2642 1443 καὶ
2675 1390 2946 1463 παράδοξα
2969 1406 2982 1419 °
3033 1391 3120 1458 ὑφ’
3153 1382 3227 1443 ὦν
3268 1392 3688 1460 καταπλαγέντα
3727 1391 3796 1440 τα

2399 1498 2550 1550 τερον
2576 1482 2805 1551 πολέμια
2839 1481 2931 1534 καὶ
2961 1479 3224 1550 στασιώδη
3255 1481 3378 1552 εθνη
3414 1484 3549 1554 πρὸς
3578 1481 3813 1553 ἡσυχίαν
3834 1498 3942 1548 μετ-

2399 1572 2576 1626 έϐαλε.
2631 1575 2826 1637 Δεῦτε,
2874 1571 3072 1636 τέκνα,
3118 1571 3415 1627 ἀκούσατέ
3442 1593 3593 1643 μου·
3633 1574 3752 1635 καὶ,
3787 1572 3944 1625 Δεῖ-τε

2399 1666 2617 1732 πάντες
2638 1671 2690 1720 οἱ
2715 1663 3056 1733 κοπιῶντες,
3081 1667 3177 1720 καὶ
3206 1669 3688 1736 πεφορτισμένοι.
3715 1667 3943 1734 [ἰατρικὴ

2399 1759 2432 1828 ἡ
2468 1758 2636 1825 φωνὴν
2674 1757 3016 1826 ήπλωμέναις
3045 1757 3308 1826 ἀγκάλαις
3335 1757 3468 1827 πρὸς
3497 1760 3694 1810 ἑαυτὸν
3734 1754 3945 1809 καλοῦ-ι-

2397 1866 2485 1910 τος
2512 1848 2634 1909 τοὺς
2657 1847 2789 1910 τέως
2809 1849 3214 1918 ἀφηνιάζοντας.
3251 1848 3305 1902 '0
3325 1845 3416 1901 οὖν
3442 1850 3686 1912 ἀκούσας
3711 1850 3810 1918 τῆς
3831 1846 3947 1915 κλή-

2399 1957 2552 2002 σεως,
2584 1940 2676 1992 καὶ
2721 1941 2975 2008 ἐγγίσας,
3013 1940 3102 1993 καὶ
3136 1941 3412 2010 κολληθε“ις
3455 1942 3532 2011 τῷ
3569 1942 3944 2010 προστάξαντι,

2397 2035 2582 2103 ὄψεται
2625 2032 2712 2086 τὸν
2751 2034 3226 2106 είρηνοποιήσαντα
3257 2034 3323 2086 τὰ
3349 2035 3521 2086 πάντα
3547 2035 3638 2085 διὰ
3668 2033 3764 2084 τοῦ
3797 2051 3942 2084 σταυ-

2399 2125 2513 2197 ροῦ,
2537 2127 2670 2178 Εἴτε
2688 2126 2758 2179 τὰ
2782 2125 2876 2178 ἐπὶ
2901 2123 3004 2193 τῆς
3022 2124 3153 2194 γῆς,
3178 2125 3295 2178 εἴτε
3319 2127 3390 2177 τὰ
3411 2125 3480 2177 ἐν
3502 2124 3626 2190 τοῖς
3653 2123 3942 2191 οὐρανοῖς.

2403 2215 2585 2276 Τόξον
2605 2217 2940 2282 συντρίψει,
2979 2216 3077 2269 καὶ
3098 2215 3429 2270 συνθλάσει
3456 2213 3566 2284 (46)
3600 2215 3819 2277 ὅπλον,
3858 2213 3944 2267 καὶ

2397 2306 2641 2373 θυρεοὺς
2667 2307 3024 2359 κατακαύσει
3070 2306 3138 2357 ἐν
3178 2309 3338 2374 πυρί.
3393 2310 3551 2379 Ὁρᾷς
3586 2308 3649 2361 τὸ
3690 2308 3949 2378 εἰρηνικὸν

2398 2397 2600 2468 Κυρίου
2637 2396 2744 2448 τῶν
2783 2395 3080 2464 δυνάμεων,
3126 2396 3205 2452 ὅτι
3238 2396 3374 2464 ἔχων
3413 2398 3527 2464 μεθ’
3559 2397 3759 2449 ἑαυτοῦ
3796 2399 3940 2463 ἀορά-

2396 2509 2519 2554 τους
2552 2490 2805 2559 δυνάμεις
2849 2487 3147 2556 ἀγγελικῶν
3185 2487 3527 2553 καταλόγων;
3574 2489 3742 2557 Ὀρᾷς
3772 2489 3832 2538 τὸ
3863 2489 3944 2538 ἁν-

2395 2583 2567 2652 δρεῖον
2625 2581 2759 2652 ὁμοῦ
2809 2581 2902 2634 καὶ
2945 2579 3312 2649 φιλάνθρωπον
3361 2578 3450 2630 τοῦ
3515 2579 3946 2648 ἀρχιστρατήγου

2393 2674 2502 2726 τῶν
2533 2674 2846 2744 δυνάμεων;
2873 2674 2930 2735 ὃς
2957 2689 3041 2740 γε,
3070 2669 3266 2741 Κύριος
3291 2670 3364 2722 ὢν
3393 2668 3498 2721 τῶν
3522 2669 3832 2739 δυνάμεων,
3866 2670 3949 2719 καὶ

2395 2768 2573 2820 πάντα
2619 2768 2755 2836 ἔχων
2792 2767 2856 2820 τὰ
2891 2767 3206 2835 συστήματα
3243 2764 3350 2818 τῶν
3390 2764 3700 2833 ἀγγελικῶν
3732 2760 3946 2815 καταλέ-

2395 2877 2522 2927 γων,
2547 2859 2778 2928 οὐδαμοῦ
2807 2876 2925 2910 τινα
2952 2857 3239 2927 τιτρώσκει
3275 2857 3381 2909 τῶν
3427 2853 3729 2925 πολεμίων,
3773 2853 3946 2903 οὐδένα

2395 2951 2715 3004 καταϐάλλει
2750 2951 2879 3019 (47),
2905 2948 3114 3012 οὐδενὸς
3138 2949 3394 3002 ἅπτεται·
3428 2948 3561 3000 ἀλλὰ
3589 2947 3720 3008 τόξα
3749 2961 3948 3011 συντρι-

2394 3040 2497 3102 6ει,
2526 3041 2618 3092 καὶ
2648 3040 2804 3101 ὅπλα,
2834 3040 2925 3092 καὶ
2955 3039 3177 3109 θυρεοὺς
3206 3039 3488 3091 κατακαίει
3519 3038 3578 3086 ὲν
3609 3036 3767 3102 πυρί.
3798 3035 3946 3096 nam

745 3134 920 3179 autem
943 3129 1326 3199 arma,quibus
1344 3132 1586 3186 cominus
1614 3145 1896 3205 pugnatur,
1931 3147 1987 3192 ut
2015 3142 2104 3207 qui
2130 3157 2292 3211 prepe

2398 3133 2492 3204 μὲν
2537 3133 2839 3204 συντρίϐει,
2893 3131 3029 3184 ὥστε
3074 3131 3263 3202 μηκέτι
3300 3130 3366 3182 τὰ
3414 3130 3789 3198 πεπυρωμένα
3829 3128 3946 3196 βέλη

745 3227 891 3284 sunt,
928 3218 1134 3276 insidiis
1184 3223 1371 3291 petiti,
1415 3223 1630 3280 vulnera
1679 3229 1916 3299 recipere
1952 3245 2290 3304 nequaquam

741 3306 971 3372 possint.
1023 3307 1090 3360 Et
1141 3321 1289 3363 scuta
1334 3312 1598 3368 comburet
1632 3316 1758 3384 igni,
1794 3319 2132 3379 adversarios
2169 3342 2291 3395 spo-

744 3394 884 3448 lians
935 3397 1050 3450 suis
1106 3401 1476 3469 munimentis,
1532 3413 1690 3472 atque
1741 3407 2081 3467 inimicorum
2116 3394 2288 3484 gratia

740 3485 920 3538 omnia
952 3486 1172 3544 faciens.

810 3765 863 3809 δ.
943 3771 1056 3809 ens.
1100 3758 1184 3810 Η.
1223 3757 1416 3814 Vacate
1451 3769 1499 3815 et
1529 3763 1713 3828 videte,
1757 3768 2002 3834 quoniam
2043 3785 2134 3838 ego
2171 3787 2284 3823 sum

743 3846 903 3901 Deus.
939 3849 1184 3914 Quandiu
1219 3852 1432 3920 quidem
1486 3854 1675 3910 alienis
1723 3872 1751 3910 a
1794 3858 1900 3912 Deo
1936 3863 2093 3913 rebus
2129 3877 2288 3914 vaca-

741 3955 882 4004 mus,
920 3940 1012 3993 Dei
1047 3943 1290 3994 notitiam
1338 3947 1610 4014 suscipere
1665 3964 1767 4003 non
1819 3965 2118 4018 possumus.
2155 3954 2283 4018 Quis

740 4029 885 4081 enim
922 4031 987 4083 de
1010 4033 1189 4086 mundi
1220 4036 1377 4088 rebus
1410 4037 1695 4102 sollicitus,
1727 4056 1790 4094 ac
1816 4042 2139 4113 immergens
2163 4061 2283 4098 sese

737 4120 915 4175 carnis
944 4125 1405 4193 occupationibus,
1434 4140 1597 4196 queat
1647 4134 1828 4188 verbis
1869 4133 1962 4189 Dei
1989 4139 2285 4200 attendere.

738 4226 900 4280 atque
924 4221 1086 4266 totae
1117 4216 1274 4268 tantis
1300 4217 1457 4271 rebus
1481 4232 1732 4276 accurate
1754 4223 2145 4296 diligenterque
2167 4246 2289 4298 spe-

737 4303 980 4358 culandis
1010 4318 1106 4372 par
1128 4306 1282 4359 esse?
1330 4307 1444 4360 Non
1475 4309 1644 4374 vides,
1697 4313 1974 4382 delapsum
2020 4319 2071 4370 in
2103 4322 2285 4387 spinas

736 4395 958 4450 verbum
987 4401 1158 4469 spinis
1185 4400 1429 4455 suﬂ‘ocari
1454 4401 1476 4454 ?
1506 4402 1682 4471 Spina:
1728 4418 1905 4460 autem
1941 4420 2062 4462 sunt
2104 4413 2282 4466 carnis

2394 3226 2769 3297 ἐκπέμπεσθαι
2796 3227 2860 3279 δι’
2893 3225 3068 3278 αὐτῶν
3090 3241 3101 3252 ·
3138 3222 3272 3275 ὅπλα
3321 3221 3375 3274 δὲ
3412 3222 3703 3274 συνθλάσει
3750 3221 3852 3286 (48)
3886 3221 3946 3270 τὰ

2393 3321 2696 3388 ἀγχέμαχα,
2722 3320 2795 3380 ὡς
2824 3317 2896 3387 μὴ
2927 3315 3180 3370 δύνασθαι
3207 3316 3328 3379 τοὺς
3369 3314 3636 3383 σύνεγγυς
3665 3314 3950 3384 τραύματα

2389 3411 2635 3481 δέχεσθαι
2661 3411 3189 3483 ἐπιϐουλευομένους.
3225 3415 3330 3467 Καὶ
3360 3415 3585 3484 θυρεοὺς
3615 3410 3948 3464 κατακαύσει

2391 3506 2444 3556 ἐν
2475 3505 2623 3574 πυρὶ,
2667 3505 2886 3575 γυμνῶν
2933 3508 3056 3569 τοὺς
3100 3505 3496 3574 ἀντικειμένους
3672 3503 3783 3555 τῶν
3826 3520 3949 3572 προ-

2390 3595 2698 3665 ϐλημάτων,
2746 3599 2836 3650 καὶ
2890 3599 3064 3651 πάντα
3118 3599 3202 3648 ἐπ’
3249 3595 3532 3664 εὐεργεσίᾳ
3581 3594 3692 3644 τῶν
3747 3594 3946 3663 ἐχθρῶν

2389 3689 2641 3757 ἐνεργῶν.

2457 3781 2508 3832 8.
2530 3783 2573 3832 Σ
2577 3779 2873 3845 κολάσατε
2893 3777 2987 3830 καὶ
3006 3777 3202 3846 γνῶτε,
3229 3777 3314 3830 ὅτι
3463 3780 3576 3845 εἶμι
3597 3783 3630 3830 ὁ
3651 3779 3822 3839 Θεός.
3841 3777 3945 3840 Ἐ;“

2387 3868 2506 3918 ὅσον
2543 3867 2636 3934 μὲν
2679 3869 2785 3928 τοῖς
2829 3865 2930 3931 ἔξω
2962 3865 3094 3916 Θεοῦ
3141 3863 3464 3934 σχολάζομεν
3510 3865 3864 3931 πράγμασιν,
3893 3863 3946 3912 οι

2385 3959 2654 4026 δυνάμεθα
2694 3957 2936 4028 χωρῆσαι
2963 3955 3159 4024 γνῶσιν
3191 3954 3342 4008 Θεοῦ.
3376 3957 3470 4017 Τίς
3511 3957 3617 4022 γὰρ
3667 3954 3946 4025 μεριμνῶν

2386 4050 2453 4102 τὰ
2493 4049 2584 4101 τοῦ
2616 4049 2852 4119 κόσμου,
2889 4049 2982 4100 καὶ
3021 4046 3336 4117 ὲμὸαθύνων
3387 4051 3496 4110 τοῖς
3537 4049 3946 4116 περισπασμοῑς

2386 4144 2482 4212 τῆς
2513 4141 2728 4212 σαρκὸς,
2753 4141 2968 4194 δύναται
2989 4142 3098 4203 τοῖς
3123 4141 3246 4210 περὶ
3266 4139 3400 4192 Θεοῦ
3428 4140 3600 4206 λόγοις
3632 4141 3944 4210 προπέκειν·

2388 4237 2478 4287 καὶ
2502 4237 2564 4305 τῇ
2591 4234 2841 4304 ἀκριϐείᾳ
2863 4233 2964 4285 τῶν
2987 4231 3310 4302 τηλικούτων
3333 4232 3696 4301 θεωρημάτων
3719 4232 3943 4301 ἀρκεῖνς

2388 4329 2495 4394 Οὐχ
2521 4328 2668 4396 ὁρᾷς,
2701 4327 2780 4377 ὅτι
2810 4327 2836 4376 ὁ
2862 4326 2939 4384 είς
2976 4323 3072 4384 τὰς
3101 4323 3334 4386 ἀκάνθας
3364 4322 3613 4391 ἐμπεσὼν
3651 4323 3821 4390 λόγος

2385 4417 2488 4466 τῶν
2516 4416 2762 4468 ἀκανθῶν
2794 4416 3178 4482 συμπνίγεταις
3220 4414 3479 4466 Ἀκανθαι
3508 4414 3561 4465 δέ
3589 4415 3727 4464 εἰσιν
3767 4413 3946 4482 ἡδοναὶ

737 4488 1056 4557 \oluptates,
1108 4500 1161 4543 et
1207 4492 1424 4553 divitiae.
1462 4505 1515 4546 et
1545 4496 1733 4561 gloria,
1770 4507 1823 4551 et
1853 4514 1928 4552 ea:
1956 4516 2074 4568 qum
2108 4503 2172 4554 ad
2205 4503 2283 4555 vi-

2392 4506 2606 4576 σαρκὸς,
2635 4507 2724 4557 καὶ
2752 4504 2974 4567 πλοῦτος
2999 4504 3088 4556 καὶ
3109 4503 3252 4567 δόξα,
3275 4505 3364 4556 καὶ
3386 4504 3628 4573 βιωτικαὶ
3653 4503 3941 4572 μέριμναι.

737 4588 842 4630 tam
887 4580 1156 4646 pertinent
1196 4599 1338 4637 curas
1387 4586 1451 4637 ’³.
1482 4586 1743 4641 Caeterum
1789 4591 1853 4642 ab
1910 4592 1995 4646 his
2037 4595 2284 4650 omnibus

735 4671 1026 4726 alienatum
1051 4689 1170 4728 esse
1194 4678 1466 4743 oportebit
1495 4694 1639 4745 eum,
1671 4682 1757 4747 qui
1799 4682 1890 4736 Dei
1924 4687 2281 4753 cognitionem

734 4759 997 4812 desiderat
1020 4776 1035 4825 ;
1058 4771 1110 4813 et
1133 4763 1217 4815 ubi
1249 4767 1520 4819 vacaverit
1547 4768 1612 4819 ab
1641 4769 1939 4836 atfectibus,
1973 4775 2044 4828 ita
2069 4777 2280 4830 demum

733 4850 822 4902 Dei
860 4852 1097 4918 recipere
1135 4855 1515 4921 cognitionem.
1547 4858 1819 4922 Quomodo
1862 4865 2001 4917 enim
2045 4868 2275 4921 animam

729 4955 758 4992 a
791 4943 984 4996 mentis
1022 4946 1423 5016 evagationibus
1447 4963 1503 5001 se
1530 4955 2023 5021 praeoccupantibus
2053 4973 2274 5027 oppres-

824 5189 844 5218 ’
872 5187 1010 5247 Psal.
1041 5206 1231 5257 χχχιιι,
1268 5193 1351 5246 12.
1429 5197 1472 5225 ¹⁰
1507 5195 1692 5252 Matth.
1729 5214 1805 5265 ιιι,
1838 5201 1927 5257 28.

796 5393 907 5461 (M)
948 5393 1021 5448 lta
1080 5411 1208 5454 mss.
1263 5405 1486 5464 septem.
1533 5397 1672 5451 Editi
1731 5416 1856 5455 vero
1909 5401 2016 5454 τῶν
2067 5403 2274 5476 θεωμέ-

724 5477 850 5515 νων.

1104 5534 1330 5612 πρῶτον.
1360 5535 1592 5612 Atnmss.
1627 5548 1826 5612 septem
1856 5541 2136 5612 πρότερον.

797 5602 905 5671 (46)
944 5602 1121 5667 Εόίιίο,
1157 5606 1322 5679 Basil.
1355 5616 1410 5659 et
1444 5605 1592 5674 Regii
1631 5602 1916 5671 secundus,
1963 5602 2180 5679 quintus
2217 5623 2266 5667 et

727 5681 1029 5724 sextusuna
1071 5689 1189 5727 cum
1241 5677 1358 5729 aliis
1401 5679 1567 5729 tribus
1615 5679 1936 5734 Colberlinis
1967 5677 2262 5737 συνθλάσει.

727 5741 898 5812 Lditio
927 5758 1048 5812 vero
1078 5743 1246 5798 Paris.
1279 5745 1587 5812 συγκλάσει.

796 5810 905 5878 (47)
937 5811 1063 5884 Heg.
1107 5819 1293 5871 tertius
1341 5810 1539 5888 βάλλει.
1593 5817 1708 5873 Mox
1745 5820 2038 5877 Colhcrtini
2069 5824 2268 5893 primus

2009 5206 2050 5235 "
2088 5205 2290 5260 Coloss.
2329 5224 2362 5271 ι,
2389 5208 2480 5260 2t).

2389 4599 2570 4650 Πάντα
2602 4596 2656 4649 δὲ
2683 4596 2791 4664 (49)
2822 4595 3020 4648 τούτων
3053 4595 3156 4660 ἔξω
3182 4596 3358 4664 δεήσει
3387 4593 3632 4652 γενέσθαι
3670 4593 3772 4644 τὸν
3827 4595 3941 4644 ἐπι-

2387 4686 2631 4756 δεόμενον
2662 4689 2755 4755 τῆς
2788 4683 3038 4752 γνώσεως
3066 4683 3155 4735 τοῦ
3180 4683 3334 4743 Θεοῦ,
3353 4686 3446 4733 καὶ
3480 4681 3826 4749 σχολάσαντα
3845 4684 3942 4734 ἀπὸ

2387 4776 2489 4829 τῶν
2521 4777 2725 4839 παθῶν,
2743 4777 2911 4837 οὕτως
2936 4775 3222 4828 ἀναλαϐεῖν
3246 4774 3338 4843 τὴν
3361 4774 3646 4839 ἐπίγνωσιν
3663 4772 3766 4824 τοῦ
3790 4774 3940 4825 Θεου.

2385 4869 2507 4930 Πῶς
2547 4870 2652 4939 γὰρ
2687 4867 2899 4938 εἰσέλθῃ
2942 4867 3020 4929 είς
3065 4866 3237 4935 ψυχὴν
3293 4863 3802 4934 στενοχωρουμένην
3849 4866 3940 4915 {ita

2383 4961 2487 5013 τῶν
2549 4958 3061 5032 προκατα).α66ντων
3101 4957 3264 5026 αὐτὴν
3313 4956 3671 5025 διαλογισμῶν
3735 4961 3770 5026 ἡ
3825 4959 3939 5023 περὶ

2558 5209 2600 5239 ²¹
2634 5207 2816 5259 Matth.
2854 5222 2972 5266 ιιιιι,
3025 5206 3054 5257 7
3081 5246 3094 5268 ,
3147 5203 3235 5255 9-2.

2373 5414 2427 5458 et
2455 5413 2640 5457 sextus
2670 5417 2789 5457 cum
2819 5403 2948 5470 Reg.
2989 5399 3190 5470 quinto
3212 5393 3561 5470 κατακαύσει.

2443 5474 2554 5535 (48)
2584 5472 2677 5527 llic
2719 5489 2842 5526 mss.
2869 5465 2961 5526 sex
2993 5465 3308 5534 συγκλάσει.
3342 5465 3472 5531 Reg.
3504 5475 3630 5513 vero
3659 5468 3853 5512 sextus
3887 5471 3930 5510 et

2370 5543 2514 5597 Culb.
2547 5547 2765 5623 quintus
2784 5558 2920 5626 aunt.
2940 5541 3097 5593 editis
3133 5535 3438 5626 συνθλὰσει.
3475 5596 3770 5626 -me“
3819 5597 3904 5626 Μ

2443 5597 2761 5687 (49)'Ed_itio_
2783 5610 2944 5663 Basil.
2978 5621 3030 5662 et
3063 5615 3288 5674 quatuor
3311 5619 3440 5687 mss.
3475 5597 3793 5687 ﬁé‘l‘fmyttié.

2373 5664 2599 5735 tio‘ve’ro
2643 5664 2815 5733 Paris.
2844 5690 2896 5732 et
2942 5689 3050 5732 tres
3079 5664 3212 5728 inss.
3259 5674 3472 5751 τςαντων
3507 5664 3780 5751 οξν..ΜιζΧ
3817 5664 3928 5751 [ιρι]-

2373 5753 2564 5803 lmrtini
2595 5752 2799 5810 primus
2823 5761 2876 5801 et
2910 5760 3096 5802 SC.\lUS
3124 5761 3240 5800 cum
3271 5744 3400 5813 Reg.
3448 5744 3602 5795 tertio
3635 5744 3928 5794 éﬁtd:)’.l~_ﬁ-

2372 5839 2527 5887 μενον
2565 5822 2656 5888 τῆς
2685 5819 2956 5887 γνώσεως.
