4068 6318
145 379 272 429 ᾹΞΞ)

1287 376 1569 429 ιιυιιιιιΑ
1609 375 1673 427 IN
1719 373 2039 426 PSALN‘iUM
2077 373 2231 426 XLV.

3297 370 3396 421 430

139 491 308 546 Θεοῦ
333 493 505 545 ἔννοια
530 511 542 555 ;
568 488 686 544 Uias
732 490 839 561 (50)
875 493 929 545 δὲ
971 492 1063 542 καὶ
1101 487 1319 558 Φαραὼ,
1362 488 1444 539 ὅτι
1476 487 1601 539 ἴδιόν
1627 488 1733 537 ἐστι

1845 500 1957 539 sam
1989 483 2322 551 ingredietur
2352 484 2440 535 Dci
2463 481 2739 549 cognitio?
2775 480 2937 546 Atqui
2981 489 3034 528 et
3063 478 3274 529 Pharao
3307 493 3391 526 no-

139 584 260 637 τοῦ
314 583 657 653 σχολάζοντος
700 581 944 653 ὲκζητεῖν
989 578 1078 630 τὸν
1129 576 1279 639 Θεὸν,
1320 575 1412 626 καὶ
1451 573 1538 626 διὰ
1583 572 1739 626 τοῦτο

139 675 415 738 ὀνειδίζει
447 674 534 725 τὸν
551 674 764 744 Ἰσραήλ
787 692 800 704 ·
821 671 1130 742 Σχολάζετε,
1151 668 1437 738 σχολασταί
1462 669 1601 728 ἐστε,
1646 666 1737 718 καὶ

146 770 356 837 λέγετε
373 787 386 798 ·
409 767 594 837 Κυρίῳ
607 767 681 838 τῷ
701 767 818 835 Θεῷ
834 767 866 836 ἡ
876 764 989 834 μῶν
1015 760 1420 835 προσευξόμεθα
1438 760 1572 831 (5-1).
1591 757 1735 827 Αὕτη

153 861 270 929 μὲν
301 852 389 916 οὖν
423 860 452 927 ἡ
488 858 649 929 σχολὴ
672 857 848 926 ἀγαθὴ
873 853 951 925 τῷ
979 854 1286 923 σχολάζοντι
1316 855 1408 906 καὶ
1445 849 1735 920 ὠφέλιμος,

147 949 401 1020 ἡσυχίαν
427 949 728 1020 ἐμποιοῦσα
759 949 893 1019 πρὸς
921 948 1018 1018 τὴν
1037 949 1142 1001 τῶν
1170 948 1448 1018 σωτηρίων
1480 946 1739 1015 διδαγμά-

145 1056 279 1090 των
313 1040 605 1110 ἀνάληψιν·
645 1037 855 1109 πονηρὰ
881 1037 936 1089 δὲ
985 1037 1144 1108 σχολὴ
1185 1040 1216 1106 ἡ
1252 1037 1358 1087 τῶν
1419 1033 1733 1106 Ἀθηναίων,

145 1125 247 1195 οἷς
294 1136 394 1199 Εἷς
427 1131 603 1186 οὐδὲν
649 1130 797 1184 ἄλλο
861 1134 1179 1200 εὐκαίρουν
1215 1129 1251 1195 ἢ
1295 1129 1494 1196 λέγειν
1537 1149 1592 1184 τι
1640 1130 1736 1182 καὶ

146 1226 415 1280 ἀκούειν
457 1225 835 1292 καινότερον·
875 1225 939 1296 ἢν
970 1227 1063 1278 καὶ
1097 1223 1191 1274 νῦν
1238 1239 1379 1284 τινες
1427 1223 1734 1293 μιμοῦνται,

149 1322 227 1387 τῇ
257 1316 349 1368 τοί
370 1315 479 1384 βίου
502 1316 661 1388 σχολῇ
681 1318 816 1388 πρὸς
831 1318 928 1386 τὴν
946 1318 1029 1368 ἀεί
1055 1332 1196 1378 τινος
1213 1316 1520 1388 καινοτέρου
1536 1316 1737 1384 δόγμα·

149 1425 254 1469 τος
281 1406 490 1475 εὕρεσιν
510 1407 909 1478 ἀποχρώμενοι.
937 1405 994 1458 'll
1019 1406 1235 1476 τοιαύτη
1262 1405 1421 1476 σχολὴ
1441 1407 1567 1475 φίλη
1593 1405 1736 1456 ἐστὶν

148 1499 496 1571 ἀκαθάρτοις
526 1501 618 1552 καὶ
644 1499 897 1568 πονηροῖς
931 1498 1249 1569 πνεύμασιν.
1285 1498 1463 1552 Ὅταν
1498 1495 1734 1563 ἐξέλθῃ,

153 1593 324 1662 φησι,
357 1593 419 1645 τὸ
452 1591 785 1659 ἀκάθαρτον
815 1592 1048 1660 πνεῦμα
1089 1593 1205 1644 ἀπὸ
1257 1591 1363 1644 τοῦ
1401 1587 1734 1658 ἀνθρώπου,

147 1684 347 1751 λέγει,
395 1683 760 1753 Πορεύσομαι
796 1687 882 1749 εἰς
916 1683 1020 1735 τὸν
1051 1682 1234 1733 τόπον
1280 1683 1417 1735 ὅθεν
1454 1683 1732 1750 ἐξῆλθον.

152 1773 276 1825 Καὶ
303 1772 478 1826 ἐλθὸν
500 1775 760 1841 εὑρίσκει
785 1774 890 1825 τὸν
914 1767 1081 1824 οἶκον
1111 1769 1344 1823 ἐκεῖνον
1365 1771 1738 1837 σχολάζοντα

1841 577 1914 630 vit
1941 574 2214 645 proprium
2243 585 2361 626 esse
2386 571 2656 632 vacantis,
2696 570 2860 622 Deum
2907 568 3199 636 inquirere,
3224 575 3277 618 et
3304 565 3403 617 hac

1839 667 1904 721 de
1936 680 2096 721 causa
2133 665 2419 734 exprobrat
2447 662 2632 718 lsraeli
2665 681 2675 713 :
2724 659 2957 716 Vacalis.
3017 658 3178 712 otiosi
3231 657 3364 711 estis
3388 695 3400 718 ,

1838 771 1890 812 et
1912 757 2093 814 dicitis
2126 777 2140 813 :
2171 757 2396 812 Domino
2425 757 2534 811 Deo
2564 765 2755 810 nostro
2792 763 2910 806 vota
2951 751 3215 820 jaciemus
3244 750 3310 802 ".
3340 748 3406 802 Et

1839 850 2058 917 quidem
2101 863 2162 903 ea
2193 847 2404 902 vacatio
2446 847 2585 900 bona
2617 845 2873 912 utilisque
2899 852 2981 896 est
3016 840 3250 903 vacanti,
3287 855 3404 908 qua:

1841 943 1905 994 ad
1935 941 2201 996 salutares
2232 941 2509 996 doctrinas
2563 936 2901 1010 recipiendas
2954 937 3188 1004 quietem
3225 931 3401 985 alfert.

1845 1034 2003 1106 176
2025 1033 2202 1088 Otium
2223 1049 2350 1087 vero
2368 1031 2777 1087 Atheniensium
2798 1028 2998 1083 malum
3032 1036 3172 1089 erat,
3201 1024 3290 1093 qui
3323 1023 3400 1074 Ad

1840 1123 1969 1175 nihil
2001 1122 2147 1174 aliud
2194 1123 2446 1175 vacabant
2489 1122 2591 1174 nisi
2632 1121 2699 1170 ad
2731 1121 3008 1174 dicendum
3048 1131 3137 1170 aut
3185 1117 3408 1168 audien-

1838 1215 1962 1268 dum
1991 1214 2190 1283 aliquid
2214 1214 2563 1279 novi“.Quod
2588 1213 2755 1266 otium
2777 1214 2935 1266 etiam
2960 1228 3099 1267 nunc
3124 1211 3404 1265 imitantur

1839 1305 2110 1370 nonnulli,
2143 1305 2268 1359 dum
2311 1305 2612 1358 abutuntur
2643 1305 2776 1366 otio,
2840 1313 2896 1356 ut
2939 1319 3152 1372 semper
3205 1317 3399 1356 novum

1838 1403 2056 1472 aliquod
2114 1403 2306 1471 dogma
2355 1400 2856 1456 comminiscantur.
2895 1397 3026 1453 Tale
3065 1399 3233 1450 otium
3265 1399 3402 1449 ami-

1837 1511 1957 1549 cum
1987 1505 2068 1548 est
2108 1495 2396 1548 immundis
2437 1509 2498 1546 ac
2530 1493 2709 1560 pravis
2758 1492 3056 1558 spiritibus.
3107 1487 3238 1543 Cum
3263 1490 3375 1541 exie

1840 1587 1930 1649 rit,
1980 1586 2169 1653 inquit,
2207 1586 2506 1638 immundus
2551 1583 2766 1650 spiritus
2811 1584 2873 1634 ab
2930 1584 3135 1636 homine
3167 1625 3181 1649 ,
3233 1582 3397 1635 dicit.

1840 1677 2084 1730 Revertar
2117 1676 2172 1728 in
2206 1677 2376 1730 locum
2410 1675 2545 1728 unde
2575 1675 2732 1727 exivi.
2757 1673 2819 1727 Et
2848 1675 3053 1727 veniens
3093 1675 3283 1726 invenit
3319 1676 3404 1726 do-

1839 1785 1983 1821 mum
2012 1767 2163 1821 illam
2212 1779 2482 1822 vacantem
2515 1777 2561 1821 et
2596 1768 2765 1834 scopis
2794 1765 3101 1818 mandatam
3149 1765 3217 1817 ’⁵.
3249 1765 3405 1816 Absit

150 1867 268 1920 καὶ
300 1868 734 1936 σεσαρωμένον.
790 1864 880 1936 Μὴ
920 1865 1127 1933 γένοιτο
1198 1859 1289 1916 οὖν
1335 1864 1482 1932 ἡμᾶς
1546 1864 1733 1934 σχολὴν

1843 1863 2008 1932 igitur
2034 1871 2096 1916 ut
2129 1877 2225 1914 nos
2250 1877 2344 1929 per
2367 1862 2539 1914 otium
2570 1859 2775 1912 aditum
2819 1857 3129 1911 adversario
3173 1857 3406 1922 praebea-

156 1959 387 2028 ποιῆσαι
449 1957 525 2024 τῷ
568 1955 926 2027 ἀντικειμένῳ
979 1957 1112 2028 πρὸς
1160 1956 1254 2027 τὴν
1305 1956 1539 2020 εἴσοδον,
1603 1955 1737 2008 ἀλλὰ

151 2049 552 2118 ἀσχολήσωμεν
603 2047 756 2118 ἡμῶν
797 2049 887 2100 τὸν
955 2049 1061 2100 ἔσω
1105 2045 1280 2113 οἷκον,
1334 2049 1738 2120 προενοικίσαν-

152 2155 254 2200 τες
286 2139 395 2207 (52)
427 2140 481 2190 ἐν
513 2140 723 2201 ἑαυτοῖς
757 2139 843 2191 διὰ
863 2139 956 2190 τοῦ
993 2138 1308 2207 Πνεύματος
1352 2142 1442 2191 τὸν
1481 2143 1730 2211 Χριστόν.

151 2229 319 2282 Μετὰ
374 2228 500 2296 γοῦν
533 2230 590 2280 τὸ
641 2228 967 2299 χαρίσασθαι
1011 2229 1109 2300 τὴν
1162 2230 1383 2300 εἰρήνην
1440 2233 1549 2292 τοῖς
1599 2233 1735 2295 τέως

151 2319 594 2390 ταρασσομένοις
644 2319 748 2373 ὑπὸ
793 2320 900 2375 τῶν
951 2319 1261 2391 πολεμίων,
1310 2318 1431 2372 τότε
1465 2319 1610 2387 λέγει
1653 2322 1732 2384 τὸ,

153 2409 467 2478 Σχολάσατε
509 2410 616 2463 άπὸ
642 2409 748 2462 τῶν
783 2409 1172 2483 περισπώντων
1216 2411 1360 2482 ὑμᾶς
1389 2408 1619 2482 ἐχθρῶν,
1652 2411 1738 2464 ἵνα

157 2502 218 2549 ἐν
265 2499 460 2570 ἡσυχίᾳ.
483 2502 606 2561 τοὺς
632 2501 758 2569 περὶ
783 2501 880 2569 τῆς
901 2501 1157 2570 ἀληθείας
1185 2500 1500 2572 θεωρήσητε
1524 2499 1735 2569 λόγους.

154 2590 263 2641 Διὰ
296 2590 448 2642 τοῦτο
478 2590 569 2642 καὶ
598 2593 625 2641 ὁ
651 2591 872 2659 Κύριος,
909 2590 1031 2656 Πᾶς
1059 2590 1228 2656 ὅστις
1257 2595 1367 2643 οὐκ
1397 2590 1737 2645 ἀποτάσσε-

155 2698 280 2744 ται,
304 2683 453 2751 φησι,
479 2681 626 2736 πᾶσι
655 2682 776 2748 τοῖς
813 2682 1210 2750 ὑπάρχουσιν,
1243 2684 1313 2735 οὐ
1347 2681 1594 2734 δύναταί
1620 2703 1736 2752 μου

151 2771 314 2828 εἶναι
337 2775 624 2844 μαθητής.
673 2775 933 2846 Σχολάσαι
968 2771 1059 2827 οὖν
1094 2774 1172 2826 δεῖ
1205 2775 1313 2828 ἀπὸ
1355 2775 1460 2828 τῶν
1485 2778 1736 2847 γαμικῶν

157 2867 360 2937 ἔργων,
400 2869 481 2920 ἵνα
517 2869 862 2938 σχολάσωμεν
902 2870 966 2938 τῇ
1000 2871 1270 2939 προσευχῇ
1294 2886 1306 2898 ’
1341 2867 1595 2939 σχολάσαι
1631 2870 1737 2921 ἀπὸ

152 2958 274 3010 τῶν
295 2975 359 3008 πε
369 2961 421 3027 pi.
452 2959 539 3009 τὸν
562 2959 786 3010 πλοῦτον
810 2959 1074 3025 σπουδῶν,
1092 2960 1198 3013 ἀπὸ
1221 2961 1318 3031 τῆς
1347 2961 1476 3032 περὶ
1504 2961 1564 3013 τὸ
1593 2961 1736 3024 δοξά-

160 3065 282 3120 ριον
313 3048 468 3100 τοῦτο
498 3047 810 3118 ἐπιθυμίας,
839 3049 946 3101 ἀπὸ
978 3049 1085 3102 τῶν
1125 3052 1260 3120 πρὸς
1291 3052 1585 3106 ἀπόλαυσιν
1617 3051 1736 3124 ἡδο-

156 3139 294 3205 νῶν,
319 3140 424 3192 ἀπὸ
450 3139 643 3209 φθόνου
674 3141 768 3192 καὶ
798 3141 976 3210 πάσης
1000 3141 1097 3212 τῆς
1124 3143 1202 3204 είς
1222 3141 1312 3193 τὸν
1336 3143 1558 3212 πλησίον
1583 3145 1736 3215 ἡμῶν

156 3233 444 3303 πονηρίας,
481 3232 586 3294 ἵνα,
636 3230 977 3302 γαληνιώσης
1006 3233 1160 3304 ήμῶν
1197 3233 1296 3304 τῆς
1323 3233 1501 3304 ψυχῆς
1524 3238 1614 3287 καὶ
1642 3236 1730 3287 ὑπ’

155 3325 375 3388 οὐδενὸς
435 3326 632 3389 πάθους
681 3325 1112 3397 ταρασσομένης,
1167 3320 1278 3378 οἷον
1337 3328 1395 3380 ὲν
1445 3329 1732 3398 κατόπτρῳ

157 3417 275 3468 τιν),
303 3416 517 3485 καθαρὰ
561 3418 783 3486 γένηται
830 3417 939 3485 (55)
987 3416 1082 3470 καὶ
1124 3416 1546 3488 ἀνεπισκότητος
1578 3419 1609 3488 ἡ
1646 3419 1731 3471 ἐλ-

154 3505 368 3579 ὶαμψις
404 3507 495 3559 τοῦ
539 3506 690 3560 Θεοῦ.
750 3509 1170 3578 ’Υψωθήσομαι
1206 3511 1274 3562 ἐν
1317 3510 1439 3576 τοῖς
1471 3511 1728 3570 ἔθνεσιν,

159 3589 554 3668 ὖψωθήσομαι
599 3601 665 3652 ἐν
708 3599 781 3668 τῇ
822 3598 918 3668 γῇ.
972 3601 1164 3669 Σαφῶς
1209 3601 1380 3656 ταῦτα
1417 3603 1562 3671 λέγει
1593 3606 1732 3675 ’περὶ

159 3689 258 3743 τοῦ
281 3692 398 3744 καθ’
428 3692 613 3745 ἑαυτὸν
639 3692 840 3756 πάθους
865 3695 892 3746 ὁ
917 3693 1138 3763 Κύριος,
1163 3695 1344 3757 καθὼς
1372 3697 1428 3748 ὲν
1453 3696 1529 3766 τῷ
1553 3698 1730 3766 Εὐαγ-

162 3781 328 3857 γελίῳ
381 3785 722 3853 γέγραπταιο
778 3783 981 3852 Κάγὼ,
1023 3784 1170 3837 ὅταν
1201 3785 1449 3852 ὑψωθῶ,
1502 3787 1730 3853 πάντας

162 3872 402 3926 ἑλκύσω
429 3876 572 3942 πρὸς
596 3876 872 3944 ἐμαυτόν.
901 3875 1010 3928 Καὶ
1055 3874 1144 3927 ὅτι
1173 3875 1284 3944 (54)
1324 3875 1523 3943 ὥσπερ
1568 3881 1730 3930 Maii)-

163 3961 289 4029 σῆς
307 3963 507 4031 ῦψωσε
529 3965 633 4017 τὸν
657 3965 793 4035 ὅφιν
810 3966 878 4018 ἐν
917 3965 987 4034 τῇ
1012 3965 1228 4034 ἐρήμῳ,
1262 3967 1416 4020 οὕτω
1449 3967 1545 4020 δεῖ
1571 3970 1731 4036 ὑψω-

163 4054 340 4122 θῆναι
370 4057 472 4109 τὸν
511 4059 644 4110 Υὶὸν
664 4059 767 4111 τοῦ
798 4058 1107 4126 ἀνθρώπου
1139 4060 1237 4111 ἐπὶ
1271 4058 1376 4126 τῆς
1408 4059 1536 4129 γῆς.
1580 4061 1729 4113 Ἐπεὶ

163 4141 260 4198 οὖν
281 4147 414 4216 ὑπὲρ
435 4146 542 4199 τῶν
565 4147 730 4200 ἐθνῶν
763 4148 982 4221 ἔμελλεν
1000 4149 1262 4218 ὑψοῦσθαι
1295 4151 1428 4221 πρὸς
1454 4152 1542 4205 τὸν
1571 4169 1730 4206 σταυ-

168 4237 282 4308 ρὸν,
305 4238 395 4288 καὶ
435 4239 570 4308 ὑπὲρ
598 4240 774 4308 πάσης
803 4218 902 4310 τῆς
934 4239 1038 4309 γῆς
1074 4240 1173 4309 τὴν
1207 4239 1412 4308 ὕψωσιν
1440 4243 1730 4312 καταδέχε-

168 4329 310 4392 σθαι,
334 4329 418 4381 διὰ
445 4330 600 4382 τοῦτό
624 4349 783 4400 φησιν
804 4348 818 4361 ο
867 4331 1285 4401 ’Υψωθήσομαι
1307 4333 1374 4385 ἐν
1411 4333 1534 4398 τοῖς
1565 4335 1728 4386 ἔθνε-

166 4436 289 4482 σιν,
320 4421 709 4490 ὑψωθήσομαι
731 4424 799 4474 ἐν
828 4422 899 4490 τῇ
922 4422 1015 4498 γῇ.
1045 4425 1257 4490 Κύριος
1284 4421 1404 4476 τῶν
1423 4423 1730 4493 δυνάμεων

1840 1969 1957 2006 mus
1987 1971 2000 2018 ;
2033 1953 2140 2005 imo
2195 1948 2505 2003 interiorem
2544 1958 2783 2003 nostram
2821 1948 3038 1999 domum
3085 1953 3404 2012 occupatam

1840 2056 2142 2109 teneamus,
2182 2043 2316 2097 adeo
2368 2049 2426 2095 ut
2482 2042 2629 2110 prius
2667 2042 2718 2095 in
2773 2038 2928 2094 nobis
2961 2038 3091 2106 ipsis
3127 2037 3403 2091 Christum

1836 2154 1933 2209 per
1985 2137 2247 2205 Spiritum
2290 2134 2626 2203 excipiamus
2666 2133 2922 2200 hospitio.
2960 2131 3254 2197 Postquam
3305 2128 3405 2198 igi—

1837 2241 1927 2285 tur
1956 2230 2024 2284 iis
2063 2229 2153 2298 qui
2193 2229 2456 2282 hactenus
2505 2224 2861 2278 tuibabantur
2906 2226 2971 2278 ab
3011 2224 3275 2287 hostibus,
3312 2236 3405 2290 pa-

1837 2338 1951 2375 cem
1981 2323 2206 2391 largitus
2248 2331 2353 2385 est,
2391 2330 2516 2374 tunc
2555 2317 2686 2373 dicit
2717 2335 2730 2370 :
2780 2317 2980 2371 Vacate
3016 2332 3044 2368 a
3093 2315 3403 2370 distrahen-

1841 2414 1980 2468 tibus
2009 2427 2109 2466 vos
2146 2412 2401 2474 inimicis,
2437 2422 2498 2465 ut
2519 2413 2572 2464 in
2599 2411 2779 2479 quiete
2813 2410 2975 2462 verba
3004 2407 3250 2461 veritatis
3275 2422 3405 2461 con-

1839 2507 2081 2575 templari
2120 2504 2357 2574 possitis.
2392 2501 2728 2570 Quapmpter
2768 2500 2928 2554 etiam
2989 2498 3245 2554 Dominus
3290 2499 3398 2552 ait:

1840 2596 2024 2650 Omnis
2052 2597 2139 2664 qui
2164 2611 2266 2648 non
2299 2595 2564 2648 renuntiat
2594 2594 2831 2646 omnibus
2857 2608 2974 2661 qum
3007 2592 3260 2659 possidet,
3299 2607 3404 2644 non

1836 2697 2001 2758 potest
2031 2704 2175 2742 meus
2199 2704 2309 2742 esse
2343 2688 2634 2754 discipulus
2671 2688 2735 2738 ’⁸.
2771 2686 2975 2739 Vacare
3003 2684 3167 2753 igitur
3191 2691 3401 2750 oportet

1841 2783 1906 2834 ab
1941 2780 2193 2846 operibus
2230 2779 2581 2848 nuptialibus,
2645 2788 2702 2831 ut
2749 2791 3004 2831 vacemus
3056 2775 3350 2844 precationi
3385 2791 3398 2825 :

1839 2886 2038 2926 vacare
2070 2888 2100 2925 a
2137 2872 2447 2928 divitiarum
2478 2871 2681 2936 studio,
2726 2871 2792 2925 ab
2826 2870 2985 2937 hujus
3027 2868 3268 2937 gloriolae
3304 2883 3400 2919 cu-

1839 2962 2083 3030 piditate,
2114 2965 2180 3017 ab
2211 2980 2311 3017 usu
2341 2963 2694 3030 voluptatum,
2744 2962 2810 3015 ab
2841 2961 3041 3014 invidia
3084 2969 3138 3012 et
3175 2958 3319 3011 omni
3350 2958 3400 3009 in

1839 3063 2085 3108 nostrum
2116 3051 2420 3122 proximum
2447 3052 2802 3121 malignitate,
2830 3060 2909 3114 ut,
2952 3049 3226 3104 obtinente
3264 3060 3404 3104 tran-

1839 3146 2157 3216 quillitatem
2184 3146 2362 3200 anima
2393 3156 2598 3207 nostra,
2643 3154 2696 3198 et
2721 3142 2867 3197 nullo
2903 3141 3092 3196 ell'ectu
3126 3156 3243 3194 eam
3271 3157 3403 3194 con-

1842 3239 2116 3302 turbante,
2153 3235 2444 3291 illustratio
2477 3234 2572 3288 Dei
2609 3244 2865 3303 tanquam
2899 3235 2950 3288 in
2976 3234 3156 3304 aliquo
3185 3234 3403 3302 specqu

1839 3345 1970 3402 pura
1995 3343 2330 3400 exspersque
2357 3327 2700 3383 tenebrarum
2729 3325 3008 3382 efﬁciatur.
3041 3326 3403 3380 Exallaborin

1838 3424 2098 3491 gentibus,
2138 3421 2413 3476 exaltabor
2440 3421 2492 3475 in
2523 3431 2684 3475 terra.
2712 3420 2897 3474 Palam
2932 3421 3048 3474 haec
3071 3422 3136 3473 de
3164 3435 3257 3474 sua
3278 3436 3402 3490 pas-

1837 3515 1990 3568 sione
2017 3515 2147 3568 dicit
2201 3513 2480 3576 Dominus,
2527 3513 2978 3581 quemadmodum
3017 3512 3068 3565 in
3113 3511 3404 3580 Evangelio

1837 3605 2096 3674 scriptum
2143 3614 2266 3658 est:
2303 3602 2370 3656 Et
2419 3621 2511 3675 ego
2541 3621 2658 3657 cum
2703 3604 2964 3657 exaltatus
3002 3603 3173 3671 fuero,
3226 3620 3403 3657 omnes

1836 3694 2043 3748 traham
2065 3695 2133 3746 all
2155 3709 2233 3747 me
2254 3695 2423 3762 ipsum
2452 3696 2518 3746 ".
2551 3692 2615 3745 Et
2633 3696 2768 3747 sicut
2794 3693 2999 3764 Moyses
3016 3695 3262 3747 exultavit
3289 3710 3403 3747 ser-

1833 3796 2032 3856 pentem
2062 3785 2115 3839 in
2161 3786 2404 3847 deserto‘,
2453 3786 2528 3837 ita
2575 3785 2801 3838 exaltari
2839 3794 3038 3852 oportet
3077 3783 3280 3837 Filium
3313 3786 3404 3837 ho-

1836 3880 1992 3932 minis
2014 3880 2067 3931 in
2106 3887 2247 3932 terra
2271 3879 2336 3930 '3.
2375 3877 2639 3944 Quoniam
2687 3879 2848 3947 igitur
2874 3893 2971 3946 pro
3005 3878 3256 3948 gentibus
3284 3887 3404 3933 erat

1839 3973 1889 4023 in
1921 3985 2136 4024 crucem
2168 3969 2507 4034 exaltandus,
2533 3978 2586 4024 et
2616 3984 2711 4038 pro
2756 3969 3008 4024 universa
3042 3981 3187 4022 terra
3216 3984 3402 4023 susce-

1836 4072 2026 4132 pturus
2078 4060 2221 4116 illam
2274 4060 2682 4127 exaltationem,
2721 4071 3005 4131 propterea
3039 4061 3206 4116 dicit:
3239 4061 3405 4115 Exol-

1837 4155 1986 4207 tabor
2013 4156 2067 4207 in
2099 4154 2356 4223 gentibus,
2378 4153 2653 4206 exaltabor
2691 4155 2745 4206 in
2775 4163 2939 4206 terra.
2978 4151 3136 4207 Vens.
3173 4153 3259 4208 19..
3292 4153 3402 4205 Do-

1833 4245 2008 4298 minus
2038 4245 2290 4297 virtutum
2318 4244 2603 4305 nobiscum,
2641 4253 2911 4312 susceptor
2939 4253 3118 4297 noster
3150 4244 3288 4297 Deus
3312 4243 3406 4297 Ja-

1834 4336 1947 4390 cob.
1984 4336 2273 4391 Exsultans
2298 4336 2365 4390 ob
2396 4336 2488 4391 Dei
2524 4335 2807 4402 auxilium,
2828 4337 2909 4391 bis
2939 4353 3125 4392 vocem
3158 4340 3402 4393 eamdem

1837 4429 2062 4499 protulit
2095 4451 2105 4482 :
2140 4429 2394 4482 Dominus
2421 4431 2672 4483 virtutum
2715 4430 3006 4494 nobiscum,
3042 4431 3196 4499 quasi
3238 4432 3403 4486 insul-

161 4512 290 4581 μεθ’
331 4512 513 4582 ἡμῶν,
565 4514 941 4581 ἀντιλήπτωρ
995 4514 1163 4583 ἡμῶν
1211 4519 1244 4567 ὀ
1310 4515 1453 4581 Θεὸς
1515 4517 1727 4571 Ἰακώϐ.

1840 4531 1978 4575 taret
2005 4537 2068 4575 ac
2100 4521 2344 4575 insileret
2377 4523 2540 4585 hosti,
2567 4524 2634 4576 ob
2659 4524 2959 4591 perfectam
3005 4540 3169 4592 quam
3202 4526 3254 4577 in
3282 4525 3404 4578 ani-

181 4606 638 4678 Ἐπαγαλλόμενος
661 4611 728 4678 τῇ
758 4607 849 4659 τοῦ
879 4606 1013 4659 Θεοῦ
1047 4606 1268 4678 βοηθείᾳ
1287 4648 1299 4670 ,
1338 4608 1418 4672 δὶς
1440 4608 1537 4678 τὴν
1564 4609 1730 4680 αὐτὴν

170 4698 348 4767 φωνὴν
374 4696 622 4769 ὲξεϐὀησε
648 4718 659 4729 ·
690 4701 899 4768 Κύριος
922 4700 1037 4752 τῶν
1056 4700 1366 4768 δυνάμεων
1379 4702 1507 4770 μεθ’
1529 4701 1695 4769 ἡμῶν
1713 4720 1727 4734 ·

167 4789 327 4864 οἱονεὶ
368 4791 709 4860 ἐπεμϐαίνων
755 4792 848 4844 καὶ
888 4791 1237 4862 ὲναλλόμενος
1281 4792 1357 4863 τῷ
1408 4792 1619 4864 ἐχθρῷ,
1644 4793 1728 4847 διὰ

166 4882 263 4949 τὴν
289 4880 492 4934 τελείαν
517 4882 607 4934 ἐπὶ
638 4883 727 4934 τὸν
752 4883 976 4954 Σωτῆρα
1008 4883 1114 4936 τῶν
1147 4883 1333 4954 ψυχῶν
1359 4884 1515 4955 ἡμῶν
1542 4885 1729 4938 πεποί-

169 4973 340 5041 θησιν,
379 4974 453 5037 ὡς
480 4973 629 5026 οὐδὲν
657 4976 980 5045 πεισόμενος
1007 4977 1137 5046 παρ’
1167 4976 1329 5029 αὐτοῦ
1358 4977 1488 5048 (55).
1524 4978 1593 5029 El
1621 4977 1728 5045 γὰρ

169 5068 200 5117 ὁ
231 5065 362 5130 Θεὸς
389 5067 539 5134 ὑπὲρ
566 5068 754 5135 ἡμῶν,
781 5069 872 5135 τίς
902 5071 1028 5123 καθ’
1070 5068 1273 5138 simitu;
1329 5071 1385 5124 Ὁ
1413 5070 1489 5141 τῷ
1535 5069 1727 5124 Ἰακὼὸ

240 5247 281 5277 ’³
322 5245 486 5300 Exod.
525 5263 573 5306 ν,
607 5249 693 5300 l7.
808 5250 853 5279 "‘
893 5251 1013 5303 Act.
1064 5265 1196 5309 xvn,
1251 5248 1339 5302 21.

173 5319 215 5350 ’⁸
246 5318 394 5371 Joau.
425 5333 504 5381 ιιι,
538 5317 623 5373 14.
701 5319 745 5349 ³⁸
788 5317 940 5373 Rom.
977 5334 1092 5385 vm,
1129 5319 1218 5374 51.

239 5491 347 5561 (50)
386 5491 461 5545 Ita
492 5506 625 5546 mss.
654 5493 910 5561 quinque.
946 5493 1105 5547 Deest
1141 5494 1196 5547 δέ
1225 5494 1278 5546 in
1310 5501 1492 5548 emus.

238 5562 343 5630 (51)
377 5561 572 5634 Nostra
607 5564 769 5616 editio
808 5563 981 5634 Paris.
1007 5563 1451 5634 προσευξώμεθα.
1487 5567 1555 5618 At
1595 5579 1726 5634 mss.

169 5619 595 5730 προσευξόμεθα.
636 5635 812 5714 -~Apud
844 5619 982 5685 LXX
1019 5619 1088 5687 ila
1128 5619 1321 5703 legitur
1359 5652 1371 5686 :
1434 5635 1530 5686 Διὰ
1574 5633 1729 5687 τοῦτ’)

169 5701 381 5769 λιγετε·
421 5702 803 5773 Πορευθωμεν,
830 5701 1082 5773 θύσωμεν
1112 5703 1189 5773 τῷ
1218 5703 1336 5773 Θεῷ
1373 5705 1552 5773 ἡμῶν.
1598 5704 1725 5759 Pra-

173 5719 348 5769 ιεγετε
368 5719 381 5730 ⁸
423 5719 803 5783 ιιορευυωμεν,
830 5719 1082 5773 υυσωμεν
1112 5721 1189 5774 τῳ
1218 5719 1336 5774 υεῳ
1373 5719 1405 5773 η
1415 5722 1552 5774 μων.

173 5784 337 5841 pterea
366 5773 538 5826 (licitis
563 5787 580 5824 :
609 5773 824 5827 Eamus.
854 5775 1211 5840 sacriﬁcemus
1252 5774 1355 5829 Deo
1388 5785 1582 5832 nostro.

242 5842 349 5906 (52)
373 5841 502 5909 Rag.
547 5844 734 5901 tertius
760 5845 1136 5906 ὲνοικίσαντες.

1459 5249 1502 5278 ⁸⁸
1538 5246 1725 5301 Matth.
1774 5266 1882 5310 xtl,
1934 5250 2023 5307 45.
2078 5250 2165 5303 Μ.

1294 5318 1339 5349 ³⁰
1377 5316 1513 5372 Gen.
1548 5333 1718 5383 χχχιι,
1775 5320 1864 5373 28.

1838 4629 2044 4667 marum
2086 4623 2391 4666 nostrarum
2443 4612 2779 4668 Salvatorem
2818 4616 3050 4669 habebat
3109 4617 3354 4672 tiduciam
3388 4659 3400 4679 ,

1835 4705 1999 4774 quod,
2024 4717 2089 4757 eo
2113 4702 2354 4770 juvante,
2385 4703 2515 4756 nihil
2541 4718 2801 4772 passurus
2816 4714 2981 4758 esset.
3018 4705 3078 4760 Si
3107 4707 3244 4758 enim
3265 4705 3403 4758 Deus

1835 4811 1929 4861 pro
1968 4795 2134 4860 nobis,
2191 4796 2307 4861 quis
2342 4803 2526 4846 contra
2563 4809 2657 4845 nos
2697 4793 2786 4844 '9?
2820 4793 2920 4859 Qui
2950 4792 3114 4847 Jacob
3138 4794 3286 4847 dedit
3326 4794 3405 4845 vi—

1838 4885 2083 4948 ctoriam,
2116 4899 2178 4938 ac
2201 4895 2320 4953 post
2348 4886 2545 4938 luctam
2588 4887 2761 4954 ipsum
2791 4885 2953 4940 Israel
2994 4887 3295 4954 designavit
3334 4887 3402 4948 ³ο,

1835 4978 1922 5032 hic
1953 4989 2038 5032 est
2069 4988 2348 5044 susceptor
2373 4987 2590 5044 noster;
2618 4981 2732 5047 ipse
2757 4994 2855 5046 pro
2876 4980 3031 5033 nobis
3053 4992 3274 5049 pugnat.
3299 4979 3404 5031 Nos

1836 5081 2013 5125 autem
2069 5071 2430 5138 quiescamus,
2466 5071 2608 5141 quod
2644 5070 2765 5139 Ipse
2808 5080 2883 5125 est
2937 5089 3040 5140 pax
3077 5086 3277 5131 nostra,
3313 5074 3402 5140 qui

2271 5249 2315 5278 ³⁸
2348 5248 2472 5302 Luc.
2519 5265 2627 5313 xlv,
2661 5250 2747 5301 55.
2855 5249 2898 5276 ¹⁷
2951 5253 3104 5299 Joan.
3164 5261 3274 5307 xu,

1934 5492 2022 5559 55)
2057 5490 2146 5545 Sic
2169 5500 2372 5559 septem
2409 5505 2539 5544 mss.
2565 5505 2687 5543 cum
2738 5489 2975 5544 editione
3003 5488 3164 5541 Basil.
3196 5487 3258 5538 At
3285 5486 3400 5538 edi-

1830 5562 2103 5632 tiol’aris.
2141 5562 2452 5632 ἐγγένηται.
2483 5561 2636 5632 Qolb.
2669 5572 2854 5632 sextus
2885 5559 3187 5632 ὲγγένεται,

1899 5630 2009 5699 (Si)
2043 5629 2115 5687 Ita
2135 5629 2337 5699 septeni
2356 5647 2482 5685 mss.
2505 5630 2660 5685 Deest
2680 5630 2760 5684 ὅτι
2778 5631 2829 5684 in
2858 5630 3037 5684 editis.
3058 5631 3251 5682 Statim
3270 5644 3397 5681 mss.

1832 5717 2022 5755 novem
2053 5701 2158 5752 τῶν
2193 5699 2513 5770 ἀνθρώπων,
2546 5717 2638 5767 pro
2666 5699 2980 5754 hominibus.

1899 5771 2012 5839 (55)
2057 5771 2152 5834 Ὧς
2184 5767 2363 5824 οὐδὲν
2396 5771 2749 5838 πεισόμενος
2788 5771 2923 5838 παρ’
2968 5767 3172 5825 αὐτοῦ.
3222 5767 3402 5832 Verte,

1832 5852 1886 5895 ut
1913 5839 2043 5896 nihil
2073 5843 2134 5894 alr
2165 5842 2308 5896 hoste
2329 5858 2600 5910 passurus.
2636 5839 2845 5896 MARAN.
