4068 6318
188 371 301 424 433

1300 361 1578 417 IIOMILIA
1620 361 1683 415 IN
1719 361 2046 417 PSALMUM
2085 360 2310 416 XLVIII.

3296 358 3398 414 454

186 497 294 548 σης
328 479 781 550 ύπερανέστηκεν,
814 476 952 530 ὥστε
975 477 1032 543 ἐξ
1059 477 1296 530 ἀπόπτου
1336 478 1509 529 πάντα
1538 477 1662 528 ἰδεῖν
1685 475 1740 528 τὰ

1857 478 1989 531 adeo
2017 475 2433 557 vocalisprax-o,
2466 483 2521 526 ut
2566 472 2810 527 inclamet
2857 471 2996 541 quod
3023 485 3050 524 a
3082 478 3157 526 tot
3182 471 3400 526 auribus

184 573 340 641 ἔθνη,
388 572 480 623 καὶ
517 571 692 622 πᾶσαν
727 568 824 639 τὴν
857 567 1171 639 οἰκουμένην
1211 566 1471 637 ὀφθαλμῷ
1525 566 1744 635 περιλα-

183 664 339 725 εἰεῖν;
371 663 462 723 Τίς
483 660 622 714 οὕτω
655 660 1155 731 μεγαλοφωνότατος
1177 658 1367 730 κῆρυξ,
1398 659 1534 711 ὥστε
1564 658 1749 711 emo.

183 771 313 815 ταις
349 752 480 820 ὁμοῦ
517 753 699 814 ἀκοαῖς
729 752 1042 816 ὲξάκουσταν
1071 749 1334 820 ἐμϐοῆσαι
1361 767 1373 814 ;
1419 752 1511 811 Τίς
1550 752 1578 802 6
1603 751 1747 819 δέχε-

186 844 322 896 σθαι
349 843 638 913 δυνάμενος
666 843 838 914 χῶρος
857 843 978 905 τοὺς
1005 842 1489 912 ἐκκλησιάζονταςς
1514 842 1746 912 Πηλίκος

181 933 244 985 δὲ
279 938 306 986 6
345 933 654 998 διδασκαλος
693 937 784 987 καὶ
823 935 1059 996 ποταπὸς
1086 935 1183 1005 τὴν
1210 935 1415 1003 σοφίαν,
1445 935 1580 986 ὥστε
1623 932 1745 997 ἀξια

183 1025 295 1093 τῆς
320 1025 644 1096 τηλικαύτης
675 1025 990 1096 Ἐκκλησίας
1018 1027 1126 1095 (ϋό)
1158 1026 1391 1096 ἐξευρεῖν
1409 1027 1473 1079 τὰ
1499 1026 1750 1095 διδάγμα-

185 1133 260 1169 τα
287 1133 300 1180 ;
330 1117 535 1190 Μικρὸν
564 1117 864 1186 ἀνάμεινον,
899 1119 990 1169 καὶ
1015 1119 1247 1190 μαθήσῃ,
1279 1119 1358 1170 ὅτι
1388 1118 1508 1181 ἄξια
1532 1117 1621 1169 τοῦ
1651 1120 1746 1168 ‘57:-

183 1205 532 1274 αγγέλματός
561 1209 670 1257 ἐστι
697 1204 761 1256 τὰ
785 1205 996 1276 ἑφεξῆς.
1033 1208 1090 1259 Ὀ
1117 1206 1213 1276 μὲν
1243 1206 1347 1278 γὰρ
1378 1206 1745 1276 ἐκκλησιάζων

183 1298 288 1349 καὶ
330 1298 501 1350 πάντα
534 1296 810 1364 συγκαλῶν
855 1297 931 1367 τῷ
979 1298 1286 1369 κηρύγματι
1331 1300 1358 1350 6
1400 1297 1747 1367 Παράκλητός

180 1403 324 1449 -στι,
341 1389 401 1440 τὸ
418 1386 636 1455 Πνεῦμα
662 1387 758 1455 τῆς
784 1386 1054 1456 ἀληθείας,
1078 1390 1162 1440 διὰ
1181 1389 1470 1459 προφητῶν
1499 1389 1590 1441 καὶ
1615 1390 1745 1441 ἁπο-

181 1479 388 1529 στόλων
436 1479 676 1544 συνάγων
713 1479 819 1546 (64)
858 1480 982 1541 τοὺς
1021 1478 1355 1549 σωζομένους
1379 1496 1391 1508 ·
1442 1473 1516 1532 ὧν
1562 1479 1743 1549 ἐπειδὴ

176 1571 290 1631 Εἰς
319 1567 558 1621 ἅπασαν
594 1567 705 1634 τὴν
727 1569 843 1638 γῆν
869 1567 1125 1636 ἐξῆλθεν
1158 1573 1190 1621 ό
1231 1571 1483 1637 φθόγγος
1527 1566 1740 1629 αὐτῶν,

175 1659 284 1711 καὶ
313 1661 397 1722 εὶς
433 1660 502 1713 τὰ
529 1660 749 1727 πέρατα
778 1660 884 1727 τῆς
911 1660 1261 1728 οἰκουμένης
1290 1659 1359 1712 τὰ
1379 1657 1612 1727 ῥήματα
1639 1661 1744 1712 αὺ-

175 1749 328 1803 τῶνο
369 1751 455 1803 διὰ
481 1752 635 1804 τοῦτὸ
656 1770 815 1823 φησιν
835 1769 849 1782 ·
893 1753 1228 1815 Ἀκούσατε,
1264 1751 1456 1803 πάντα
1487 1752 1557 1804 τὰ
1577 1751 1740 1818 ἔθνη,

1858 568 2017 623 simul
2048 567 2345 620 audiatur?
2383 565 2513 631 Quis
2547 565 2695 618 locus
2723 565 2786 617 ad
2822 565 3131 618 concionem
3173 564 3398 618 venien-

1855 671 1934 714 tes
1965 669 2130 728 queat
2153 658 2442 727 excipere?
2472 657 2716 723 Quantus
2735 665 2910 708 autem
2944 658 3152 719 doctor,
3175 664 3225 709 et
3253 655 3399 724 quali

1851 749 2110 817 sapientia
2143 748 2424 817 prmditus,
2452 757 2510 801 ut
2534 747 2852 808 documenta
2885 744 3395 798 inveniatconsessu

1851 848 2001 893 tanto
2026 838 2222 906 digna?
2247 836 2510 907 Exspecta
2541 844 2916 905 parumper,ct
2935 851 2996 889 ca
3025 849 3142 905 qua?
3164 849 3397 904 sequun-

1851 939 1957 990 tur,
1981 929 2263 997 promissis
2318 928 2532 997 indigna
2573 941 2675 980 non
2710 942 2830 981 esse
2863 927 3094 981 edisces.
3127 926 3396 995 Siquidem

1852 1020 2225 1082 concionator,
2258 1027 2311 1073 et
2345 1019 2432 1086 qui
2479 1032 2666 1072 omnes
2718 1018 2987 1086 praeconio
3028 1019 3193 1083 cogit,
3230 1018 3397 1072 Para-

1849 1113 2018 1167 cletus
2050 1119 2152 1176 est,
2189 1110 2276 1164 ille
2318 1110 2554 1178 Spiritus
2595 1111 2862 1175 veritatis,
2905 1125 2997 1178 per
3037 1111 3321 1178 prophetas
3346 1121 3403 1166 et

1851 1203 2125 1273 apostolos
2165 1216 2257 1255 eos
2298 1215 2636 1269 congregans
2679 1201 2768 1269 qui
2802 1199 3030 1253 salutem
3060 1201 3399 1254 consecuturi

1850 1305 2003 1350 erant
2030 1313 2042 1347 :
2069 1308 2294 1362 quorum
2330 1293 2452 1361 quia
2493 1290 2558 1344 In
2592 1307 2790 1344 onmem
2835 1302 3026 1343 terram
3053 1292 3206 1344 exivit
3241 1307 3399 1344 sonus

1847 1403 2046 1450 eorum,
2068 1396 2112 1438 et
2141 1386 2192 1438 in
2218 1386 2345 1454 ﬁnes
2378 1385 2514 1437 orbis
2540 1395 2692 1437 terrm
2718 1385 2869 1436 verba
2894 1399 3069 1436 eorum
3092 1383 3166 1448 8";
3202 1385 3400 1439 idcirco

1847 1477 1976 1531 dicit
2006 1493 2018 1528 :
2044 1476 2257 1538 Audite,
2296 1491 2470 1528 omnes
2507 1486 2697 1544 gentes,
2731 1485 2776 1528 et
2820 1491 2992 1528 omam
3030 1476 3117 1542 qui
3155 1476 3399 1529 habitatis

1851 1570 2046 1621 orbem.
2080 1567 2420 1637 Quapropter
2447 1575 2499 1620 et
2527 1567 2766 1622 Ecclesia
2801 1581 2865 1620 ex
2901 1566 3148 1620 omnibus
3176 1565 3397 1619 collecta

1850 1669 1931 1714 est
1971 1660 2390 1722 conditionibus,
2425 1666 2484 1712 ut
2515 1672 2670 1712 neruo
2698 1657 2787 1726 qui
2825 1673 3015 1712 exsors
3056 1658 3126 1712 sit
3152 1658 3398 1714 utilitatis

1850 1752 2208 1820 relinquatur.
2243 1750 2452 1804 Etenim
2486 1749 2927 1819 congregationes
2952 1757 3060 1802 tres
3087 1759 3212 1802 sunt
3237 1764 3399 1803 voca-

175 1841 280 1894 κίιί
314 1841 532 1909 πάντες
559 1849 611 1896 οε
643 1844 1052 1908 κατοικοῦντες
1087 1844 1200 1909 τὴν
1234 1843 1606 1911 οἰκουμένην.
1653 1845 1740 1896 Διὸ

1846 1853 2042 1903 torum,
2075 1841 2272 1910 quibus
2296 1856 2454 1894 omne
2491 1841 2765 1894 hominum
2791 1853 2957 1908 genus
2984 1841 3396 1908 comprehendi-

175 1936 279 1987 καὶ
311 1939 342 2005 ἡ
386 1936 676 2007 Ἐκκλησία
698 1939 759 1988 ὲκ
787 1934 1134 1988 παντοδαπῶν
1161 1935 1600 2006 ἐπιτηδευμάτων
1624 1952 1742 1987 συν-

171 2028 437 2089 είλεκται,
495 2028 577 2078 ἵνα
633 2028 816 2095 μηδεὶς
852 2025 954 2088 ἔξω
988 2026 1084 2095 τῆς
1111 2026 1371 2094 ὡφελείας
1424 2026 1740 2096 ἀπολειφθῇ.

170 2120 340 2187 Τρεῖς
377 2119 482 2186 γάρ
527 2119 629 2168 εἰσι
679 2117 923 2184 συζυγίαι
974 2117 1078 2169 τῶν
1128 2118 1494 2188 κεκλημένων,
1548 2120 1604 2170 ὲν
1657 2115 1744 2181 αἷς

170 2209 323 2258 ξιτ-ταν
360 2205 417 2256 τὸ
445 2204 550 2256 τῶν
577 2203 873 2275 ἀνθρώπων
908 2206 1214 2275 περιέχεται
1244 2207 1396 2273 γένος
1417 2223 1428 2234 ·
1467 2206 1590 2273 ἔθνη
1635 2205 1742 2273 γὰρ

169 2299 219 2348 οἰ
255 2296 629 2359 κατοικοῦντες
663 2297 757 2366 τὴν
789 2298 1108 2366 οἰκουμένην
1128 2314 1139 2325 ·
1171 2299 1414 2365 γηγενεῖς
1439 2297 1530 2347 καὶ
1558 2298 1603 2347 οἱ
1637 2296 1741 2347 υἱοὶ

169 2387 289 2439 τῶν
329 2387 652 2458 ἀνθρώπων·
694 2389 933 2441 πλούσιοι
987 2389 1076 2438 καὶ
1121 2388 1363 2458 πένητες.
1401 2387 1528 2439 Τίνα
1565 2387 1740 2440 τοίνυν

174 2479 290 2543 ἔξω
323 2480 665 2532 καταλέλοιπε
700 2481 796 2550 τῆς
836 2479 1182 2548 ἀκροάσεως
1224 2480 1285 2531 Οἱ
1331 2477 1595 2549 ἀλλότριοι
1643 2481 1742 2549 τῆς

174 2573 414 2634 πίστεως
462 2571 550 2624 διὰ
597 2571 706 2639 (65)
750 2570 858 2622 τῶν
905 2569 1070 2622 ἐθνῶν
1109 2569 1435 2641 ἐκλήθησαν.
1483 2571 1544 2623 Οἳ
1585 2573 1642 2623 ὲν
1675 2574 1739 2641 τῇ

183 2664 484 2733 Ἐκκλησία
543 2663 697 2724 εἰσὶν,
743 2664 793 2714 οἱ
835 2661 1206 2726 κατοικοῦντες
1254 2663 1349 2732 τὴν
1398 2662 1736 2732 οἰκουμένην.

168 2756 429 2825 Γηγενεῖς
453 2755 500 2806 οἰ
533 2754 598 2806 τὰ
625 2755 790 2825 γήινα
817 2753 1153 2826 φρονοῦντες,
1179 2753 1271 2806 καὶ
1293 2753 1398 2806 τῶν
1428 2753 1741 2823 θελημάτων

173 2844 279 2913 τῆς
314 2843 508 2914 σαρκὸς
541 2844 902 2913 ἀντεχόμενοι.
940 2843 1059 2896 Υἰοὶ
1090 2842 1198 2896 τῶν
1230 2841 1528 2912 ἀνθρώπων
1557 2844 1604 2894 οί
1631 2844 1744 2894 ἐπι-

175 2935 397 3005 μέλειάν
453 2953 574 2987 τινα
625 2935 717 2988 καὶ
768 2934 996 3004 ἄσκησιν
1049 2934 1141 2986 τοῦ
1188 2933 1342 3000 λόγου
1400 2932 1738 3000 ποιούμενοι·

175 3027 308 3080 ῐδιον
332 3026 438 3096 γὰρ
470 3026 561 3077 τοῦ
596 3024 877 3094 ἀνθρώπου
912 3026 970 3076 τὸ
992 3023 1224 3091 λογικόν.
1250 3021 1496 3074 Πλούσιοι
1528 3022 1620 3075 καὶ
1653 3021 1739 3074 πέ-

1847 1942 1968 1993 tur;
2012 1939 2200 1999 gentes
2226 1937 2280 1984 et
2329 1928 2634 1984 habitantes
2663 1931 2881 1992 orbem;
2919 1930 3201 1999 terrigenae
3230 1943 3278 1986 et
3307 1933 3398 1986 filii

1846 2021 2143 2084 heminum,
2178 2020 2376 2074 divites
2437 2030 2490 2072 et
2528 2033 2811 2088 pauperes.
2849 2018 3015 2084 Quem
3056 2020 3214 2087 igitur
3247 2031 3398 2075 extra

1843 2113 2169 2168 auditorium
2191 2111 2446 2180 reliquit?
2470 2112 2642 2165 Alieni
2675 2127 2700 2163 a
2730 2111 2851 2173 fide,
2885 2127 2981 2180 per
3003 2121 3186 2181 gentes
3225 2113 3397 2167 vocati

1849 2203 2009 2270 1'78
2031 2210 2178 2255 sunt.
2210 2200 2308 2267 Qui
2335 2211 2552 2254 manent
2583 2201 2633 2253 in
2663 2200 2924 2266 Ecclesia,
2946 2201 2978 2254 ii
3003 2211 3151 2266 sunt,
3181 2203 3270 2273 qui
3304 2204 3399 2257 Ita-

1843 2294 2016 2346 hitant
2045 2293 2256 2347 orbem.
2288 2289 2596 2362 Terrigenae
2625 2301 2751 2345 sunt
2792 2291 2880 2358 qui
2919 2301 3130 2346 terrena
3156 2295 3391 2361 sapiunt,

1841 2395 1896 2439 et
1929 2385 2105 2439 urnis
2136 2384 2329 2453 placita
2365 2395 2745 2452 assequuntur.
2780 2384 2895 2437 Filii
2945 2384 3218 2437 hominum
3248 2395 3394 2450 sunt,

1842 2479 1930 2547 qui
1963 2479 2193 2546 Quodam
2250 2477 2407 2530 modo
2449 2478 2713 2530 rationem
2760 2488 2954 2530 curant
3003 2488 3394 2547 exercentque;

1843 2585 1965 2622 nam
2008 2569 2146 2623 ratio
2180 2569 2395 2638 pr0pria
2435 2567 2670 2621 hominis
2696 2579 2798 2621 est.
2833 2566 3063 2620 Divitum
3095 2584 3158 2623 ac
3196 2583 3397 2636 paupe-

1841 2677 1958 2714 rum
2019 2662 2323 2729 proprietas
2367 2675 2461 2728 per
2519 2674 2600 2712 se~
2629 2659 3012 2726 cognoscitur:
3065 2660 3137 2712 illi
3182 2662 3395 2728 quidem

1841 2753 2278 2820 superabundant
2328 2765 2506 2805 rerum
2561 2751 2990 2805 necessariarum
3035 2750 3395 2819 possessione,

1843 2845 1896 2898 hi
1935 2859 2060 2897 vero
2107 2843 2159 2897 in
2196 2843 2512 2897 earumdem
2546 2841 2721 2910 inopia
2765 2843 2982 2911 degunt.
3028 2840 3161 2895 Cum
3217 2854 3394 2896 autem

1844 2936 2087 2989 medicus
2139 2935 2440 2987 animarum
2496 2948 2600 2986 non
2649 2933 2876 2994 venerit,
2923 2943 2981 2985 ut
3020 2931 3194 2998 justos
3224 2944 3393 2997 vocet,

1847 3025 1942 3081 sed
1973 3033 2284 3094 peccatores
2313 3024 2377 3076 ad
2404 3023 2774 3092 paenitentiam
2794 3022 2839 3054 "
2864 3036 2878 3074 :
2903 3023 3042 3091 quod
3067 3024 3116 3076 iu
3151 3024 3392 3091 qualibet

171 3135 334 3180 νττες
365 3116 580 3168 αὐτόθεν
613 3115 792 3184 έχουσι
823 3115 1224 3183 γνωριζομένην
1263 3113 1358 3184 τὴν
1395 3113 1656 3184 ἰδιότητα*
1688 3117 1736 3167 οἱ

1849 3117 2224 3187 conjugatione
2277 3115 2679 3185 reprehensioni
2726 3114 3014 3168 obnoxium
3067 3125 3185 3168 erat
3236 3123 3397 3182 atque

176 3208 278 3275 μὲν
308 3205 719 3276 ὑπερϐαίνοντες
752 3205 850 3276 τήν
879 3207 1066 3276 κτῆσιν
1112 3205 1217 3257 τῶν
1249 3205 1575 3273 ἀναγκαίων,
1608 3208 1655 3258 οἱ
1684 3206 1740 3259 δὲ

172 3301 231 3348 ἐν
270 3296 446 3363 ἐνδείᾳ
473 3295 673 3348 τούτων
703 3296 1118 3367 καθεστηκότες.
1168 3297 1381 3367 Ἐπειδὴ
1418 3297 1476 3349 δὲ
1509 3300 1536 3350 ὁ
1563 3297 1743 3367 ἰατρὸς

171 3387 281 3440 τῶν
305 3387 490 3457 ψυχῶν
519 3389 616 3441 ούκ
639 3384 768 3458 ἦλθε
793 3389 1014 3441 καλέσαι
1044 3390 1299 3450 δικαίους,
1328 3388 1462 3439 ἀλλὰ
1487 3389 1741 3457 ἁμαρτω-

170 3479 298 3542 λοὺς
332 3481 409 3544 εἰς
446 3482 749 3549 μετάνοιαν,
791 3480 1002 3548 πρῶτον
1045 3479 1228 3544 ἔταξεν
1275 3480 1331 3530 ἐν
1364 3481 1428 3550 τῇ
1463 3478 1648 3550 κλήσει
1685 3480 1741 3532 ἐν

173 3573 382 3645 ἑκάστῃ
411 3571 636 3641 συζυγίᾳ
678 3571 738 3623 τὸ
768 3571 1233 3641 κατεγνωσμένον.
1269 3571 1511 3640 Χείρονα
1533 3572 1641 3642 γὰρ
1673 3571 1739 3624 τὰ

172 3664 305 3735 ἔθνη
345 3664 450 3716 τῶν
477 3663 871 3716 κατοικούντων
917 3665 1013 3735 τὴν
1045 3664 1396 3735 οἰκουμένηνο
1443 3665 1554 3717 ἀλλ’
1595 3666 1740 3734 ὅμως

174 3754 565 3827 προτετίμηται
593 3754 703 3825 (66)
733 3757 812 3819 εἰς
837 3755 933 3826 τὴν
965 3755 1174 3826 κλῆσιν,
1204 3757 1290 3810 ἵνα
1317 3758 1366 3808 οἰ
1389 3756 1571 3818 κακῶς
1596 3757 1742 3824 ἕχον-

175 3865 265 3911 τες
299 3850 557 3920 πρότερον
609 3848 948 3919 μεταλάϐωσι
1000 3847 1097 3916 τῆς
1136 3849 1198 3900 ἐκ
1242 3846 1331 3900 τοῦ
1378 3845 1561 3916 ἰατροῦ
1607 3846 1742 3914 ὡφε-

175 3936 344 3998 λείας.
389 3938 555 3988 Πάλιν
594 3939 642 3988 οἰ
671 3937 918 4005 γηγενεῖς
951 3936 1056 4006 πρὸ
1089 3936 1196 3989 τῶν
1230 3936 1358 3988 υἰῶν
1403 3937 1509 3988 τῶν
1535 3935 1740 4006 ἀνθρώ-

175 4045 293 4078 πων
327 4026 655 4096 ἐτάχθησανο
711 4028 802 4079 καὶ
828 4025 1066 4079 πλούσιοι
1111 4027 1215 4099 πρὸ
1237 4027 1343 4079 τῶν
1370 4028 1631 4097 πενήτων.
1669 4029 1739 4080 Τὸ

173 4117 594 4188 ἀπεγνωσμένον
634 4119 839 4189 τάγμα,
891 4120 984 4173 καὶ
1016 4118 1266 4173 δύσκολον
1296 4120 1415 4189 ἔχον
1443 4119 1538 4190 τὴν
1571 4136 1740 4190 σωτη-

176 4211 317 4281 ρίαν,
347 4210 604 4282 πρότερον
643 4211 900 4281 κέκληται
937 4211 1042 4263 τῶν
1067 4211 1312 4281 πτωχῶν.
1363 4211 1593 4283 Τοιαύτη
1631 4213 1739 4284 γὰρ

176 4303 207 4371 ἡ
240 4300 333 4353 τού
361 4301 538 4370 ἰατροῦ
566 4302 943 4372 φιλανθρωπία
964 4304 1074 4365 τοῖς
1099 4301 1527 4372 ἀσθενεστέροις’
1548 4304 1740 4372 προτέ-

178 4409 289 4460 ροις
326 4390 434 4461 (67)
478 4392 794 4459 μεταδίδωσι
824 4393 921 4462 τῆς
948 4393 1233 4460 ὠφελείας.
1269 4393 1429 4462 Ὀμού
1455 4393 1509 4445 δὲ
1537 4395 1629 4446 καὶ
1661 4396 1738 4446 εἰ-

1843 3208 2192 3274 damnationi,
2225 3207 2278 3261 id
2316 3206 2546 3274 primum
2603 3209 2657 3258 in
2712 3205 2996 3258 vocatione
3047 3209 3248 3274 posuit.
3297 3208 3397 3260 De-

1845 3299 2069 3354 teriores
2107 3298 2251 3353 enim
2287 3305 2410 3352 sunt
2449 3305 2638 3366 gentes
2685 3310 2848 3364 quam
2888 3295 2978 3363 qui
3034 3294 3277 3350 habitant
3309 3312 3398 3350 or-

1841 3391 2003 3443 hem:
2035 3390 2126 3442 sed
2165 3399 2340 3440 tamen
2374 3386 2671 3455 prmposita:
2725 3394 2848 3439 sunt
2894 3385 2946 3437 in
2988 3386 3290 3452 vocatione,
3338 3397 3397 3440 ut

1846 3480 1936 3550 qui
1970 3480 2106 3534 male
2135 3479 2331 3534 habent
2366 3478 2578 3546 priores
2608 3492 2635 3528 a
2671 3477 2882 3531 medico
2912 3475 3214 3544 percipiant
3251 3477 3394 3531 utili—

1844 3581 2027 3625 tatem.
2062 3569 2271 3624 Ilursus
2331 3567 2615 3636 terrigena:
2662 3576 2788 3622 ante
2827 3567 2965 3621 ﬁlios
2998 3568 3273 3623 hominum
3310 3587 3396 3626 re-

1841 3661 2030 3717 censiti
2072 3671 2230 3726 sunt;
2264 3668 2319 3714 et
2349 3659 2539 3713 divites
2577 3667 2701 3711 ante
2735 3672 3016 3726 pauperes.
3069 3658 3396 3727 Desperatus

1846 3751 1996 3816 ordo,
2035 3760 2090 3804 et
2123 3750 2214 3820 qui
2270 3749 2556 3803 dimculter
2593 3747 2821 3801 salutem
2866 3750 3230 3818 consequitur,
3270 3762 3396 3806 ante

1841 3849 2064 3896 vocatus
2092 3847 2175 3896 est
2219 3853 2381 3909 quam
2436 3852 2723 3908 pauperes.
2772 3838 3088 3907 llujusmodi
3131 3841 3272 3895 enim
3313 3853 3396 3898 est

1843 3933 2148 4002 benignitas
2174 3930 2365 3985 medici
2396 3945 2412 3983 :
2440 3929 2590 4000 prius
2621 3943 2772 3998 opem
2794 3928 2899 3984 fert
2932 3931 3392 3990 imbecillioribus.

1845 4024 2015 4079 Simul
2048 4032 2225 4076 autem
2270 4021 2420 4091 pacis
2466 4021 2627 4075 etiam
2656 4021 2992 4075 conciliatrix
3030 4032 3114 4076 est
3150 4038 3393 4078 contmn-

1841 4119 1982 4171 nitas
2009 4115 2331 4177 vocationis,
2371 4114 2505 4166 adeo
2540 4111 2713 4180 utqui
2757 4111 3020 4166 hactenus
3067 4113 3210 4167 inter
3249 4129 3307 4168 se
3339 4115 3393 4170 in

1841 4209 2079 4263 moribus
2113 4207 2501 4267 dissenserant,
2534 4203 2604 4257 ob
2636 4205 2778 4258 lnmc
2823 4214 3149 4259 conventum
3199 4218 3395 4261 mutuae

1839 4311 2152 4356 assuescant
2180 4295 2453 4351 charitati.
2492 4295 2760 4364 Agnoscat
2802 4295 2942 4348 euint
2978 4297 3127 4350 dives
3167 4313 3225 4352 se
3271 4314 3393 4352 cum

1840 4407 2074 4462 paupere
2104 4391 2372 4459 prmconio
2397 4388 2512 4458 pari
2538 4396 2781 4441 vocatum
2807 4400 2946 4443 esse.
2970 4387 3138 4441 Simul
3162 4390 3218 4442 in‘
3235 4406 3395 4444 unum

178 4481 345 4548 ρήνης
374 4480 488 4531 ἐστὶ
517 4481 824 4547 συναγωγὸν
846 4483 878 4550 ή
905 4479 1156 4532 κοινωνία
1183 4483 1282 4550 τῆς
1305 4481 1566 4551 κλήσεως,
1599 4482 1737 4534 ὥστε

1846 4483 2008 4546 cnim,
2069 4479 2264 4549 inquit,
2315 4478 2455 4528 dives
2499 4486 2544 4528 et
2587 4489 2801 4543 pauper.
2859 4475 3213 4545 Posteaquam
3263 4478 3392 4532 foris

175 4570 299 4631 τοὺς
321 4570 537 4638 ἔχοντας
571 4569 704 4632 τέως
732 4571 793 4622 ἐκ
825 4573 930 4624 τῶν
961 4571 1399 4642 ἐπιτηδευμάτων
1429 4573 1562 4642 πρὸς
1584 4573 1736 4644 ἀλλή-

176 4659 297 4721 λους
326 4662 670 4724 ὑπεναντίως,
704 4663 921 4726 τούτους
956 4664 1042 4716 διὰ
1071 4665 1169 4733 τῆς
1215 4664 1530 4734 Ἐκκλησίας
1571 4682 1736 4734 προσ-

177 4748 450 4820 εθισθῆναι
476 4753 719 4824 ἀλλήλοις
743 4755 819 4814 εἰς
843 4753 938 4823 τὴν
964 4755 1200 4823 ἀγάπην.
1234 4754 1547 4808 Γινωσκέτω
1577 4756 1680 4826 γὰρ
1709 4759 1736 4808 6

179 4841 446 4905 πλούσιος,
473 4843 552 4894 ὅτι
585 4845 827 4915 ὁμοτίμῳ
856 4847 1164 4916 κηρύγματι
1200 4846 1454 4915 κέκληται
1484 4846 1617 4917 πρὸς
1648 4846 1736 4899 τὸν

178 4936 401 5004 πένητα.
467 4934 587 4986 Ἐπί
631 4938 694 4988 τὸ
745 4935 888 4989 αὐτὸ
934 4937 1060 5006 γὰρ,
1116 4938 1267 5006 φησὶ,
1318 4940 1608 5003 πλούσιος
1639 4938 1735 4990 καὶ

179 5027 386 5092 πένης.
425 5024 566 5088 ’Έξω
609 5027 920 5080 καταλιπὼν
955 5029 1048 5097 τήν
1082 5029 1213 5099 πρὸς
1240 5030 1360 5089 τοὺς
1386 5030 1733 5082 καταδεεστέ-

181 5133 303 5186 ρους
340 5118 626 5191 ὑπεροχὴν,
667 5120 760 5171 καὶ
782 5120 840 5170 τὸ
873 5122 936 5174 ἐκ
971 5120 1062 5173 τοῦ
1100 5122 1325 5175 πλούτου
1352 5119 1628 5190 φρύαγμα,
1653 5122 1736 5175 οὗ·

251 5289 294 5326 ³⁷
323 5293 467 5348 Psal,
500 5309 650 5356 xvm,
692 5295 744 5348 5.
822 5292 865 5322 ³³
893 5290 1076 5345 Matth.
1111 5308 1184 5353 IV,
1219 5293 1299 5345 I5.

250 5433 360 5504 (ὓὸ)
394 5433 565 5486 Editio
610 5433 772 5488 Basil.
805 5433 1130 5504 τηλικαύτης
1179 5435 1390 5500 σοφίας.
1428 5434 1601 5488 Editio
1629 5435 1730 5488 Ρη-

185 5503 272 5557 ris,
311 5520 436 5574 runt
460 5519 587 5554 mss.
618 5503 945 5574 τηλικαύτης
975 5503 1318 5572 Ἐκκλησίας,
1355 5509 1504 5560 bene.
1533 5504 1730 5574 Ibidem

184 5593 210 5618 ι·
235 5577 306 5625 εἱιὲ
346 5572 611 5641 ἁνὰμενον
644 5572 737 5628 καὶ
771 5574 1018 5644 μαθήσει.
1046 5577 1112 5627 At
1149 5588 1274 5626 tuss.
1310 5590 1401 5629 sex
1449 5573 1733 5642 ἀνάμεινον

186 5644 272 5696 καὶ
304 5645 550 5712 μαθήσει.

253 5717 361 5795 1133}
398 5713 478 5795 μη
515 5728 761 5795 stixnmss.
801 5718 858 5766 At
893 5714 1016 5795 mliti
1062 5714 1308 5780 συνάγον,

253 5781 360 5840 (ﬁlii
398 5781 569 5837 Editio
595 5782 764 5839 Paris.
800 5787 885 5837 καὶ
911 5784 1011 5838 διὰ.
1056 5787 1216 5839 Abest
1249 5781 1340 5835 καί
1373 5793 1424 5838 et
1465 5799 1493 5838 a
1523 5797 1648 5839 mss.
1679 5790 1726 5838 et

1852 4572 2132 4640 reliqueris
2161 4584 2279 4623 eam
2315 4583 2414 4635 qua
2445 4565 2724 4617 inferiores
2749 4579 2976 4633 superas
3006 4570 3393 4634 przestantiam,

1843 4676 1896 4720 et
1928 4680 2044 4716 eam
2078 4676 2196 4730 qua}
2229 4676 2291 4712 ex
2317 4657 2516 4710 divitiis
2549 4656 2719 4710 oritur
2749 4656 3059 4724 elationem,
3092 4660 3161 4711 ita
3179 4660 3391 4712 dcunnn

1849 4756 2124 4824 ingredere
2173 4754 2224 4805 in
2273 4748 2562 4802 Ecclesium
2629 4749 2742 4803 Dei.
2798 4747 2982 4818 Neque
3034 4752 3196 4819 igitur
3244 4752 3396 4807 dives

1848 4863 2134 4915 pauperem
2179 4847 2460 4913 despiciat,
2497 4865 2669 4919 neque
2708 4865 2910 4919 pauper
2947 4851 3196 4906 formidet
3240 4851 3391 4907 locu-

1843 4938 2041 5006 pletum
2089 4938 2378 5004 potentiam
2407 4956 2419 4990 :
2453 4947 2622 5009 tthtie
2657 4942 2748 4994 lilii
2791 4941 3064 4996 hominum
3098 4945 3391 5013 terrigenas

1849 5031 2257 5098 parvipendant,
2303 5047 2400 5084 nec
2449 5048 2633 5086 rursus
2682 5032 2747 5084 ab
2789 5033 2893 5088 illis
2928 5050 3046 5089 sese
3089 5036 3392 5092 abalienent

1847 5121 2149 5190 terrigcme.
2186 5120 2296 5177 Imo
2326 5133 2510 5192 gentes
2540 5137 2657 5176 cum
2695 5126 2758 5178 iis
2793 5125 2883 5194 qui
2916 5125 3158 5182 habitant
3184 5128 3393 5189 orbem,

1841 5436 1907 5490 ab
1936 5436 2168 5491 editione
2190 5433 2350 5487 Basil.

1909 5505 2022 5575 (6H)
2048 5505 2134 5558 Sic
2159 5504 2538 5574 quinquemss.
2559 5505 2623 5557 At
2647 5503 2771 5558 editi
2793 5519 2909 5556 cum
2931 5501 3060 5572 Ileg.
3087 5513 3235 5556 sexto
3261 5516 3390 5570 προ-

1837 5577 2151 5614 ηςφῖιιτυ-ησ

1848 5593 2284 5716 ὴῖίίἓῖῖνιίέᾞςιο
2333 5660 2464 5700 mss.
2514 5653 2565 5716 et
2608 5641 2770 5716 editio
2816 5640 2976 5696 Basil.
3036 5641 3208 5696 Editio
3257 5653 3380 5695 vch

1837 5709 2014 5772 Paris;
2040 5732 2159 5771 cum
2187 5714 2385 5771 Catena
2417 5713 2635 5769 Corder.
2663 5709 2941 5783 πρότερον.
