4098 6324
193 377 316 423 4ὃῖ

1313 382 1591 438 llOMlLIA
1628 387 1693 441 ΙΝ
1730 388 2054 442 ΡεΑωιιΜ
2095 388 2320 442 XLVlil.

3357 401 3453 452 458

193 507 364 551 σεως
395 490 558 559 λέγει,
595 493 722 562 περὶ
763 485 830 562 ἦς
875 490 1105 562 εἴρηται·
1141 496 1358 564 Ἡμέρα
1391 501 1610 567 Κυρίου
1636 503 1790 556 ἀνία-

1904 517 2171 571 quemque
2230 503 2640 557 circumdabunt
2673 506 2901 560 consilia
2957 523 3052 563 sua
3074 509 3143 565 λ’.
3176 509 3324 566 Tunc
3354 515 3456 567 ita-

196 599 326 648 τος
352 584 645 637 ὲπιοπάντα
665 583 730 636 τὰ
761 584 905 655 ἔθνη,
945 587 1001 642 ἐν
1027 583 1082 662 ᾖ,
1118 589 1279 658 φησὶν
1314 593 1341 643 ό
1368 594 1670 664 προφήτης,
1704 597 1785 648 ὅτι

199 677 491 731 κυκλώσει
522 679 746 730 ἕκαστον
774 677 842 730 τὰ
872 679 1146 734 διαϐούλια
1175 682 1360 734 αὑτοῦ.
1394 687 1524 738 Τότε
1561 685 1673 750 οὖν,
1702 690 1788 742 διὰ

199 765 277 818 τὸ
317 767 479 837 μηδέν
515 783 600 836 μοι
642 765 950 837 πεπράχθαι
982 771 1178 839 ἄνομον
1219 773 1276 826 ὲν
1308 778 1372 845 τῇ
1406 774 1510 844 ὁδῷ
1555 778 1620 846 τῇ
1647 777 1787 831 κατά

202 857 312 911 ’τον
348 858 478 926 βίον,
510 856 569 908 οὐ
610 857 879 930 φοϐοῦμαι
906 861 1004 929 τὴν
1039 861 1249 932 ἡμέραν
1285 865 1383 934 τὴν
1412 867 1668 936 πονηράν.
1710 870 1784 921 Οὺ

204 950 332 1019 γάρ
356 949 735 1018 περιστήσεταί
759 970 846 1023 μοι
871 954 938 1004 τὰ
972 952 1092 1022 ῐχνη
1123 957 1227 1007 τῶν
1253 959 1672 1027 ἡμαρτημένων,
1696 962 1788 1013 οὐ·

206 1043 275 1095 δὲ
340 1041 604 1094 κυκλώσει
669 1063 753 1114 με,
802 1049 858 1098 ὲν
915 1048 980 1115 τῇ
1033 1048 1291 1121 σιωπώσῃ
1346 1051 1645 1122 κατηγορίᾳ
1697 1052 1786 1105 τὸν

208 1131 444 1202 ἔλεγχόν
485 1150 574 1202 μοι
617 1135 905 1202 ἐπάγοντα.
937 1135 1122 1199 υὺδεὶς
1155 1137 1262 1205 γάρ
1309 1153 1399 1189 σου
1434 1137 1617 1207 ἕτερος
1663 1157 1793 1192 κατ-

209 1222 420 1292 ήγορος
452 1223 702 1293 στήσεται
733 1225 763 1294 ἢ
803 1223 962 1274 αὺταὶ
989 1228 1043 1277 αί
1085 1225 1310 1295 πράξεις
1355 1224 1491 1293 μετὰ
1521 1227 1617 1296 τῆς
1654 1229 1788 1290 ἰδίας

213 1315 440 1384 μορφῆς
468 1315 667 1388 ἑκάστη
701 1319 1072 1388 παρισταμένη
1097 1335 1111 1348 ο
1137 1321 1169 1388 ἡ
1203 1318 1430 1387 μοιχεία,
1468 1321 1498 1389 ή
1534 1320 1728 1390 κλοπὴ,
1759 1321 1791 1389 ἡ

213 1406 469 1476 πορνεία,
519 1409 653 1478 μετὰ
688 1407 786 1475 τῆς
820 1410 1028 1474 νυκτὸς,
1075 1409 1210 1480 μετὰ
1255 1409 1347 1460 τοῦ
1388 1410 1608 1480 τρόπου,
1655 1411 1792 1479 μετὰ

213 1493 334 1547 τῶν
367 1497 868 1567 χαρακτηριζόντων
895 1499 1060 1567 αὐτὴν
1107 1498 1428 1569 ἰδιωμάτων,
1475 1499 1568 1552 καὶ
1619 1498 1792 1565 ἁπαξ-

213 1584 428 1649 απλῶς,
465 1587 662 1658 ἑκάστη
701 1589 938 1659 ἁμαρτία
983 1590 1118 1660 μετὰ
1158 1590 1249 1644 τοῦ
1279 1591 1408 1644 ὶδίου
1449 1591 1793 1663 χαρακτῆρος

215 1678 431 1748 ἐναργῆ
460 1677 692 1748 φέρουσα
721 1681 815 1751 τὴν
848 1683 1146 1751 ὑπόμνησιν
1174 1685 1596 1753 παραστήσεται.
1659 1683 1788 1752 Ἐμὲ

1891 608 2016 660 que,
2043 594 2167 662 quia
2220 595 2354 648 nihil
2392 608 2420 646 a
2455 610 2540 648 me
2579 595 2750 665 iniqui
2804 596 2856 650 in
2908 598 3029 651 vitm
3056 600 3139 652 via
3186 611 3452 668 patratum

1890 692 1994 746 est,
2027 681 2222 736 malam
2260 702 2363 738 non
2392 683 2589 737 timebo
2634 684 2796 738 diem.
2830 683 2963 738 Nam
2997 697 3337 752 peccatorum
3363 705 3455 744 ve-

1891 774 2049 843 stigia
2082 789 2185 827 non
2220 792 2302 830 me
2337 775 2763 838 circumsistent,
2797 791 2970 844 neque
3017 777 3451 847 circmndahunt,

1892 867 2052 919 tacita
2103 869 2446 923 accusatione
2506 880 2591 921 me
2649 867 3004 937 objurgantia.
3071 868 3256 923 Nullus
3309 871 3452 924 enim

1894 957 2034 1010 alius
2065 968 2350 1012 accusator
2381 961 2454 1013 lui
2507 959 2753 1022 sistetur,
2788 973 2949 1028 quam
2984 959 3095 1028 ipsa
3129 959 3292 1022 facta,
3326 976 3449 1013 cum

1895 1062 1990 1101 sua
2025 1061 2250 1116 quaeque
2302 1047 2472 1102 forma
2530 1049 2762 1104 astantia
2797 1049 3185 1114 :adulterium,
3215 1050 3449 1116 ,t'urtum,

1895 1150 2161 1210 stuprum,
2199 1153 2318 1192 cum
2353 1150 2530 1205 nocte,
2567 1158 2687 1196 cum
2733 1142 2918 1205 modo,
2954 1157 3075 1196 eum
3115 1142 3453 1210 proprietati-

1897 1230 1995 1284 bus
2022 1229 2075 1283 id
2115 1229 2544 1298 designantibus,
2578 1241 2632 1285 et
2665 1235 2716 1287 in
2753 1247 2983 1296 summa,
3023 1235 3447 1302 unumquodque

1897 1329 2174 1388 peccatum
2201 1335 2322 1375 cum
2356 1321 2573 1388 preprio
2613 1323 2925 1379 charactere
2968 1324 3313 1394 producetur,
3340 1324 3452 1379 cla-

1895 1424 2009 1461 ram
2038 1409 2267 1464 aﬁ‘erens
2298 1409 2743 1465 recordationem.
2774 1412 2853 1463 Me
2880 1415 3042 1480 igitur
3077 1413 3296 1483 vestigia
3322 1428 3447 1480 pec-

1895 1508 2138 1552 catorum
2175 1515 2278 1553 non
2323 1502 2728 1556 circumdabunt
2756 1520 2768 1554 :
2798 1503 2990 1570 quippe
3021 1507 3145 1573 quia
3191 1504 3445 1558 inclinavi

1893 1592 1944 1644 in
1981 1592 2290 1661 parabolam
2334 1607 2516 1646 aurem
2559 1608 2753 1658 meam,
2801 1603 2854 1648 et
2888 1597 3073 1661 aperui
3102 1597 3153 1648 in
3182 1596 3438 1666 psalterio

1891 1685 2314 1750 propositionum
2345 1700 2539 1740 meam.

211 1766 317 1822 οὖν
366 1770 426 1820 οὐ
471 1772 732 1826 κυκλώσει
764 1777 830 1828 τὰ
863 1777 978 1844 ἴχνη
1023 1776 1127 1825 τῶν
1168 1778 1590 1846 ἡμαρτημένων·
1645 1778 1778 1828 διότι
1816 1777 2023 1830 ἔκλινεν
2044 1779 2122 1840 εἰς
2148 1779 2454 1849 παραϐολὴν
2492 1780 2553 1832 τὸ
2592 1774 2682 1842 οὖς
2722 1798 2843 1850 μου,
2885 1780 3071 1851 ἡνοιξα
3093 1783 3149 1834 ἐν
3173 1780 3449 1855 ψαλτηρίῳ

210 1861 280 1913 τὸ
313 1861 600 1932 πρόϐλημά
632 1882 748 1933 μου.

290 1953 344 2006 5.
363 1955 424 2005 Ol
449 1956 792 2020 πεποιθότες
823 1955 919 2009 ἐπὶ
949 1956 1023 2026 τῇ
1049 1957 1295 2028 δυνάμει
1324 1961 1538 2023 αὑτων,
1568 1960 1660 2012 καὶ
1688 1958 1786 2012 ἐπὶ

1957 1957 2010 2011 5.
2048 1956 2209 2010 Vens.
2243 1956 2294 2008 7.
2316 1955 2416 2017 Qui
2448 1955 2712 2022 conﬁdunt
2740 1956 2789 2007 in
2819 1957 3002 2010 virtute
3020 1966 3200 2023 sua,el
3230 1960 3286 2011 in
3311 1961 3449 2012 mul-

213 2044 304 2108 τῷ
339 2044 548 2113 πλήθει
575 2045 678 2099 τοῦ
704 2050 968 2102 πλούτου
992 2050 1188 2104 αὐτῶν
1226 2050 1613 2120 καυχώμενοι.
1640 2052 1787 2121 Πρὸς

213 2135 318 2188 δύο
341 2137 598 2206 πρόσωπα
628 2137 703 2207 τῷ
728 2139 984 2208 Προφήτῃ
1010 2142 1036 2190 ό
1070 2140 1223 2207 λόγος
1253 2142 1364 2193 ἐστί
1386 2159 1397 2170 ·
1426 2142 1557 2212 πρός
1589 2159 1647 2193 τε
1688 2158 1787 2211 γη-

214 2233 400 2296 γενεῖς
428 2231 518 2283 καὶ
553 2232 685 2301 πρὸς
713 2234 836 2293 τοὺς
870 2232 1172 2295 πλουσίους.
1201 2236 1322 2298 Τοῖς
1356 2238 1449 2305 μὲν
1481 2238 1586 2307 γὰρ
1619 2235 1788 2288 διαλέ-

215 2336 399 2387 γεται,
454 2322 726 2391 καθαιρῶν
771 2324 869 2391 τὴν
900 2325 989 2375 ἐπὶ
1015 2327 1078 2394 τῇ
1104 2325 1327 2394 δυνάμει
1374 2327 1549 2379 αὐτῶν
1590 2328 1784 2396 οἴησιν,

215 2415 336 2472 τοῖς
357 2413 410 2465 δὲ
441 2414 534 2482 τὴν
567 2416 656 2469 ἐπὶ
681 2418 744 2485 τῇ
781 2415 888 2484 (75)
923 2417 1204 2488 περιουσία
1242 2417 1349 2469 τῶν
1382 2418 1670 2488 κτημάτων
1698 2420 1791 2470 έπ-

218 2522 404 2575 αρσιν.
457 2507 658 2575 Ὑμεῖς,
693 2509 872 2578 φησιν,
921 2509 969 2559 οἱ
1006 2509 1320 2570 πεποιθότες
1348 2511 1436 2561 ἐπὶ
1469 2513 1532 2580 τῇ
1564 2510 1789 2578 δυνάμει

218 2595 418 2648 αὐτῶν.
463 2591 617 2649 Οὗτοι
649 2598 753 2668 γὰρ
782 2599 829 2650 οἱ
859 2601 1125 2668 γηγενεῖς,
1152 2600 1198 2650 οἱ
1237 2597 1378 2667 ἰσχύϊ
1419 2597 1664 2668 σώματος
1697 2600 1791 2650 επ-

219 2686 550 2750 ελπίζοντες,
593 2690 683 2740 καὶ
704 2690 933 2759 οἰόμενοι
958 2690 1201 2759 αὐτάρκη
1226 2687 1360 2741 εἶναι
1391 2690 1487 2759 τὴν
1521 2688 1793 2761 ἀνθρωπί-

221 2793 325 2843 νην
350 2776 505 2844 φύσιν
533 2780 667 2847 πρὸς
694 2781 748 2831 το
774 2781 1009 2844 δυνατῶς
1036 2782 1296 2834 ἐπιτελεῖν
1325 2783 1358 2835 δι
1388 2783 1652 2852 βούλεται.
1684 2785 1791 2835 Καὶ

223 2869 408 2937 ὑμεῖς,
445 2870 624 2936 φησιν,
658 2872 703 2920 οἱ
744 2871 1060 2934 πεποιθότες
1088 2873 1177 2924 ἐπὶ
1208 2873 1433 2927 πλουτου
1484 2876 1789 2946 ἀδηλότητι,

221 2958 514 3013 ἀκούσατε.
545 2959 763 3029 Λύτρων
799 2961 924 3030 ὑμῖν
953 2963 1108 3032 χρεία
1152 2965 1286 3034 πρὸς
1320 2966 1377 3015 τὸ
1408 2966 1484 3027 είς
1513 2966 1607 3036 τὴν
1642 2967 1791 3019 ἐλευ-

225 3051 416 3120 θερίαν
450 3051 810 3123 ἐξαιρεθῆναι,
836 3055 899 3124 ἣν
926 3055 1234 3127 ἀφῃρέθητε
1273 3059 1578 3128 νικηθέντες
1611 3063 1672 3130 τῇ
1705 3060 1806 3131 βίᾳ,

223 3139 324 3192 τοῦ
358 3141 618 3205 διαϐόλου,
645 3143 722 3204 ὃς,
756 3147 1092 3215 ὑποχειρίους
1114 3148 1254 3216 ὑμᾶς
1279 3149 1476 3213 λαϐὼν,
1509 3152 1567 3203 οὐ
1604 3151 1793 3222 πρότε-

226 3247 326 3301 ρον
353 3231 450 3299 τῆς
489 3235 677 3285 ἑαυτοῦ
708 3237 1016 3304 τυραννίδος
1050 3238 1259 3302 ἀφίησι,
1306 3240 1432 3307 πρὶν
1468 3240 1529 3290 ἅν
1567 3259 1671 3292 τινι
1698 3243 1790 3292 λύ-

223 3339 340 3392 τρῳ
377 3321 632 3392 ἀξιολόγῳ
671 3325 910 3387 πεισθεὶς
948 3326 1373 3392 ἀνταλλάξασθαι
1410 3330 1552 3397 ὑμᾶς
1583 3331 1788 3401 ἕληται.
1821 3299 1860 3356 C

225 3417 322 3466 Δεῖ
344 3409 432 3466 οὖν
466 3415 526 3466 τὸ
557 3414 746 3486 λύτρον
793 3417 862 3486 μὴ
900 3418 1152 3487 ὁμογενὲς
1177 3415 1311 3472 εἶναι
1356 3423 1465 3483 τοῖς
1499 3424 1793 3492 κατεχομέ-

223 3521 360 3567 νοις,
384 3505 516 3559 ana
541 3506 715 3575 πολλῲ
739 3507 1009 3576 διαφέρειν
1038 3508 1112 3577 τῷ
1140 3509 1339 3580 μέτρῳ,
1370 3513 1416 3561 εἰ
1447 3511 1628 3579 μέλλοι
1653 3514 1792 3564 ἑκὼν

223 3594 456 3663 ἀφήσειν
510 3597 605 3665 τῆς
657 3596 895 3658 δουλείας
953 3598 1075 3657 τοὺς
1137 3600 1533 3668 αἰχμαλώτους.
1596 3601 1791 3672 Διόπερ

225 3684 454 3752 ἀδελφὸς
483 3687 621 3755 ὑμᾶς
648 3687 755 3756 (74)
793 3685 1166 3757 λυτρώσασθαι
1199 3688 1256 3739 οὐ
1283 3689 1516 3743 δύναται.
1554 3692 1794 3760 ’Ἄνθρω-

226 3793 332 3837 πος
380 3778 486 3849 γάρ
535 3779 704 3840 οὐδεὶς
757 3778 976 3841 δυνατός
1027 3781 1141 3831 ἐστι
1199 3783 1379 3831 πεῖσαι
1424 3781 1511 3831 τὸν
1551 3782 1791 3834 διάϐολον

226 3868 366 3939 πρὸς
412 3870 470 3922 τὺ
501 3870 590 3921 τὸν
636 3869 777 3932 ἅπαξ
813 3871 958 3937 αὐτῷ
993 3872 1328 3923 ὑποπεσόντα
1373 3872 1644 3935 ἐξελέσθαι
1686 3873 1792 3925 ἀπὸ

226 3960 329 4029 τῆς
360 3958 599 4022 ἐξουσίας
620 3976 632 3988 ·
663 3960 718 4021 ὃς
758 3976 818 4026 γε
857 3959 974 4010 οὐδὲ
1009 3961 1132 4028 περὶ
1168 3961 1271 4012 τῶν
1303 3963 1442 4013 ἰδίων
1468 3965 1792 4034 ἁμαρτημά-

412 4044 457 4064 τι
564 4051 573 4066 ο
618 4054 628 4065 ο
760 4050 850 4078 χρη·
1111 4050 1131 4078 Γ
1299 4054 1317 4062 -
1376 4055 1384 4059 ’
1446 4056 1467 4066 ~
1575 4056 1629 4072 νι·
1732 4052 1756 4071 γ

228 4069 338 4104 των
382 4065 488 4112 οιος
520 4067 577 4102 τε
614 4068 725 4102 εστι
759 4067 1018 4119 εςιλασμα
1049 4050 1225 4102 δουναι
1256 4071 1330 4121 τῳ
1363 4058 1498 4124 ι’)ειρ.
1549 4057 1668 4118 ῐυυς
1702 4073 1790 4108 ουν

230 4141 438 4210 ἰσχύσει
468 4141 621 4192 τοῦτο
651 4142 786 4212 ὑπὲρ
822 4142 1004 4212 ἑτέρου
1041 4144 1273 4213 πράξαις
1313 4144 1373 4193 Τί
1406 4145 1447 4195 δ’
1479 4145 1541 4197 ἂν
1577 4147 1669 4198 καὶ
1703 4165 1789 4200 το-

231 4231 418 4284 σοῦτον
469 4234 722 4301 κτήσαιτο
760 4235 816 4283 έν
850 4231 924 4299 τῷ
968 4233 1121 4284 αἰῶνι
1167 4234 1356 4302 τούτῳ,
1407 4233 1480 4295 ὡς
1525 4233 1790 4305 αὔταρκες

228 4328 372 4395 ἔχειν
410 4327 505 4395 τῆς
538 4325 714 4394 ψυχῆς
742 4326 1089 4395 ἀντάλλαγμα
1114 4329 1209 4396 τῆς
1238 4326 1393 4393 quasi
1426 4328 1629 4396 τιμίας,
1659 4329 1790 4381 διότι

230 4420 348 4470 κατ’
387 4419 564 4468 εἰκόνα
600 4419 687 4470 τοῦ
729 4420 1007 4480 κτίσαντος
1043 4417 1209 4488 αὐτὴν
1246 4419 1493 4486 έγένετο;
1531 4422 1686 4483 Ποῖος
1734 4421 1789 4472 δὲ

230 4511 472 4578 κάματος
510 4509 598 4560 τοῦ
628 4511 913 4571 ἐνεστῶτος
943 4512 1130 4574 αἰῶνος
1164 4511 1429 4580 αὔταρκες
1465 4514 1670 4579 ἐφόδιον
1698 4512 1785 4564 τοῦ

232 4601 509 4671 μέλλοντος
540 4601 730 4664 αἰῶνος
761 4605 822 4670 τῇ
854 4601 1157 4671 ἀνθρωπίνη
1184 4603 1322 4672 ⁸ζιυχῇ
1347 4621 1358 4664 ;
1392 4604 1650 4656 Τοσοῦτον
1689 4606 1784 4674 μὲν

228 4688 321 4746 οὖν
351 4693 704 4762 ἁπλούστερον
745 4692 914 4744 ταῦτα
959 4694 1307 4762 νενοήκαμεν.
1345 4694 1458 4746 Κᾶν
1496 4697 1603 4747 τῶν
1649 4697 1786 4764 μέγα

229 4803 315 4845 τις
338 4784 643 4855 δυναμένων
678 4786 732 4835 ὲν
762 4783 838 4852 τῷ
860 4783 956 4851 βίῳ
982 4783 1149 4853 τούτῳ
1173 4782 1308 4837 εἶναι
1337 4786 1484 4854 δοκῇ,
1520 4787 1620 4838 κᾶν
1650 4788 1784 4856 πλη-

231 4876 322 4938 θος
343 4877 579 4946 κτήσεως
606 4875 1058 4946 περιϐεϐλημένος
1085 4873 1140 4946 ᾗ,
1166 4876 1396 4928 διδάσκει
1426 4876 1664 4930 καθεῖναι
1689 4878 1786 4946 τῆς

229 4969 452 5036 οἰήσεως
487 4969 513 5019 ὁ
534 4967 705 5032 λόγος,
736 4968 827 5018 καὶ
855 4966 1246 5034 ταπεινωθῆναι
1270 4967 1372 5018 ὑπὸ
1401 4967 1494 5036 τὴν
1525 4967 1788 5036 κραταιάν

232 5063 385 5130 χεῖρα
429 5057 520 5110 τοῦ
563 5058 715 5120 Θεοῦ,
765 5059 857 5111 καὶ
903 5060 1037 5129 μήτε
1087 5059 1177 5110 ἐπὶ
1204 5060 1530 5131 νομιζομένῃ
1563 5060 1788 5128 δυνάμει

233 5148 566 5210 πεποιθέναι,
615 5151 746 5218 μήτε
782 5150 872 5201 ἐπὶ
910 5149 986 5219 τῷ
1020 5149 1211 5219 πλήθει
1245 5149 1335 5201 τοῦ
1373 5150 1599 5202 πλουτου
1654 5169 1786 5202 καυ-

233 5237 444 5308 χᾶσθαι.
477 5235 707 5290 Δυνατὸν
735 5237 912 5306 μέντοι
942 5241 1033 5290 καὶ
1071 5240 1260 5308 μικρόν
1297 5257 1345 5292 τι
1386 5241 1792 5311 προσαναϐῆναι

232 5333 295 5400 τῇ
322 5329 540 5400 διανοίᾳ,
577 5329 667 5381 καὶ
695 5331 817 5391 τοὺς
858 5329 1180 5392 πεποιθότας
1222 5329 1312 5381 ἐπὶ
1347 5333 1408 5400 τῇ
1441 5331 1662 5401 δυνάμει
1697 5333 1794 5384 αὐ-

306 5466 350 5496 “
378 5464 501 5520 Ose.
524 5481 617 5530 γη,
658 5466 711 5519 2.
787 5465 831 5496 ’⁸³
860 5465 877 5518 l
910 5466 1048 5521 Tim.
1076 5467 1257 5530 v1,i7.
1331 5469 1412 5520 “l
1449 5467 1588 5522 Pclr.
1615 5485 1664 5532 ν,
1695 5469 1745 5523 6.

235 5606 496 5659 ιηοηιίοείε
529 5607 599 5657 ita
633 5603 851 5673 legerit:
889 5605 1140 5673 quoniam
1169 5614 1342 5657 tamen
1391 5606 1562 5660 oratio
1586 5605 1700 5658 sine
1724 5605 1781 5656 οὐ

234 5678 500 5728 cuhmrerc
555 5692 657 5728 non
704 5690 858 5740 posse
919 5677 1147 5740 videtur,
1201 5675 1400 5731 idcirco
1434 5691 1554 5729 eam
1600 5690 1784 5729 vocem

237 5747 560 5798 retinendam
591 5743 1098 5808 cs~ejudicavimus.

301 5817 404 5875 (73)
438 5815 576 5870 lﬁaliti
629 5814 724 5871 τὴν
759 5817 812 5866 ἐν
965 5817 1029 5867 At
1071 5832 1198 5869 mss.
1231 5816 1378 5869 tnulti
1428 5817 1520 5882 τὴν
1564 5814 1654 5868 ἐπῖ
1687 5817 1770 5882 τῇ.

1889 2050 2104 2102 tiludine
2132 2048 2429 2099 divitiarum
2464 2063 2677 2098 suarum
2704 2047 3018 2115 gloriantur.
3053 2051 3129 2102 Ad
3177 2050 3307 2104 duas
3337 2067 3451 2121 per-

1888 2155 2052 2196 sonas
2081 2139 2362 2207 Pr0phetre
2395 2153 2572 2192 sermo
2596 2150 2706 2192 est:
2753 2147 2805 2192 et
2841 2139 2904 2193 ad
2944 2140 3262 2207 terrigenas,
3301 2153 3354 2197 et
3381 2144 3448 2196 ad

1891 2233 2102 2286 divites.
2132 2231 2250 2284 lllos
2275 2229 2416 2283 enim
2455 2230 2762 2298 alloquitur,
2797 2231 2874 2286 sic
2905 2241 2962 2285 ut
2991 2233 3447 2288 existimationem

1889 2341 2050 2393 quam
2085 2323 2149 2378 de
2176 2337 2234 2376 se
2268 2321 2398 2392 ipsis
2435 2321 2502 2374 ob
2545 2323 2838 2388 potentiam
2892 2334 3269 2392 conceperant,
3295 2341 3451 2380 ever-

1893 2425 2002 2470 tat:
2035 2415 2132 2469 hos
2171 2429 2319 2474 vero,
2381 2413 2460 2468 sic
2495 2421 2551 2466 ut
2590 2413 2835 2468 destruat
2888 2413 3126 2481 ipsorum
3173 2415 3242 2470 ob
3288 2430 3448 2485 opum

1891 2506 2094 2574 copiam
2120 2506 2427 2557 elationem.
2457 2504 2582 2565 Vos,
2610 2505 2802 2572 inquit,
2839 2507 2926 2572 qui
2971 2507 3021 2559 in
3052 2515 3224 2560 vestra
3248 2508 3451 2561 virtute

1892 2596 2177 2650 conﬁditis.
2211 2595 2273 2648 lli
2313 2595 2454 2648 enim
2485 2604 2606 2648 sunt
2651 2596 2949 2661 terrigenae,
2981 2597 3071 2665 qui
3117 2597 3166 2650 in
3210 2598 3449 2666 corporis

1892 2689 2096 2742 viribus
2128 2702 2274 2756 spem
2335 2695 2559 2754 ponunt,
2595 2695 2648 2740 et
2685 2686 2968 2742 humanam
3009 2699 3252 2742 naturam
3298 2688 3450 2742 suﬂi-

1893 2781 2120 2833 cientem
2177 2792 2295 2831 esse
2337 2788 2550 2847 putant,
2607 2779 2672 2832 ad
2726 2789 2944 2832 strenue
2973 2780 3296 2847 perﬁcienda
3329 2794 3449 2848 qua:

1894 2870 2026 2926 vult.
2069 2868 2134 2922 Et
2163 2885 2276 2934 vos,
2312 2869 2505 2938 inquit,
2543 2871 2632 2938 qui
2695 2869 2746 2922 in
2816 2871 3022 2924 incerto
3071 2871 3374 2925 divitiarum
3401 2872 3447 2902 ⁸³

1894 2961 2142 3016 ﬁduciam
2176 2961 2461 3024 habuistis,
2492 2959 2693 3014 audite.
2729 2959 2907 3015 Pretio
2942 2964 3320 3030 redemptionis
3348 2977 3447 3015 voc

1892 3052 1973 3104 bis
1998 3066 2130 3118 opus
2169 3058 2271 3113 εει,
2307 3058 2364 3102 ιιι
2411 3049 2728 3102 asseramiui
2764 3053 2812 3102 in
2840 3050 3163 3115 libertatem,
3186 3065 3290 3120 qua
3320 3066 3445 3118 spo-

1895 3138 2006 3190 liati
2036 3139 2232 3203 fuistis,
2268 3141 2316 3192 vi
2347 3140 2542 3193 diaboli
2580 3140 2730 3202 victi,
2769 3140 2858 3207 qui
2917 3141 3156 3209 captivos
3190 3157 3283 3197 vos
3315 3144 3445 3197 reti-

1896 3244 2048 3295 nens,
2077 3244 2181 3284 nou
2206 3230 2353 3298 prius
2377 3245 2404 3281 a
2437 3245 2531 3283 sua
2555 3230 2836 3298 tyrannide
2865 3231 3015 3285 abire
3048 3232 3244 3287 Liberos
3280 3235 3445 3300 sinet,

1895 3336 2055 3390 quam
2099 3321 2367 3387 condigno
2403 3320 2582 3388 aliquo
2646 3321 3030 3389 redemptionis
3063 3324 3235 3392 pretio
3279 3323 3449 3377 addu-

1893 3421 2030 3476 ctus,
2071 3422 2376 3482 permutare
2413 3427 2508 3467 vos
2563 3411 2708 3468 velit.
2768 3411 3000 3468 Proinde
3069 3413 3448 3483 redemptionis

1894 3504 2122 3572 pretium
2157 3520 2262 3558 non
2311 3503 2547 3570 ejusdem
2574 3504 2786 3573 generis
2836 3519 2955 3558 esse
2992 3516 3204 3572 oportet
3229 3522 3350 3560 cum
3383 3506 3448 3560 iis

1893 3595 1984 3663 qui
2040 3594 2376 3658 detinentur,
2411 3594 2502 3646 sed
2552 3594 2711 3647 modo
2744 3608 3103 3663 mensuraque
3133 3595 3286 3664 longe
3309 3611 3446 3663 pra:-

1895 3686 2144 3749 stantius,
2173 3686 2216 3740 si
2242 3685 2477 3739 futurum
2510 3695 2593 3740 est
2623 3694 2681 3740 ut
2707 3686 2893 3741 lubens
2920 3689 3159 3756 captivos
3187 3689 3447 3742 servitute

1894 3775 2104 3830 liberet.
2137 3773 2493 3841 Quamobrem
2517 3774 2684 3830 frater
2700 3790 2792 3829 vos
2823 3791 3155 3846 nequaquam
3182 3779 3446 3832 redimere

1893 3867 2054 3922 valet.
2091 3866 2276 3920 Nullus
2307 3867 2444 3919 enim
2471 3867 2628 3920 homo
2661 3869 2984 3935 persuadere
3009 3869 3220 3923 diabolo
3253 3871 3441 3939 possit,

1894 3971 1951 4015 ut
1981 3976 2101 4015 eum
2149 3961 2238 4030 qui
2287 3960 2388 4013 sibi
2442 3960 2712 4026 subjectus
2759 3963 2920 4016 semel
2953 3971 3054 4026 est,
3085 3978 3147 4016 ex
3181 3971 3446 4031 potestate

1893 4068 1988 4105 sua
2024 4053 2231 4106 eximat
2263 4068 2275 4103 :
2309 4051 2397 4118 qui
2435 4051 2640 4105 scilicet
2673 4068 2738 4106 ne
2766 4068 2862 4121 pro
2892 4054 3002 4106 suis
3033 4056 3247 4121 quidem
3286 4055 3446 4124 180

1891 4143 2127 4210 peccatis
2185 4141 2292 4194 Deo
2325 4148 2483 4208 queat
2528 4141 2795 4208 piaculare
2846 4141 3168 4194 sacrillcium
3226 4140 3440 4194 oﬁ'erre.

1892 4233 2169 4300 Quomodo
2201 4232 2362 4300 igitur
2393 4232 2585 4301 poterit
2637 4232 2688 4285 id
2733 4246 2832 4300 pro
2883 4230 2988 4284 alio
3032 4230 3276 4286 eﬁicere?
3307 4230 3442 4298 Quid

1891 4338 2078 4378 rursus
2111 4323 2240 4374 tanti
2285 4322 2438 4389 pretii
2484 4322 2534 4373 in
2571 4322 2671 4374 hoc
2717 4320 2916 4374 szeculo
2946 4322 3263 4389 possederit,
3297 4333 3353 4374 ut
3391 4321 3442 4374 id

1892 4433 2010 4471 cum
2049 4415 2228 4468 anima
2272 4427 2389 4481 qua:
2420 4413 2652 4480 pretiosa
2683 4423 2765 4466 est
2793 4421 3011 4476 natura,
3045 4412 3237 4465 idonee
3273 4412 3444 4480 possit

1898 4507 2242 4571 commutari,
2293 4505 2554 4572 siquidem
2583 4506 2646 4558 ad
2674 4504 2948 4558 Creatoris
2987 4504 3274 4570 imaginem
3302 4503 3441 4556 facta

1893 4610 1999 4654 est.
2037 4599 2220 4664 Qualis
2252 4609 2428 4653 autem
2455 4598 2601 4650 labor
2626 4597 2906 4666 praisentis
2929 4595 3104 4649 saeculi
3123 4609 3241 4649 esse
3273 4594 3445 4665 possit

1894 4708 1990 4761 pro
2024 4692 2201 4746 futuro
2246 4691 2437 4745 sacculo
2469 4692 2718 4742 viaticum
2764 4688 3034 4743 sufﬁciens
3079 4689 3322 4744 humana:
3350 4704 3445 4742 na-

1898 4787 2070 4839 turae?
2102 4787 2370 4839 Ilactcnns
2409 4784 2626 4852 quidem
2679 4787 2792 4839 haec
2838 4786 3132 4854 simplicius
3179 4786 3445 4840 intellexi-

1898 4895 2036 4932 mus.
2075 4878 2298 4930 Etiamsi
2348 4878 2468 4946 quis
2518 4877 2570 4929 in
2621 4877 2720 4930 hac
2746 4879 2853 4930 vita
2902 4893 3222 4948 magnopere
3253 4894 3443 4948 petens

1895 4971 1994 5023 sibi
2031 4984 2150 5022 esse
2181 4969 2444 5029 videatur,
2491 4968 2700 5022 etiamsi
2749 4969 3054 5022 divitiarum
3099 4970 3249 5037 copia
3281 4970 3445 5038 stipa-

1893 5070 1976 5113 tus
2012 5061 2100 5123 sit,
2131 5075 2254 5113 eum
2289 5073 2465 5113 sermo
2498 5061 2652 5115 docet
2677 5058 2969 5114 hancillam
2995 5058 3444 5112 existimationem

1895 5151 2181 5218 deponere,
2217 5160 2378 5219 atque
2417 5150 2755 5204 humiliatum
2808 5163 2926 5202 esse
2969 5150 3064 5202 sub
3106 5149 3308 5216 potenti
3349 5147 3444 5202 Dei

1897 5240 2138 5303 manu“,
2185 5251 2233 5294 et
2273 5256 2446 5310 neque
2475 5241 2526 5294 in
2559 5255 2620 5293 ea
2653 5254 2811 5307 quam
2863 5239 3040 5292 animo
3069 5239 3304 5308 concipit
3351 5253 3447 5307 po-

1897 5331 2061 5384 tentia
2106 5331 2289 5397 ﬁdere,
2319 5345 2489 5400 neque
2529 5330 2580 5384 in
2636 5343 2792 5398 opum
2828 5329 3169 5383 multitudine
3203 5327 3443 5398 gloriari.

1895 5598 2086 5656 Statim
2121 5596 2256 5664 Reg.
2297 5595 2558 5647 secundus
2590 5593 2683 5664 ἐπὶ
2705 5595 2767 5663 τῇ
2801 5589 3008 5664 ἑαυτῶν
3030 5591 3270 5664 δυνάμει.

1965 5668 2076 5739 (74)
2109 5667 2178 5739 Ita
2206 5660 2370 5717 'mss.
2509 5663 2642 5739 ΔειΙίιί
2685 5660 2850 5739 ἡμᾶς.
2891 5661 3012 5739 Mox
3061 5663 3222 5739 editio
3247 5660 3440 5739 .Paris.

1895 5731 2014 5797 cum
2045 5731 2192 5790 t'lolb.
2221 5745 2370 5787 sexto
2403 5731 2736 5803 Ἀνθρωπος
2754 5735 2880 5804 γάρ.
2919 5734 3073 5787 Deest
3099 5733 3206 5802 γάρ
3246 5731 3298 5786 in
3351 5747 3445 5789 sex

1888 5826 2016 5867 mss.
2053 5806 2275 5878 perinde
2312 5814 2469 5872 atque
2499 5804 2549 5858 in
2585 5805 2818 5858 editione
2851 5803 3008 5859 thsil.
