4068 6318
699 362 764 415 39
1989 348 2044 403 S.
2088 347 2328 403 BASILI!
2365 346 2577 402 MAGNI

3787 347 3878 402 ΗΘ

661 475 772 532 lum
807 485 1089 541 possumus
1133 471 1294 522 etiam
1347 474 1578 521 mentem
1609 466 1764 535 paulo
1795 467 1952 521 altius
1990 467 2215 533 erigere,

2329 463 2446 526 τῶν,
2482 463 2573 513 καὶ
2607 462 2698 514 ἐπὶ
2730 463 2804 531 τῷ
2844 459 3034 530 πλήθει
3064 458 3155 512 τοῦ
3188 461 3414 517 πλούτου
3455 464 3634 516 αυτῶν
3672 481 3885 533 xui-47:19.

660 579 714 618 et
735 579 830 618 eos
865 565 954 630 qui
989 563 1040 614 iu
1073 574 1167 613 sua
1204 559 1441 627 potentia
1487 558 1781 621 contidunt,
1809 572 1873 611 ac
1908 561 1972 612 de
1995 570 2214 610 suarum

662 654 969 708 divitiarum
999 652 1150 719 c0pia
1179 650 1496 720 gloriantur,
1527 650 1594 704 de
1634 664 1825 703 animae
1879 648 2219 704 facultatibus

663 746 984 814 intelligere,
1028 754 1213 812 utpote
1249 757 1367 811 qua:
1396 757 1461 797 ne
1509 742 1620 810 ipsa
1657 741 1870 811 quidem
1911 756 2005 809 per
2032 754 2090 794 se
2116 739 2218 792 sibi

661 836 936 891 sufﬁciens
964 835 1033 888 sit
1070 836 1136 889 ad
1173 834 1423 888 salutem.
1463 831 1592 886 Nam
1645 832 1856 885 etiamsi
1889 833 2008 901 quis
2043 828 2220 900 perfe-

662 937 780 979 ctus
809 925 881 978 sit
916 925 966 979 iu
1006 925 1128 979 ﬁliis
1173 925 1468 986 hominum,
1515 923 1558 976 si
1611 923 1701 975 Dei
1755 923 2013 991 sapientia
2057 921 2218 986 absit,

666 1033 762 1085 pro
790 1017 958 1072 nihilo
1001 1015 1358 1085 reputabitur.
1409 1015 1560 1082 Quod
1615 1014 1658 1068 si
1689 1015 1956 1084 quispiam
2004 1011 2105 1066 sibi
2139 1027 2223 1065 co-

664 1109 803 1177 piam
838 1106 1355 1177 coutemplationum
1387 1123 1451 1160 ex
1482 1107 1750 1160 mundana
1780 1103 2039 1174 sapientia
2072 1119 2220 1157 com-

664 1200 957 1270 paraverit,
999 1210 1055 1254 et
1095 1201 1355 1270 quasdam
1401 1198 1727 1269 cognitionis
1757 1197 1972 1252 divitias
1999 1197 2223 1250 sortitus

665 1292 756 1355 sit,
785 1307 997 1345 omnem
1047 1292 1230 1345 audiat
1261 1289 1336 1343 rei
1387 1291 1667 1345 veritatem
1705 1308 1718 1344 :
1746 1302 1956 1355 nempe,
1988 1288 2220 1342 animam

663 1398 876 1437 onmem
906 1384 1196 1436 humanam
1238 1385 1586 1438 succubuisse
1619 1380 1760 1435 malo
1789 1381 2070 1436 servitutis
2095 1381 2224 1452 jugo

665 1471 966 1525 communis
996 1473 1236 1526 omnium
1268 1473 1501 1536 inimici;
1537 1479 1589 1525 et
1616 1485 1677 1525 ea
1709 1487 1870 1542 quam
1902 1489 1930 1526 a
1967 1473 2225 1529 Creatore

667 1572 950 1631 acceperat
977 1563 1226 1618 libertate
1249 1564 1530 1634 privatam,
1564 1563 1831 1633 captivam
1867 1566 2082 1619 ductam
2106 1579 2224 1618 esse

665 1669 761 1725 per
801 1666 1102 1721 peccatum.
1146 1653 1263 1710 1am
1318 1670 1444 1708 vero
1485 1659 1702 1725 captivo
1759 1654 1906 1710 omni
1956 1669 2091 1722 opus
2141 1663 2224 1708 est

666 1745 1052 1815 redemptionis
1097 1746 1270 1815 pretio
1310 1747 1375 1800 ad
1427 1746 1727 1802 libertatem
1774 1746 2217 1813 recuperandam.

2322 555 2513 625 μένους
2551 553 2738 621 νοῆσαι
2769 555 2862 607 ἐπὶ
2894 552 3002 606 τῶν
3032 552 3308 623 δυνάμεων
3331 557 3427 626 τῆς
3451 555 3648 624 ψυχῆς,
3680 556 3755 617 ὡς
3788 561 3883 611 οὐκ

2316 645 2633 707 αὐτοτελοῦς
2674 644 2838 715 ούσης
2879 644 2984 698 οὐδ’
3036 645 3201 714 αὐτῆς
3246 647 3379 715 πρὸς
3427 647 3719 717 σωτηρίαν.
3777 649 3880 702 Καὶ

2317 740 2425 810 γὰρ
2448 738 2542 792 ἐὰν
2564 737 2764 800 τέλειός
2783 735 2917 809 τιςῇ
2945 741 3002 790 ὲν
3028 738 3158 799 υίοῖς
3181 736 3496 807 ἀνθρώπων,
3527 741 3627 811 τῆς
3661 741 3770 791 ἐιτὼ
3791 741 3878 793 τοῦ

2317 828 2448 882 Θεοῦ
2489 828 2679 896 σοφίας
2715 827 2980 898 ἀπούσης,
3024 831 3102 892 είς
3138 829 3287 881 οὐδὲν
3322 829 3722 904 λογισθήσεται.
3764 833 3877 886 Κᾶν

2319 923 2520 992 πλῆθος
2659 924 3146 992 περιπεποιημένος
3197 923 3370 992 ἑαυτῷ
3405 926 3774 999 θεωρημάτων
3820 929 3879 979 ἐκ

2319 1017 2416 1087 τῆς
2466 1017 2564 1069 τοῦ
2599 1017 2798 1085 κόσμου
2831 1015 3038 1083 σοφίας,
3080 1018 3172 1070 καὶ
3201 1015 3424 1070 πλοῦτόν
3469 1036 3588 1073 τινα
3631 1021 3879 1089 γνώσεως

2323 1107 2648 1178 συνειληχὼς
2671 1107 2802 1178 (75),
2829 1106 3067 1160 ἀκουέτω
3109 1111 3285 1162 πᾶσαν
3315 1108 3407 1162 τοῦ
3435 1112 3759 1182 πράγματος
3789 1115 3881 1185 τὴν

2323 1197 2606 1268 ἀλήθειαν·
2637 1201 2716 1252 ὅτι
2747 1200 2893 1252 πᾶσα
2922 1197 3228 1271 ἀνθρωπίνη
3250 1202 3391 1274 ψυχὴ
3419 1201 3663 1272 ύπέκυψε
3687 1207 3763 1277 τῷ
3786 1224 3880 1259 πο-

2322 1289 2469 1361 νηρῷ
2504 1292 2600 1360 τῆς
2632 1291 2872 1355 δουλείας
2899 1289 3045 1361 ζυγῷ
3073 1291 3164 1343 τοῦ
3192 1294 3365 1347 κοινοῦ
3399 1293 3612 1347 πάντων
3652 1298 3877 1368 ἐχθροῦ·

2325 1385 2413 1436 καὶ⁵
2456 1382 2552 1453 τὴν
2583 1384 2734 1454 παρὰ
2763 1383 2856 1436 τοῦ
2880 1383 3159 1444 κτίσαντος
3187 1386 3352 1457 αὐτὴν
3385 1385 3699 1455 ἐλευθερίαν
3727 1391 3882 1456 ἀφαι-

2327 1475 2560 1547 ρεθεῖσα,
2592 1476 2930 1546 αἰχμάλωτος
2955 1476 3090 1548 ἢχθη
3128 1476 3214 1530 διὰ
3249 1479 3347 1548 τῆς
3382 1480 3675 1553 ἁμαρτίας.
3716 1481 3883 1536 Παντὶ

2322 1567 2376 1619 δὲ
2417 1568 2742 1639 αἰχμαλώτῳ
2786 1569 2993 1641 λύτρων
3045 1569 3202 1639 χρεία
3251 1571 3384 1640 πρὸς
3423 1575 3522 1644 τὴν
3551 1571 3878 1642 ἐλευθερίαν.

2324 1657 2460 1712 Ούτε
2489 1656 2579 1713 οὖν
2609 1660 2835 1732 ἀδελφὸς
2858 1664 2946 1717 τὸν
2976 1660 3167 1715 ἑαυτοῦ
3193 1662 3412 1732 ἀδελφὺν
3436 1665 3661 1718 δύναται
3685 1665 3884 1735 λυτρώ-

2326 1750 2538 1818 σασθαι,
2566 1751 2688 1806 οὔτε
2722 1755 2881 1818 αὐτὸς
2901 1754 3127 1818 ἕκαστος
3157 1755 3342 1806 ἑαυτόν
3362 1771 3374 1783 ·
3409 1755 3542 1810 διότι
3566 1757 3746 1827 πολλῷ
3773 1755 3884 1825 βελ-

668 1836 848 1907 Neqne
893 1840 1052 1907 igitur
1079 1838 1246 1892 frater
1285 1837 1514 1893 fratrem
1553 1853 1705 1893 suum
1731 1847 1904 1904 potest
1932 1837 2216 1899 redimere,

2329 1842 2467 1895 τίονα
2499 1845 2579 1896 δεῖ
2621 1840 2757 1896 εἶναι
2801 1845 2890 1897 τὸν
2934 1845 3290 1916 λυτρούμενον
3335 1845 3428 1899 τοῦ
3475 1850 3882 1920 κεκρατημένον

669 1945 842 1997 neque
890 1929 1028 1983 ullus
1065 1944 1127 1984 se
1169 1929 1377 1999 ipsum;
1410 1929 1550 1997 quod
1595 1929 1984 1997 redemptorem
2019 1944 2105 1993 eo,
2129 1929 2216 1997 qui

667 2021 911 2087 captivus
941 2031 1043 2086 est,
1078 2031 1133 2075 et
1165 2021 1273 2091 jam
1299 2020 1484 2083 servit,
1509 2029 1724 2089 oportet
1758 2035 1876 2075 esse
1900 2022 2057 2091 longe
2083 2036 2222 2091 pra:-

669 2112 1005 2167 stantiorem.
1035 2111 1139 2165 Sed
1163 2123 1216 2165 et
1254 2127 1321 2166 ne
1356 2111 1461 2165 ullo
1479 2112 1694 2180 quidem
1714 2115 1878 2168 modo
1901 2129 2019 2167 eam
2055 2113 2222 2166 facul-

671 2215 830 2260 tatem
849 2205 1007 2257 habet
1031 2203 1190 2257 bomo
1215 2215 1343 2273 erga
1368 2202 1560 2270 Deum,
1595 2213 1652 2259 ut
1681 2221 1778 2275 pro
1801 2215 2083 2276 peccatore
2100 2220 2220 2259 eum

667 2297 861 2365 placet,
893 2301 1015 2351 c‘um
1055 2305 1110 2350 et
1140 2297 1252 2365 ipse
1293 2298 1498 2366 peccati
1551 2299 1621 2352 sit
1671 2313 1813 2352 reus.
1847 2295 2038 2352 Omnes
2085 2299 2222 2352 enim

667 2399 1024 2457 peccaverunt,
1059 2399 1105 2441 et
1133 2397 1280 2456 egent
1302 2388 1468 2456 gloria
1498 2387 1612 2452 Dei,
1639 2387 1922 2456 justi/icati
1941 2389 2108 2457 gratis
2135 2405 2225 2455 per

666 2479 890 2548 gratiam
919 2479 1108 2547 ipsius,
1144 2494 1234 2547 per
1278 2479 1676 2548 redemptionem
1698 2495 1813 2550 qua:
1840 2489 1914 2534 est
1938 2482 1996 2535 in
2016 2477 2227 2534 Christo

665 2570 793 2625 Iesu
817 2571 1037 2624 Domino
1066 2581 1240 2624 nostra
1265 2571 1332 2622 η.

734 2663 788 2717 4.
827 2665 982 2716 Vens.
1002 2664 1054 2716 8.
1089 2662 1208 2715 Non
1238 2663 1381 2714 dabit
1401 2677 1527 2731 ergo
1558 2661 1664 2716 Deo
1695 2663 2042 2730 placationem
2059 2681 2228 2729 suam,

663 2763 713 2806 et
755 2754 976 2821 pretium
1020 2752 1388 2819 redemptionis
1426 2751 1617 2805 anima:
1656 2767 1784 2806 suae.
1834 2751 2018 2822 Neque
2070 2753 2232 2824 igitur

667 2843 888 2898 fratrem
943 2844 995 2898 in
1057 2845 1476 2914 redemptionem
1551 2859 1793 2914 ουτοι-ε..
1828 2845 1922 2900 sed
1999 2847 2228 2915 aliquem

666 2935 760 3005 qui
795 2945 941 2989 tuam
964 2937 1190 2990 excedat
1220 2947 1462 2989 naturam
1493 2951 1507 2991 :
1533 2951 1703 3004 neque
1727 2936 1993 2992 hominem
2010 2939 2227 3000 nudum,

669 3029 763 3084 sed
797 3029 1065 3083 hominem
1095 3027 1261 3083 Deum
1287 3027 1470 3081 Jesunt
1509 3027 1807 3093 Christum,
1830 3029 1922 3098 qui
1957 3029 2102 3084 solus
2135 3045 2231 3098 pro

669 3118 824 3174 nobis
853 3118 1100 3173 omnibus
1136 3120 1243 3174 Deo
1293 3121 1422 3174 dare
1458 3127 1633 3187 potest
1671 3120 2051 3188 placationem,
2086 3122 2228 3190 quod
2257 3154 2298 3212 ο

668 3224 791 3264 eum
823 3209 1102 3278 Proposuit
1134 3211 1272 3265 Deus
1303 3213 1722 3279 propitiationem
1745 3228 1834 3280 per
1850 3212 2004 3280 ﬁdem
2027 3213 2081 3265 iu
2111 3229 2232 3266 san-

669 3303 822 3372 guine
848 3303 1010 3370 ipsius
1027 3302 1092 3355 “.
1119 3302 1311 3356 Frater
1345 3313 1461 3356 erat
1494 3303 1655 3356 Israel
1692 3303 1934 3373 Moyses;
1973 3312 2028 3356 et
2057 3313 2229 3369 tamen

672 3394 844 3464 ipsum
897 3394 1161 3448 redimere
1192 3409 1295 3447 non
1327 3395 1518 3462 potuit.
1557 3394 1836 3459 Qumnodo
1868 3395 2032 3460 igitur
2072 3395 2230 3446 homo

672 3487 870 3556 aliquis
906 3500 937 3540 e
981 3485 1138 3555 vulgo
1183 3484 1482 3539 liberabit?
1529 3485 1888 3551 Quamobrem
1929 3485 2056 3539 illud
2110 3487 2228 3555 qui.

671 3579 792 3631 dem
824 3579 1134 3645 pronuntiat
1161 3591 1174 3629 :
1199 3573 1390 3629 Frater
1432 3590 1533 3628 non
1576 3575 1778 3628 redimit
1802 3588 1820 3626 :
1847 3577 1947 3629 hoc
1968 3589 2095 3630 vero
2111 3590 2230 3628 cum

669 3669 933 3737 gravitate
968 3683 1062 3736 per
1093 3668 1565 3738 interrogationem
1603 3667 1780 3721 subdit
1812 3684 1824 3720 :
1869 3665 2099 3720 Iledimet
2136 3667 2229 3719 lto-

672 3760 794 3813 mo?
825 3755 937 3810 Non
970 3758 1111 3811 enim
1143 3773 1170 3810 a
1202 3769 1425 3824 peccato
1443 3757 1692 3826 papulum
1721 3756 2226 3827 liberatitMoyses,

670 3849 764 3902 sed
808 3847 899 3901 Dei
955 3847 1024 3901 ob
1075 3859 1352 3915 peceatum
1407 3847 1820 3901 commotionem
1870 3846 2086 3900 avertit.
2125 3846 2233 3901 'llic

670 3941 832 3992 etiam
880 3953 947 3992 ne
993 3939 1118 3992 dare
1165 3938 1378 4008 quidem
1418 3940 1591 4009 potuit
1637 3937 1994 4007 placationem
2037 3953 2131 4007 pro
2176 3953 2234 3992 se

671 4030 810 4099 ipso,
832 4044 952 4083 cum
992 4038 1136 4084 esset
1171 4030 1224 4083 iu
1278 4041 1519 4100 peccato.
1555 4030 1686 4085 Nam
1717 4038 1835 4100 post
1871 4039 1949 4084 tut
1985 4045 2047 4084 ac
2087 4039 2232 4083 tanta

672 4122 915 4192 prodigia
961 4137 1025 4176 ac
1074 4123 1224 4190 signa
1260 4138 1379 4192 quae
1410 4125 1634 4188 viderat,
1665 4138 1848 4178 vocem
1895 4123 2038 4176 illam
2084 4124 2237 4178 dubi-

676 4211 929 4262 tationem
964 4224 1075 4276 pra!
1131 4225 1190 4262 se
1240 4213 1497 4265 ferentem
1530 4213 1708 4265 emisit
1743 4228 1756 4264 :
1794 4212 1982 4266 Audite
2025 4231 2123 4277 me,
2150 4216 2234 4266 in-

672 4299 890 4352 creduli.
925 4297 1173 4368 Nunquid
1207 4317 1272 4354 ea:
1300 4311 1446 4370 petra
1471 4304 1567 4355 hac
1609 4306 1884 4357 educamus
1928 4321 2114 4372 aquam
2151 4323 2236 4359 vo-

672 4389 748 4442 bis
769 4389 810 4420 ⁸⁷
838 4390 861 4442 ?
886 4389 1226 4460 Quapropter
1254 4402 1306 4445 et
1341 4391 1594 4447 Dominus
1624 4393 1692 4447 ob
1724 4396 1823 4447 hoc
1851 4395 2068 4446 verbum
2099 4395 2234 4448 dixit

2318 1935 2412 1987 mi
2441 1933 2779 1998 δουλεύοντος
2809 1934 2931 2004 ήδη.
2973 1934 3131 1986 Ἀλλὰ
3168 1937 3261 1988 καὶ
3291 1937 3408 1989 οὐδὲ
3432 1938 3567 2001 ὅλως
3602 1940 3883 2009 ἄνθρωπος

2321 2024 2566 2093 ἐξουσίαν
2599 2025 2706 2096 ἔχει
2738 2026 2871 2097 πρὸς
2896 2024 3047 2093 Θεὸν,
3081 2027 3156 2087 ὡς
3179 2028 3273 2080 καὶ
3308 2027 3583 2091 ὲξιλᾶσθαι
3617 2029 3732 2099 (76)
3765 2030 3885 2100 περὶ

2319 2118 2721 2191 ἡμαρτηκότος,
2772 2118 2893 2173 ἐπεὶ
2933 2117 3026 2171 καὶ
3077 2116 3236 2182 αὐτὸς
3281 2117 3554 2188 ἁμαρτίας
3613 2119 3883 2182 ὑπόδικος.

2321 2210 2549 2276 Πάντες
2577 2211 2686 2279 τὰρ
2720 2210 3002 2278 ἥμαρτον,
3028 2210 3123 2265 καὶ
3153 2209 3535 2278 ὑστεροῦνται
3572 2209 3686 2278 τῆς
3709 2209 3886 2278 δόξης

2321 2302 2426 2355 τοῦ
2459 2302 2629 2364 Θεοῦ,
2671 2301 3065 2370 δικαιούμενοι
3111 2301 3334 2370 δωρεὰν
3360 2301 3435 2371 τῇ
3473 2300 3662 2356 αὑτοῦ
3703 2301 3886 2370 χάριτι

2321 2393 2419 2448 διὰ
2448 2393 2556 2462 τῆς
2574 2392 3032 2460 ἀπολυτρώσεως
3067 2392 3176 2460 τῆς
3202 2393 3272 2446 ἐν
3309 2394 3534 2462 Χριστῷ
3573 2393 3781 2461 Ἰησοῦ
3814 2393 3886 2456 τῷ

2323 2487 2517 2556 Κυρίῳ
2540 2485 2724 2555 ἡμῶν.

2396 2663 2448 2716 4.
2474 2664 2555 2716 Οὐ
2582 2661 2755 2715 δώσει
2784 2657 2875 2714 οὖν
2907 2661 2986 2727 τῷ
3020 2660 3140 2726 Θεῷ
3169 2661 3467 2731 ἐξίλασμα
3513 2662 3762 2726 ἑαυτοῦ,
3798 2663 3886 2715 καί

2327 2753 2441 2824 τὴν
2455 2754 2632 2825 τιμὴν
2647 2753 2756 2822 τῆς
2779 2755 3125 2823 λυτρώσεως
3141 2753 3249 2824 τῆς
3276 2753 3472 2824 Ψυχῆς
3495 2755 3708 2810 αὑτοῦ.
3742 2757 3886 2825 Μήτε

2329 2843 2422 2900 οὖν
2467 2847 2559 2900 τὸν
2613 2846 2838 2916 ἀδελφὸν
2868 2846 3018 2916 ζήτει
3064 2849 3143 2911 είς
3179 2847 3570 2920 ἀπολύτρωσιν,
3618 2848 3758 2900 ἀλλὰ
3805 2849 3887 2899 τὸν

2332 2937 2726 3009 ὑπερϐαίνοντα
2761 2954 2852 2989 σου
2883 2936 2982 3006 τὴν
3003 2937 3163 3005 φύσιν
3183 2955 3196 2969 ·
3238 2940 3372 3008 μήτε
3399 2937 3684 3007 ἄνθρωπον
3719 2938 3884 3005 ψιλὸν,

2330 3029 2443 3082 ἀλλ’
2482 3027 2766 3098 ἄνθρωπον
2802 3025 2932 3078 Θεὸν
2983 3027 3188 3094 Ἰησοῦν
3237 3028 3486 3097 Χριστὸν,
3520 3029 3579 3090 ὃς
3609 3027 3706 3079 καὶ
3737 3029 3888 3097 μόνος

2329 3120 2552 3174 δύναται
2579 3118 2756 3172 δοῦναι
2785 3115 3047 3187 ἐξίλασμα
3074 3117 3151 3187 τῷ
3179 3117 3294 3187 Θεῷ
3311 3117 3448 3188 ὑπὲρ
3468 3120 3691 3170 παν-των
3715 3119 3885 3189 ἡμῶν,

2331 3211 2412 3264 ὅτι
2450 3209 2609 3264 αὑτὸν
2664 3206 2945 3276 Προέθετο
2988 3209 3019 3260 ό
3067 3207 3208 3272 Θεὸς
3252 3205 3602 3274 ἱλαστήριον
3640 3208 3742 3262 διὰ
3785 3207 3888 3276 τῆς

2332 3303 2588 3364 πίστεως
2627 3301 2697 3352 ἐν
2745 3297 2822 3363 τῷ
2869 3298 3051 3352 αὑτοῦ
3098 3299 3314 3366 αἵματι.
3377 3299 3628 3367 Ἀδελφὺς
3677 3296 3747 3370 ἦν
3798 3300 3883 3352 τοῦ

2344 3389 2557 3459 Ἰσραὴλ
2588 3391 2615 3442 ὀ
2645 3390 2880 3453 Μωῡσῆς
2896 3406 2909 3418 ·
2934 3389 3026 3442 καὶ
3046 3389 3193 3460 ὅμως
3218 3389 3592 3462 λυτρώσασθαι
3612 3394 3774 3444 αὑτὸν
3795 3394 3887 3446 οὐκ

2329 3479 2568 3549 ἠδυνήθη
2601 3478 2733 3547 (77).
2769 3477 2892 3541 Πῶς
2920 3475 3009 3532 οὖν
3038 3478 3066 3530 ὁ
3103 3478 3280 3549 τυχὼν
3320 3478 3654 3550 λυτρώσεται
3680 3479 3884 3549 ἄνθρω-

2330 3587 2428 3634 πος
2449 3586 2463 3633 ;
2485 3572 2575 3624 Διὸ
2592 3570 2652 3624 τὸ
2682 3572 2779 3641 μὲν
2805 3571 3162 3641 ἀποφαίνεται
3182 3589 3194 3600 ·
3239 3570 3519 3638 Ἀδελφὸς
3540 3573 3612 3624 οὺ
3642 3573 3888 3638 λυτροῦο

2335 3680 2457 3716 sar
2496 3663 2556 3716 τὸ
2588 3663 2646 3715 δὲ
2675 3661 3097 3734 ὲρωτηματικῶς
3123 3659 3258 3729 μετὰ
3283 3659 3580 3730 βαρύτητος
3611 3664 3882 3734 ἐπιφέρει·

2334 3754 2706 3823 Λυτρώσετίιι
2735 3754 3159 3821 ἇνθρωπος;ού
3181 3752 3288 3824 γὰρ
3318 3752 3416 3821 τῆς
3442 3754 3718 3823 ἁμαρτίας
3733 3756 3884 3824 ἠλευ-

2333 3843 2538 3913 θέρωσε
2571 3843 2659 3895 τὸν
2682 3842 2826 3905 λαὸν,
2857 3839 2991 3893 ἀλλὰ
3020 3838 3113 3892 τοῦ
3143 3840 3275 3893 Θεοῦ
3301 3840 3398 3910 τὴν
3429 3843 3520 3893 ἐπὶ
3548 3847 3613 3914 τῇ
3651 3846 3887 3915 ἁμαρτίᾳ.

2337 3936 2689 4005 παρῃτήσατο
2725 3934 2954 4001 κίνησιν.
2988 3928 3153 3996 Οὗτος
3198 3932 3253 3985 δὲ
3281 3937 3397 3989 οὐδὲ
3437 3936 3619 3989 δοῦναι
3651 3937 3881 4007 ἠδυνήθη

2334 4028 2600 4097 ἐξίλασμα
2649 4024 2861 4088 ἑαυτοῦ,
2906 4024 3193 4094 γενόμενος
3237 4027 3293 4078 ἐν
3336 4028 3772 4100 παραπτώματι·
3810 4031 3884 4083 ὅτι

2341 4121 2478 4192 μετὰ
2519 4118 2756 4172 τοσαῦτα
2799 4119 2891 4171 καὶ
2927 4117 3228 4188 τηλικαῦτα
3265 4121 3464 4191 τέρατα
3507 4125 3598 4174 καὶ
3632 4127 3827 4194 σημεῖα
3852 4125 3884 4176 ἃ

2335 4209 2465 4278 εἶδε,
2500 4211 2599 4282 τὴν
2622 4209 2969 4279 διστακτικὴν
2997 4210 3208 4280 ἐκείνην
3235 4211 3409 4281 ἀφῆκε
3447 4214 3648 4281 φωνήν·
3698 4216 3886 4268 Ἀκού-

2335 4303 2483 4359 σατέ
2515 4320 2650 4372 μου,
2678 4305 2731 4354 οι
2755 4299 3034 4365 ἀπειθεῖς.
3072 4300 3167 4367 Μὴ
3195 4302 3262 4352 ἐκ
3293 4301 3400 4368 τῆς
3430 4303 3647 4369 πέτρας
3680 4306 3886 4370 ταύτης

2336 4393 2627 4460 ὲξάξομεν
2653 4390 2760 4458 (78)
2786 4389 2927 4456 ὑμῖν
2952 4389 3137 4456 fidem;
3162 4391 3356 4460 Διόπερ
3384 4393 3472 4443 καὶ
3503 4395 3531 4444 ό
3569 4393 3776 4464 Κύριος
3803 4397 3884 4447 ἐπὶ

674 4484 740 4534 ad
766 4484 916 4554 181
939 4483 1154 4556 Moysen
1174 4496 1224 4539 et
1247 4489 1425 4541 Aaron
1449 4504 1464 4540 :
1486 4487 1621 4552 Quia
1651 4504 1749 4540 non
1773 4489 2066 4541 credidistis
2083 4489 2230 4553 mihi,

2337 4483 2415 4554 τῷ
2446 4483 2647 4552 ῥήματι
2680 4481 2850 4550 τούτῳ
2888 4476 3006 4532 εἷπε
3053 4481 3187 4551 πρὸς
3230 4483 3463 4552 Μωῡσῆν
3509 4486 3602 4535 καὶ
3652 4486 3883 4555 nam?

675 4584 728 4624 ut
772 4575 1172 4642 sanctiﬁcaretis
1203 4594 1280 4630 me
1329 4594 1503 4631 coram
1531 4578 1660 4646 ﬁliis
1694 4578 1881 4644 Israel,
1908 4579 1969 4632 ob
2010 4579 2104 4632 hoc
2135 4596 2236 4633 non

675 4664 1014 4718 introducetis
1074 4682 1159 4720 vos
1212 4669 1346 4720 hanc
1415 4670 1863 4738 congregationem
1921 4669 1978 4721 in
2045 4679 2236 4722 terram

674 4770 827 4819 quant
861 4756 979 4808 dedi
1020 4756 1092 4809 eis
1115 4756 1179 4809 ".
1223 4756 1336 4811 Non
1386 4759 1545 4829 igitur
1577 4773 1672 4826 pro
1702 4774 1760 4812 se
1791 4759 1905 4826 ipso
1943 4759 2089 4812 dabit
2131 4758 2238 4813 Deo

678 4844 1054 4913 placationem.
1074 4846 1210 4914 Quid
1240 4851 1381 4902 enim
1412 4850 1547 4904 tanti
1579 4860 1756 4920 potest
1783 4851 1940 4904 homo
1971 4850 2240 4916 invenire,

680 4949 738 4989 ut
765 4936 855 4992 (iet
884 4954 980 5007 pro
1009 4942 1376 5009 redemptione
1423 4943 1616 4996 animae
1642 4956 1751 4995 suae
1778 4941 1800 4993 ?
1824 4942 1928 4995 Sed
1955 4956 2117 4992 unum
2155 4941 2236 4993 iu-

677 5039 892 5083 ventum
924 5041 1027 5096 est,
1055 5048 1151 5102 pro
1171 5033 1418 5088 omnibus
1449 5035 1606 5088 simul
1635 5033 1938 5087 hominibus
1969 5031 2235 5086 sufﬁcien-

679 5121 976 5189 tissimum,
1035 5127 1176 5195 quod
1235 5128 1285 5181 iu
1338 5127 1563 5195 pretium
1602 5122 1984 5192 redemptionis
2046 5125 2237 5176 animae

750 5253 792 5284 “
824 5255 976 5311 llom.
1028 5274 1110 5324 ttt,
1155 5259 1246 5326 25,
1287 5260 1374 5314 24.
1448 5260 1492 5291 ⁸⁸
1523 5259 1653 5314 ibid.
1686 5258 1772 5311 25.
1851 5259 1894 5289 ιτ
1927 5257 2086 5311 Num.
2121 5272 2215 5321 xx,
2249 5257 2334 5310 10.

751 5416 861 5487 (75)
897 5418 986 5472 Sic
1019 5419 1170 5486 Regii
1197 5422 1484 5483 secundus.
1511 5421 1717 5484 tertius,
1740 5429 1964 5487 quartus
2017 5428 2071 5472 et
2109 5434 2233 5472 sex-

685 5495 816 5558 tus;
855 5504 958 5541 non
987 5504 1141 5543 secus
1199 5506 1258 5543 ac
1323 5491 1611 5545 Colbertiui
1667 5492 1919 5558 quintus,
1962 5503 2144 5544 sestus
2188 5499 2240 5542 et

684 5557 945 5629 Septimus
976 5574 1098 5629 cum
1130 5559 1294 5613 Coisl.
1327 5563 1393 5613 At
1427 5561 1556 5614 editi
1594 5557 1946 5629 συνειληφώς.

760 5625 1040 5698 (Ἱδλειίὶιὶ
1088 5628 1483 5694 ἐξιλάσκεσθαι.
1534 5631 1683 5685 Colb.
1745 5625 1947 5698 primus
1996 5627 2240 5694 ἐξιλάσα-

687 5695 832 5748 σθαι.
870 5696 970 5749 Alii
1001 5706 1122 5751 octo
1157 5714 1283 5754 mss.
1315 5700 1610 5762 ὲξιλᾶσθαι.

756 5763 868 5835 ί77)
899 5767 971 5820 lla
1007 5769 1244 5838 quinque
1283 5786 1413 5826 mss.
1449 5771 1586 5826 Editi
1624 5785 1746 5825 vero
1782 5768 2030 5838 ἐδυνήθη,

2338 4576 2460 4628 ’Ότι
2490 4575 2600 4626 οὐκ
2625 4572 3019 4625 ἐπιστεύσατε
3041 4571 3108 4624 ἐν
3123 4572 3268 4639 ἐμοὶ,
3302 4574 3403 4626 τοῦ
3440 4573 3680 4642 ἁγιάσαι
3693 4578 3883 4645 με(79)

2336 4665 2612 4719 ἐναντίον
2642 4663 2785 4717 υἱῶν
2830 4662 3085 4730 Ἰσραὴλ,
3137 4662 3232 4715 διὰ
3274 4664 3445 4717 τοῦτο
3484 4667 3597 4717 οὐκ
3625 4667 3884 4730 εἰσάξετε

2338 4756 2507 4827 ὑμεῖς
2562 4755 2676 4823 τὴν
2725 4753 3083 4824 συναγωγὴν
3128 4757 3352 4821 ταύτην
3381 4758 3468 4819 είς
3521 4756 3636 4822 τὴν
3680 4758 3793 4828 γῆν
3819 4759 3886 4823 ἢν

2345 4849 2537 4902 ἔδωκα
2561 4846 2780 4912 αὐτοῖς.
2810 4847 2883 4899 Οὐ
2916 4845 3072 4898 δώσει
3107 4841 3200 4898 οὖν
3229 4845 3305 4915 τῷ
3334 4845 3743 4924 Θεῷυὲξίλασμα
3772 4854 3884 4904 ἐαυ-

2340 4939 2454 4993 τοῦ.
2492 4940 2556 4990 Τί
2583 4938 2688 5009 γὰρ
2703 4938 2921 4990 δύναται
2951 4935 3230 5005 ἄνθρωπος
3250 4938 3424 5009 εὑρεῖν
3452 4939 3787 5008 τηλικοῦτον,
3813 4944 3884 4996 ἵνα

2343 5030 2419 5100 δῷ
2451 5029 2589 5099 ὑπὲρ
2621 5027 2937 5099 λυτρώσεως
2966 5028 3062 5097 τῆς
3092 5027 3266 5098 ψυχῆς
3299 5030 3494 5096 αύτοῦ;
3543 5033 3684 5086 Ἀλλ’
3706 5037 3882 5107 εὑρέθη

2343 5121 2400 5173 ἐν
2421 5119 2552 5191 ὁμοῦ
2585 5119 2798 5171 πάντων
2834 5117 3131 5188 ἀνθρώπων
3153 5120 3262 5190 (80)
3297 5122 3563 5189 ἀντάξιον,
3589 5126 3617 5177 ὃ
3641 5126 3794 5197 ἐδόθη
3818 5132 3884 5192 εἰς

2429 5257 2472 5288 ⁸⁸
2501 5256 2627 5310 ibid.
2661 5255 2741 5309 12.

2415 5415 2714 5491 (j§_)(1_odd.
2747 5416 2780 5469 '5
2817 5415 3112 5491 ὲξᾴξωμεν.
3153 5416 3255 5470 Alii
3279 5432 3398 5491 cum
3432 5417 3589 5491 editis
3615 5416 3884 5491 ἐξαξομεν.

2415 5486 2526 5558 ('79)
2555 5485 2773 5558 vulgata
2804 5487 3339 5558 quitleni__c_onsentit
3381 5503 3526 5558 cum,
3554 5485 3837 5543 Basilianis
3872 5509 3885 5546 :

2346 5553 2440 5611 sed
2470 5553 2561 5627 ab_
2588 5553 2942 5627 iisirecedunt
2967 5553 3137 5627 LXX,
3160 5557 3306 5627 apud
3342 5571 3472 5627 quos
3515 5557 3588 5610 ita
3627 5558 3883 5627 legimus:

2347 5628 2468 5680 Ὀτι
2512 5625 2612 5677 οὐκ
2661 5624 3014 5678 ἐπιστεύσατε
3047 5626 3267 5693 ἁγιάσαι
3305 5642 3391 5696 με,
3434 5625 3572 5690 Quia
3613 5624 3716 5682 non
3741 5633 3888 5682 credi-

2356 5697 2501 5752 distis
2532 5696 2864 5763 sancti/icore
2894 5713 2991 5748 me.

2422 5764 2534 5838 {80)
2564 5765 2638 5820 lla
2669 5767 2830 5821 editio
2857 5763 3025 5820 Paris.
3054 5781 3170 5819 cum
3192 5780 3323 5818 mss.
3355 5765 3645 5824 nonnullis.
3663 5767 3775 5824 Vox
3803 5765 3867 5821 ἂν
