  <div class='ocr_page' id='page_1' title='image "/cluster/home/n/w/nwhite01/storage/ocr_20150623/29/pst.000005712274/624.png"; bbox 0 0 4068 6318; ppageno 0'>
   <div class='ocr_carea' id='block_1_1' title="bbox 163 337 278 390">
    <p class='ocr_par' dir='ltr' id='par_1_1' title="bbox 163 337 278 390">
     <span class='ocr_line' id='line_1_1' title="bbox 163 337 278 390; baseline 0 -1"><span class='ocrx_word' id='word_1_1' title='bbox 163 337 278 390; x_wconf 76' lang='grc' dir='ltr'><strong>ιιι</strong></span> 
     </span>
    </p>
   </div>
   <div class='ocr_carea' id='block_1_2' title="bbox 1264 333 2286 391">
    <p class='ocr_par' dir='ltr' id='par_1_2' title="bbox 1264 333 2286 391">
     <span class='ocr_line' id='line_1_2' title="bbox 1264 333 2286 391; baseline 0.008 -8"><span class='ocrx_word' id='word_1_2' title='bbox 1264 333 1547 385; x_wconf 71' lang='lat' dir='ltr'><strong>HUMILIA</strong></span> <span class='ocrx_word' id='word_1_3' title='bbox 1589 335 1652 384; x_wconf 66' lang='lat' dir='ltr'><strong>IN</strong></span> <span class='ocrx_word' id='word_1_4' title='bbox 1695 335 2016 388; x_wconf 70' lang='lat' dir='ltr'><strong>PbALMUM</strong></span> <span class='ocrx_word' id='word_1_5' title='bbox 2059 337 2286 391; x_wconf 67' lang='lat' dir='ltr'><strong>XLVIII.</strong></span> 
     </span>
    </p>
   </div>
   <div class='ocr_carea' id='block_1_3' title="bbox 3293 353 3394 408">
    <p class='ocr_par' dir='ltr' id='par_1_3' title="bbox 3293 353 3394 408">
     <span class='ocr_line' id='line_1_3' title="bbox 3293 353 3394 408; baseline 0.02 -2"><span class='ocrx_word' id='word_1_6' title='bbox 3293 353 3394 408; x_wconf 69' lang='lat' dir='ltr'><strong>H3</strong></span> 
     </span>
    </p>
   </div>
   <div class='ocr_carea' id='block_1_4' title="bbox 160 446 1718 541">
    <p class='ocr_par' dir='ltr' id='par_1_4' title="bbox 160 446 1718 541">
     <span class='ocr_line' id='line_1_4' title="bbox 160 446 1718 541; baseline -0.003 -36"><span class='ocrx_word' id='word_1_7' title='bbox 160 451 347 523; x_wconf 75' lang='grc' dir='ltr'>τιμὴν</span> <span class='ocrx_word' id='word_1_8' title='bbox 379 449 692 520; x_wconf 80' lang='grc' dir='ltr'>λυτρῶσεως</span> <span class='ocrx_word' id='word_1_9' title='bbox 718 448 817 517; x_wconf 84' lang='grc' dir='ltr'>τῆς</span> <span class='ocrx_word' id='word_1_10' title='bbox 843 446 1018 517; x_wconf 80' lang='grc' dir='ltr'>ψυχῆς</span> <span class='ocrx_word' id='word_1_11' title='bbox 1053 452 1228 517; x_wconf 76' lang='grc' dir='ltr'>ημῶν,</span> <span class='ocrx_word' id='word_1_12' title='bbox 1258 446 1317 499; x_wconf 80' lang='grc' dir='ltr'>τὸ</span> <span class='ocrx_word' id='word_1_13' title='bbox 1338 448 1488 541; x_wconf 45' lang='grc' dir='ltr'>ἅγιον</span> <span class='ocrx_word' id='word_1_14' title='bbox 1514 448 1606 501; x_wconf 79' lang='grc' dir='ltr'>καὶ</span> 
     </span>
    </p>
   </div>
   <div class='ocr_carea' id='block_1_5' title="bbox 1818 446 3394 541">
    <p class='ocr_par' dir='ltr' id='par_1_5' title="bbox 1835 454 3394 541">
     <span class='ocr_line' id='line_1_5' title="bbox 1835 454 3394 541; baseline 0.014 -38"><span class='ocrx_word' id='word_1_15' title='bbox 1835 461 2030 505; x_wconf 72' lang='lat' dir='ltr'><strong>nostra:</strong></span> <span class='ocrx_word' id='word_1_16' title='bbox 2057 454 2236 508; x_wconf 90' lang='lat' dir='ltr'><strong>datum</strong></span> <span class='ocrx_word' id='word_1_17' title='bbox 2276 460 2382 519; x_wconf 88' lang='lat' dir='ltr'><strong>est,</strong></span> <span class='ocrx_word' id='word_1_18' title='bbox 2409 463 2629 512; x_wconf 83' lang='lat' dir='ltr'><strong>sanctus</strong></span> <span class='ocrx_word' id='word_1_19' title='bbox 2656 458 2744 513; x_wconf 90' lang='lat' dir='ltr'><strong>ille</strong></span> <span class='ocrx_word' id='word_1_20' title='bbox 2777 473 2840 515; x_wconf 85' lang='lat' dir='ltr'><strong>ac</strong></span> <span class='ocrx_word' id='word_1_21' title='bbox 2871 463 3140 532; x_wconf 85' lang='lat' dir='ltr'><strong>pretiosus</strong></span> <span class='ocrx_word' id='word_1_22' title='bbox 3175 482 3394 541; x_wconf 80' lang='lat' dir='ltr'><strong>sangms</strong></span> 
     </span>
    </p>
   </div>
   <div class='ocr_carea' id='block_1_6' title="bbox 162 535 1718 633">
    <p class='ocr_par' dir='ltr' id='par_1_6' title="bbox 162 535 1718 633">
     <span class='ocr_line' id='line_1_6' title="bbox 162 535 1718 633; baseline -0.007 -38"><span class='ocrx_word' id='word_1_23' title='bbox 162 545 476 615; x_wconf 84' lang='grc' dir='ltr'>λυτίμητον</span> <span class='ocrx_word' id='word_1_24' title='bbox 505 535 644 611; x_wconf 72' lang='grc' dir='ltr'>αἷμα</span> <span class='ocrx_word' id='word_1_25' title='bbox 677 540 771 594; x_wconf 82' lang='grc' dir='ltr'>τοῦ</span> <span class='ocrx_word' id='word_1_26' title='bbox 799 539 1001 609; x_wconf 82' lang='grc' dir='ltr'><strong>Κυρίου</strong></span> <span class='ocrx_word' id='word_1_27' title='bbox 1033 537 1185 608; x_wconf 84' lang='grc' dir='ltr'>ἡμῶν</span> <span class='ocrx_word' id='word_1_28' title='bbox 1221 537 1392 607; x_wconf 77' lang='grc' dir='ltr'><strong>Ἰησοῦ</strong></span> <span class='ocrx_word' id='word_1_29' title='bbox 1430 537 1684 633; x_wconf 65' lang='grc' dir='ltr'>Χριστοῦ,</span> <span class='ocrx_word' id='word_1_30' title='bbox 1713 540 1718 584; x_wconf 75' lang='lat' dir='ltr'><strong>i</strong></span> 
     </span>
    </p>
   </div>
   <div class='ocr_carea' id='block_1_7' title="bbox 1818 535 3395 633">
    <p class='ocr_par' dir='ltr' id='par_1_7' title="bbox 1845 535 3395 633">
     <span class='ocr_line' id='line_1_7' title="bbox 1845 535 3395 633; baseline 0.014 -39"><span class='ocrx_word' id='word_1_31' title='bbox 1845 541 2053 596; x_wconf 87' lang='lat' dir='ltr'><strong>Domini</strong></span> <span class='ocrx_word' id='word_1_32' title='bbox 2088 545 2252 598; x_wconf 98' lang='lat' dir='ltr'><strong>nostri</strong></span> <span class='ocrx_word' id='word_1_33' title='bbox 2285 543 2410 600; x_wconf 85' lang='lat' dir='ltr'><strong>Jesu</strong></span> <span class='ocrx_word' id='word_1_34' title='bbox 2456 545 2679 614; x_wconf 88' lang='lat' dir='ltr'><strong>Christi,</strong></span> <span class='ocrx_word' id='word_1_35' title='bbox 2719 565 2875 620; x_wconf 89' lang='lat' dir='ltr'><strong>quem</strong></span> <span class='ocrx_word' id='word_1_36' title='bbox 2915 569 3011 623; x_wconf 93' lang='lat' dir='ltr'><strong>pro</strong></span> <span class='ocrx_word' id='word_1_37' title='bbox 3037 557 3192 614; x_wconf 82' lang='lat' dir='ltr'><strong>nobis</strong></span> <span class='ocrx_word' id='word_1_38' title='bbox 3229 535 3395 633; x_wconf 57' lang='lat' dir='ltr'><strong>921ml.</strong></span> 
     </span>
    </p>
   </div>
   <div class='ocr_carea' id='block_1_8' title="bbox 162 629 1740 707">
    <p class='ocr_par' dir='ltr' id='par_1_8' title="bbox 162 629 1740 707">
     <span class='ocr_line' id='line_1_8' title="bbox 162 629 1740 707; baseline -0.006 -18"><span class='ocrx_word' id='word_1_39' title='bbox 162 636 324 707; x_wconf 73' lang='grc' dir='ltr'>ὑπὲρ</span> <span class='ocrx_word' id='word_1_40' title='bbox 367 634 522 704; x_wconf 77' lang='grc' dir='ltr'>ἡμῶν</span> <span class='ocrx_word' id='word_1_41' title='bbox 569 633 749 703; x_wconf 76' lang='grc' dir='ltr'>ἐξέχεε</span> <span class='ocrx_word' id='word_1_42' title='bbox 802 633 1046 686; x_wconf 76' lang='grc' dir='ltr'>πάντωνο</span> <span class='ocrx_word' id='word_1_43' title='bbox 1075 629 1261 699; x_wconf 85' lang='grc' dir='ltr'>διόπερ</span> <span class='ocrx_word' id='word_1_44' title='bbox 1302 629 1396 682; x_wconf 71' lang='grc' dir='ltr'>καὶ</span> <span class='ocrx_word' id='word_1_45' title='bbox 1421 631 1580 700; x_wconf 85' lang='grc' dir='ltr'>τιμῆς</span> <span class='ocrx_word' id='word_1_46' title='bbox 1613 632 1740 700; x_wconf 65' lang='grc' dir='ltr'>ἠγο-</span> 
     </span>
    </p>
   </div>
   <div class='ocr_carea' id='block_1_9' title="bbox 163 721 1737 797">
    <p class='ocr_par' dir='ltr' id='par_1_9' title="bbox 163 721 1737 797">
     <span class='ocr_line' id='line_1_9' title="bbox 163 721 1737 797; baseline -0.003 -17"><span class='ocrx_word' id='word_1_47' title='bbox 163 727 354 797; x_wconf 57' lang='lat' dir='ltr'><strong>pido-9r,</strong></span> <span class='ocrx_word' id='word_1_48' title='bbox 366 743 480 796; x_wconf 88' lang='grc' dir='ltr'>μεν.</span> <span class='ocrx_word' id='word_1_49' title='bbox 514 727 575 778; x_wconf 82' lang='lat' dir='ltr'><strong>Ei</strong></span> <span class='ocrx_word' id='word_1_50' title='bbox 601 722 692 778; x_wconf 80' lang='grc' dir='ltr'>οὖν</span> <span class='ocrx_word' id='word_1_51' title='bbox 727 724 950 793; x_wconf 81' lang='grc' dir='ltr'>ἀδελφὸς</span> <span class='ocrx_word' id='word_1_52' title='bbox 980 723 1039 776; x_wconf 69' lang='grc' dir='ltr'>οὗ</span> <span class='ocrx_word' id='word_1_53' title='bbox 1072 721 1378 792; x_wconf 76' lang='grc' dir='ltr'>λυτροῦται,</span> <span class='ocrx_word' id='word_1_54' title='bbox 1409 721 1737 791; x_wconf 84' lang='grc' dir='ltr'>λυτρὼσεται</span> 
     </span>
    </p>
   </div>
   <div class='ocr_carea' id='block_1_10' title="bbox 159 811 1736 888">
    <p class='ocr_par' dir='ltr' id='par_1_10' title="bbox 159 811 1736 888">
     <span class='ocr_line' id='line_1_10' title="bbox 159 811 1736 888; baseline -0.004 -17"><span class='ocrx_word' id='word_1_55' title='bbox 159 818 505 888; x_wconf 74' lang='grc' dir='ltr'>ἄνθρωποςς</span> <span class='ocrx_word' id='word_1_56' title='bbox 551 819 614 870; x_wconf 86' lang='grc' dir='ltr'>Εἰ</span> <span class='ocrx_word' id='word_1_57' title='bbox 663 817 718 869; x_wconf 83' lang='grc' dir='ltr'>δὲ</span> <span class='ocrx_word' id='word_1_58' title='bbox 760 815 1040 885; x_wconf 82' lang='grc' dir='ltr'>ἄνθρωπος</span> <span class='ocrx_word' id='word_1_59' title='bbox 1077 811 1449 884; x_wconf 78' lang='grc' dir='ltr'><strong>λυτρώσασθαι</strong></span> <span class='ocrx_word' id='word_1_60' title='bbox 1485 814 1630 883; x_wconf 78' lang='grc' dir='ltr'>ἡμᾶς</span> <span class='ocrx_word' id='word_1_61' title='bbox 1675 815 1736 865; x_wconf 82' lang='grc' dir='ltr'>οὐ</span> 
     </span>
    </p>
   </div>
   <div class='ocr_carea' id='block_1_11' title="bbox 159 905 1732 980">
    <p class='ocr_par' dir='ltr' id='par_1_11' title="bbox 159 905 1732 980">
     <span class='ocr_line' id='line_1_11' title="bbox 159 905 1732 980; baseline -0.002 -18"><span class='ocrx_word' id='word_1_62' title='bbox 159 911 426 973; x_wconf 82' lang='grc' dir='ltr'>δύναται,</span> <span class='ocrx_word' id='word_1_63' title='bbox 471 913 498 963; x_wconf 83' lang='grc' dir='ltr'>ὁ</span> <span class='ocrx_word' id='word_1_64' title='bbox 541 911 951 980; x_wconf 80' lang='grc' dir='ltr'><strong>λυτρωσάμενος</strong></span> <span class='ocrx_word' id='word_1_65' title='bbox 986 910 1131 978; x_wconf 78' lang='grc' dir='ltr'>ἡμᾶς</span> <span class='ocrx_word' id='word_1_66' title='bbox 1164 908 1264 960; x_wconf 79' lang='grc' dir='ltr'>οὐκ</span> <span class='ocrx_word' id='word_1_67' title='bbox 1291 906 1568 977; x_wconf 85' lang='grc' dir='ltr'>ἄνθρωπος</span> <span class='ocrx_word' id='word_1_68' title='bbox 1601 905 1732 976; x_wconf 84' lang='lat' dir='ltr'><strong>(8i).</strong></span> 
     </span>
    </p>
   </div>
   <div class='ocr_carea' id='block_1_12' title="bbox 159 998 1736 1071">
    <p class='ocr_par' dir='ltr' id='par_1_12' title="bbox 159 998 1736 1071">
     <span class='ocr_line' id='line_1_12' title="bbox 159 998 1736 1071; baseline -0.001 -18"><span class='ocrx_word' id='word_1_69' title='bbox 159 1002 262 1071; x_wconf 81' lang='grc' dir='ltr'><strong>Μὴ</strong></span> <span class='ocrx_word' id='word_1_70' title='bbox 311 998 421 1064; x_wconf 78' lang='grc' dir='ltr'>οὖν,</span> <span class='ocrx_word' id='word_1_71' title='bbox 454 1002 541 1055; x_wconf 81' lang='grc' dir='ltr'>διὰ</span> <span class='ocrx_word' id='word_1_72' title='bbox 573 1002 632 1053; x_wconf 85' lang='grc' dir='ltr'>τὸ</span> <span class='ocrx_word' id='word_1_73' title='bbox 668 1005 722 1054; x_wconf 84' lang='grc' dir='ltr'>ὲν</span> <span class='ocrx_word' id='word_1_74' title='bbox 755 999 1055 1070; x_wconf 78' lang='grc' dir='ltr'><strong>ὁμοιώματι</strong></span> <span class='ocrx_word' id='word_1_75' title='bbox 1088 999 1288 1069; x_wconf 84' lang='grc' dir='ltr'>σαρκὸς</span> <span class='ocrx_word' id='word_1_76' title='bbox 1319 998 1586 1069; x_wconf 82' lang='grc' dir='ltr'>ἁμαρτίας</span> <span class='ocrx_word' id='word_1_77' title='bbox 1617 1000 1736 1051; x_wconf 82' lang='grc' dir='ltr'>ἐπι-</span> 
     </span>
    </p>
   </div>
   <div class='ocr_carea' id='block_1_13' title="bbox 161 1087 1732 1164">
    <p class='ocr_par' dir='ltr' id='par_1_13' title="bbox 161 1087 1732 1164">
     <span class='ocr_line' id='line_1_13' title="bbox 161 1087 1732 1164; baseline -0.001 -20"><span class='ocrx_word' id='word_1_78' title='bbox 161 1092 543 1164; x_wconf 76' lang='grc' dir='ltr'>δεδημηκέναι</span> <span class='ocrx_word' id='word_1_79' title='bbox 597 1095 743 1163; x_wconf 76' lang='grc' dir='ltr'>ἡμῖν,</span> <span class='ocrx_word' id='word_1_80' title='bbox 792 1090 1073 1160; x_wconf 78' lang='grc' dir='ltr'>ἄνθρωπον</span> <span class='ocrx_word' id='word_1_81' title='bbox 1129 1090 1283 1161; x_wconf 84' lang='grc' dir='ltr'>μόνον</span> <span class='ocrx_word' id='word_1_82' title='bbox 1329 1087 1598 1158; x_wconf 81' lang='grc' dir='ltr'>ὑπολάϐῃς</span> <span class='ocrx_word' id='word_1_83' title='bbox 1643 1089 1732 1142; x_wconf 85' lang='grc' dir='ltr'>τὸν</span> 
     </span>
    </p>
   </div>
   <div class='ocr_carea' id='block_1_14' title="bbox 165 1180 1728 1253">
    <p class='ocr_par' dir='ltr' id='par_1_14' title="bbox 165 1180 1728 1253">
     <span class='ocr_line' id='line_1_14' title="bbox 165 1180 1728 1253; baseline 0 -20"><span class='ocrx_word' id='word_1_84' title='bbox 165 1182 387 1252; x_wconf 82' lang='grc' dir='ltr'><strong>Κύριον</strong></span> <span class='ocrx_word' id='word_1_85' title='bbox 418 1185 448 1253; x_wconf 79' lang='grc' dir='ltr'>ἡ</span> <span class='ocrx_word' id='word_1_86' title='bbox 459 1183 594 1253; x_wconf 85' lang='grc' dir='ltr'>μῶν,</span> <span class='ocrx_word' id='word_1_87' title='bbox 624 1183 721 1253; x_wconf 79' lang='grc' dir='ltr'>τὴν</span> <span class='ocrx_word' id='word_1_88' title='bbox 751 1182 850 1252; x_wconf 77' lang='grc' dir='ltr'>τῆς</span> <span class='ocrx_word' id='word_1_89' title='bbox 878 1180 1126 1252; x_wconf 82' lang='grc' dir='ltr'>Θεότητος</span> <span class='ocrx_word' id='word_1_90' title='bbox 1161 1181 1385 1251; x_wconf 88' lang='grc' dir='ltr'>δύναμιν</span> <span class='ocrx_word' id='word_1_91' title='bbox 1423 1181 1691 1251; x_wconf 82' lang='grc' dir='ltr'><strong>ἀγνοήσας</strong></span> <span class='ocrx_word' id='word_1_92' title='bbox 1713 1195 1728 1210; x_wconf 81' lang='grc'><strong><em>⁸</em></strong></span> 
     </span>
    </p>
   </div>
   <div class='ocr_carea' id='block_1_15' title="bbox 160 1270 1731 1345">
    <p class='ocr_par' dir='ltr' id='par_1_15' title="bbox 160 1270 1731 1345">
     <span class='ocr_line' id='line_1_15' title="bbox 160 1270 1731 1345; baseline 0.002 -22"><span class='ocrx_word' id='word_1_93' title='bbox 160 1272 225 1334; x_wconf 80' lang='grc' dir='ltr'>ὃς</span> <span class='ocrx_word' id='word_1_94' title='bbox 253 1274 322 1326; x_wconf 85' lang='grc' dir='ltr'>οὺ</span> <span class='ocrx_word' id='word_1_95' title='bbox 355 1275 541 1344; x_wconf 74' lang='grc' dir='ltr'>χρείαν</span> <span class='ocrx_word' id='word_1_96' title='bbox 575 1273 697 1343; x_wconf 77' lang='grc' dir='ltr'>ἔσχε</span> <span class='ocrx_word' id='word_1_97' title='bbox 721 1272 827 1345; x_wconf 70' lang='lat'><strong>(82)</strong></span> <span class='ocrx_word' id='word_1_98' title='bbox 863 1271 1042 1326; x_wconf 83' lang='grc' dir='ltr'>δοῦναι</span> <span class='ocrx_word' id='word_1_99' title='bbox 1070 1271 1146 1342; x_wconf 85' lang='grc' dir='ltr'>τῷ</span> <span class='ocrx_word' id='word_1_100' title='bbox 1170 1272 1285 1342; x_wconf 81' lang='grc' dir='ltr'><strong>Θεῷ</strong></span> <span class='ocrx_word' id='word_1_101' title='bbox 1313 1270 1573 1342; x_wconf 82' lang='grc' dir='ltr'>ὲξίλασμα</span> <span class='ocrx_word' id='word_1_102' title='bbox 1608 1273 1731 1326; x_wconf 78' lang='grc' dir='ltr'>ἑαυ-</span> 
     </span>
    </p>
   </div>
   <div class='ocr_carea' id='block_1_16' title="bbox 162 1362 1726 1435">
    <p class='ocr_par' dir='ltr' id='par_1_16' title="bbox 162 1362 1726 1435">
     <span class='ocr_line' id='line_1_16' title="bbox 162 1362 1726 1435; baseline 0.001 -20"><span class='ocrx_word' id='word_1_103' title='bbox 162 1363 295 1427; x_wconf 80' lang='grc' dir='ltr'>τοῦ,</span> <span class='ocrx_word' id='word_1_104' title='bbox 347 1365 463 1418; x_wconf 73' lang='grc' dir='ltr'>οὐδὲ</span> <span class='ocrx_word' id='word_1_105' title='bbox 493 1365 590 1435; x_wconf 81' lang='grc' dir='ltr'>τὴν</span> <span class='ocrx_word' id='word_1_106' title='bbox 642 1365 775 1418; x_wconf 90' lang='grc' dir='ltr'>ἰδίαν</span> <span class='ocrx_word' id='word_1_107' title='bbox 819 1362 1302 1434; x_wconf 84' lang='grc' dir='ltr'>ἁπολυτρώσασθαι</span> <span class='ocrx_word' id='word_1_108' title='bbox 1348 1362 1543 1434; x_wconf 81' lang='grc' dir='ltr'>ψυχὴν,</span> <span class='ocrx_word' id='word_1_109' title='bbox 1596 1363 1726 1416; x_wconf 82' lang='grc' dir='ltr'><strong>διότι</strong></span> 
     </span>
    </p>
   </div>
   <div class='ocr_carea' id='block_1_17' title="bbox 173 1451 1729 1521">
    <p class='ocr_par' dir='ltr' id='par_1_17' title="bbox 173 1451 1729 1521">
     <span class='ocr_line' id='line_1_17' title="bbox 173 1451 1729 1521; baseline 0 -15"><span class='ocrx_word' id='word_1_110' title='bbox 173 1454 502 1521; x_wconf 84' lang='grc' dir='ltr'>Ἀμαρτίαν</span> <span class='ocrx_word' id='word_1_111' title='bbox 544 1455 654 1506; x_wconf 79' lang='grc' dir='ltr'>οὐκ</span> <span class='ocrx_word' id='word_1_112' title='bbox 692 1454 998 1520; x_wconf 78' lang='grc' dir='ltr'>ἐποίησεν,</span> <span class='ocrx_word' id='word_1_113' title='bbox 1047 1451 1185 1505; x_wconf 86' lang='grc' dir='ltr'>οὐδὲ</span> <span class='ocrx_word' id='word_1_114' title='bbox 1213 1451 1421 1520; x_wconf 81' lang='grc' dir='ltr'>εὑρέθη</span> <span class='ocrx_word' id='word_1_115' title='bbox 1460 1451 1636 1518; x_wconf 77' lang='grc' dir='ltr'>δόλος</span> <span class='ocrx_word' id='word_1_116' title='bbox 1659 1452 1729 1505; x_wconf 86' lang='grc' dir='ltr'>ὲν</span> 
     </span>
    </p>
   </div>
   <div class='ocr_carea' id='block_1_18' title="bbox 157 1540 1726 1614">
    <p class='ocr_par' dir='ltr' id='par_1_18' title="bbox 157 1540 1726 1614">
     <span class='ocr_line' id='line_1_18' title="bbox 157 1540 1726 1614; baseline 0.001 -19"><span class='ocrx_word' id='word_1_117' title='bbox 157 1544 246 1608; x_wconf 83' lang='grc' dir='ltr'>τῷ</span> <span class='ocrx_word' id='word_1_118' title='bbox 284 1545 534 1612; x_wconf 79' lang='grc' dir='ltr'>στόματι</span> <span class='ocrx_word' id='word_1_119' title='bbox 585 1544 788 1598; x_wconf 81' lang='grc' dir='ltr'>αὐτοῦ.</span> <span class='ocrx_word' id='word_1_120' title='bbox 831 1542 1225 1614; x_wconf 80' lang='grc' dir='ltr'>Ἐξωνήσασθαι</span> <span class='ocrx_word' id='word_1_121' title='bbox 1283 1543 1380 1614; x_wconf 82' lang='grc' dir='ltr'>μὲν</span> <span class='ocrx_word' id='word_1_122' title='bbox 1417 1540 1508 1596; x_wconf 79' lang='grc' dir='ltr'>οὖν</span> <span class='ocrx_word' id='word_1_123' title='bbox 1538 1543 1726 1596; x_wconf 78' lang='grc' dir='ltr'>ἑαυτὸν</span> 
     </span>
    </p>
   </div>
   <div class='ocr_carea' id='block_1_19' title="bbox 157 1632 1722 1706">
    <p class='ocr_par' dir='ltr' id='par_1_19' title="bbox 157 1632 1722 1706">
     <span class='ocr_line' id='line_1_19' title="bbox 157 1632 1722 1706; baseline 0 -20"><span class='ocrx_word' id='word_1_124' title='bbox 157 1634 344 1698; x_wconf 77' lang='grc' dir='ltr'>οὐδεὶς</span> <span class='ocrx_word' id='word_1_125' title='bbox 399 1636 600 1699; x_wconf 79' lang='grc' dir='ltr'>ἱκανὸς,</span> <span class='ocrx_word' id='word_1_126' title='bbox 641 1637 732 1689; x_wconf 78' lang='grc' dir='ltr'>ἐὰν</span> <span class='ocrx_word' id='word_1_127' title='bbox 775 1635 847 1706; x_wconf 82' lang='grc' dir='ltr'>μὴ</span> <span class='ocrx_word' id='word_1_128' title='bbox 882 1633 1009 1706; x_wconf 73' lang='grc' dir='ltr'><strong>ἔλθῃ</strong></span> <span class='ocrx_word' id='word_1_129' title='bbox 1047 1636 1075 1686; x_wconf 82' lang='grc' dir='ltr'>ὁ</span> <span class='ocrx_word' id='word_1_130' title='bbox 1104 1632 1201 1705; x_wconf 82' lang='grc' dir='ltr'>τὴν</span> <span class='ocrx_word' id='word_1_131' title='bbox 1235 1635 1603 1706; x_wconf 79' lang='grc' dir='ltr'><strong>αἰχμαλωσίαν</strong></span> <span class='ocrx_word' id='word_1_132' title='bbox 1629 1633 1722 1686; x_wconf 84' lang='grc' dir='ltr'>τοῦ</span> 
     </span>
    </p>
   </div>
   <div class='ocr_carea' id='block_1_20' title="bbox 157 1723 1716 1798">
    <p class='ocr_par' dir='ltr' id='par_1_20' title="bbox 157 1723 1716 1798">
     <span class='ocr_line' id='line_1_20' title="bbox 157 1723 1716 1798; baseline -0.001 -20"><span class='ocrx_word' id='word_1_133' title='bbox 157 1725 299 1779; x_wconf 78' lang='grc' dir='ltr'>λαοῦ</span> <span class='ocrx_word' id='word_1_134' title='bbox 323 1728 681 1798; x_wconf 80' lang='grc' dir='ltr'><strong>ἐπιστρέφων,</strong></span> <span class='ocrx_word' id='word_1_135' title='bbox 699 1727 759 1779; x_wconf 82' lang='grc' dir='ltr'>οὐ</span> <span class='ocrx_word' id='word_1_136' title='bbox 791 1724 927 1795; x_wconf 88' lang='grc' dir='ltr'>μετὰ</span> <span class='ocrx_word' id='word_1_137' title='bbox 949 1724 1177 1796; x_wconf 82' lang='grc' dir='ltr'>λύτρων,</span> <span class='ocrx_word' id='word_1_138' title='bbox 1205 1727 1322 1779; x_wconf 80' lang='grc' dir='ltr'>οὐδὲ</span> <span class='ocrx_word' id='word_1_139' title='bbox 1349 1726 1483 1796; x_wconf 86' lang='grc' dir='ltr'>μετὰ</span> <span class='ocrx_word' id='word_1_140' title='bbox 1512 1723 1716 1796; x_wconf 87' lang='grc' dir='ltr'>δώρων,</span> 
     </span>
    </p>
   </div>
   <div class='ocr_carea' id='block_1_21' title="bbox 1841 635 3393 722">
    <p class='ocr_par' dir='ltr' id='par_1_21' title="bbox 1841 635 3393 722">
     <span class='ocr_line' id='line_1_21' title="bbox 1841 635 3393 722; baseline 0.012 -34"><span class='ocrx_word' id='word_1_141' title='bbox 1841 635 1938 689; x_wconf 87' lang='lat' dir='ltr'><strong>bus</strong></span> <span class='ocrx_word' id='word_1_142' title='bbox 1973 635 2212 693; x_wconf 79' lang='lat' dir='ltr'><strong>effudit:</strong></span> <span class='ocrx_word' id='word_1_143' title='bbox 2259 639 2602 709; x_wconf 81' lang='lat' dir='ltr'><strong>quamobrem</strong></span> <span class='ocrx_word' id='word_1_144' title='bbox 2652 645 2825 711; x_wconf 88' lang='lat' dir='ltr'><strong>pretio</strong></span> <span class='ocrx_word' id='word_1_145' title='bbox 2878 647 3038 703; x_wconf 88' lang='lat' dir='ltr'><strong>etiam</strong></span> <span class='ocrx_word' id='word_1_146' title='bbox 3083 654 3248 722; x_wconf 91' lang='lat' dir='ltr'><strong>empti</strong></span> <span class='ocrx_word' id='word_1_147' title='bbox 3300 671 3393 710; x_wconf 85' lang='lat' dir='ltr'><strong>su-</strong></span> 
     </span>
    </p>
   </div>
   <div class='ocr_carea' id='block_1_22' title="bbox 1840 727 3393 805">
    <p class='ocr_par' dir='ltr' id='par_1_22' title="bbox 1840 727 3393 805">
     <span class='ocr_line' id='line_1_22' title="bbox 1840 727 3393 805; baseline 0.017 -29"><span class='ocrx_word' id='word_1_148' title='bbox 1840 741 1957 779; x_wconf 89' lang='lat' dir='ltr'><strong>mus</strong></span> <span class='ocrx_word' id='word_1_149' title='bbox 1986 727 2049 781; x_wconf 64' lang='grc' dir='ltr'><strong>δ’.</strong></span> <span class='ocrx_word' id='word_1_150' title='bbox 2074 727 2255 797; x_wconf 87' lang='lat' dir='ltr'><strong>Itaque</strong></span> <span class='ocrx_word' id='word_1_151' title='bbox 2276 730 2320 784; x_wconf 88' lang='lat' dir='ltr'><strong>si</strong></span> <span class='ocrx_word' id='word_1_152' title='bbox 2355 730 2522 786; x_wconf 86' lang='lat' dir='ltr'><strong>frater</strong></span> <span class='ocrx_word' id='word_1_153' title='bbox 2547 747 2650 787; x_wconf 89' lang='lat' dir='ltr'><strong>non</strong></span> <span class='ocrx_word' id='word_1_154' title='bbox 2678 736 2911 805; x_wconf 92' lang='lat' dir='ltr'><strong>redimit,</strong></span> <span class='ocrx_word' id='word_1_155' title='bbox 2932 742 3158 798; x_wconf 91' lang='lat' dir='ltr'><strong>redimet</strong></span> <span class='ocrx_word' id='word_1_156' title='bbox 3190 745 3393 803; x_wconf 82' lang='lat' dir='ltr'><strong>homo?</strong></span> 
     </span>
    </p>
   </div>
   <div class='ocr_carea' id='block_1_23' title="bbox 1839 815 3392 902">
    <p class='ocr_par' dir='ltr' id='par_1_23' title="bbox 1839 815 3392 902">
     <span class='ocr_line' id='line_1_23' title="bbox 1839 815 3392 902; baseline 0.015 -34"><span class='ocrx_word' id='word_1_157' title='bbox 1839 815 1894 869; x_wconf 91' lang='lat' dir='ltr'><strong>Si</strong></span> <span class='ocrx_word' id='word_1_158' title='bbox 1928 832 2053 872; x_wconf 90' lang='lat' dir='ltr'><strong>vero</strong></span> <span class='ocrx_word' id='word_1_159' title='bbox 2089 820 2356 874; x_wconf 79' lang='lat' dir='ltr'><strong>redimere</strong></span> <span class='ocrx_word' id='word_1_160' title='bbox 2393 836 2489 876; x_wconf 89' lang='lat' dir='ltr'><strong>nos</strong></span> <span class='ocrx_word' id='word_1_161' title='bbox 2545 837 2646 876; x_wconf 93' lang='lat' dir='ltr'><strong>non</strong></span> <span class='ocrx_word' id='word_1_162' title='bbox 2679 835 2852 892; x_wconf 89' lang='lat' dir='ltr'><strong>potest</strong></span> <span class='ocrx_word' id='word_1_163' title='bbox 2897 829 3057 884; x_wconf 85' lang='lat' dir='ltr'><strong>homo</strong></span> <span class='ocrx_word' id='word_1_164' title='bbox 3087 847 3100 896; x_wconf 93' lang='lat'><strong>;</strong></span> <span class='ocrx_word' id='word_1_165' title='bbox 3127 836 3213 902; x_wconf 89' lang='lat' dir='ltr'><strong>qui</strong></span> <span class='ocrx_word' id='word_1_166' title='bbox 3245 839 3392 891; x_wconf 86' lang='lat' dir='ltr'><strong>rede-</strong></span> 
     </span>
    </p>
   </div>
   <div class='ocr_carea' id='block_1_24' title="bbox 1837 910 3388 998">
    <p class='ocr_par' dir='ltr' id='par_1_24' title="bbox 1837 910 3388 998">
     <span class='ocr_line' id='line_1_24' title="bbox 1837 910 3388 998; baseline 0.015 -37"><span class='ocrx_word' id='word_1_167' title='bbox 1837 910 1933 962; x_wconf 87' lang='lat' dir='ltr'><strong>mit</strong></span> <span class='ocrx_word' id='word_1_168' title='bbox 1964 925 2081 974; x_wconf 81' lang='lat' dir='ltr'><strong>nos,</strong></span> <span class='ocrx_word' id='word_1_169' title='bbox 2107 910 2268 966; x_wconf 84' lang='lat' dir='ltr'><strong>homo</strong></span> <span class='ocrx_word' id='word_1_170' title='bbox 2299 927 2403 967; x_wconf 90' lang='lat' dir='ltr'><strong>non</strong></span> <span class='ocrx_word' id='word_1_171' title='bbox 2459 923 2561 971; x_wconf 89' lang='lat' dir='ltr'><strong>est.</strong></span> <span class='ocrx_word' id='word_1_172' title='bbox 2610 914 2688 971; x_wconf 85' lang='lat' dir='ltr'><strong>Ne</strong></span> <span class='ocrx_word' id='word_1_173' title='bbox 2727 918 2907 987; x_wconf 79' lang='lat' dir='ltr'><strong>igitur,</strong></span> <span class='ocrx_word' id='word_1_174' title='bbox 2943 934 3221 992; x_wconf 89' lang='lat' dir='ltr'><strong>propterea</strong></span> <span class='ocrx_word' id='word_1_175' title='bbox 3248 935 3388 998; x_wconf 83' lang='lat' dir='ltr'><strong>quod</strong></span> 
     </span>
    </p>
   </div>
   <div class='ocr_carea' id='block_1_25' title="bbox 1835 998 3387 1077">
    <p class='ocr_par' dir='ltr' id='par_1_25' title="bbox 1835 998 3387 1077">
     <span class='ocr_line' id='line_1_25' title="bbox 1835 998 3387 1077; baseline 0.017 -27"><span class='ocrx_word' id='word_1_176' title='bbox 1835 998 1887 1051; x_wconf 94' lang='lat' dir='ltr'><strong>in</strong></span> <span class='ocrx_word' id='word_1_177' title='bbox 1934 999 2285 1056; x_wconf 88' lang='lat' dir='ltr'><strong>similitudine</strong></span> <span class='ocrx_word' id='word_1_178' title='bbox 2329 1005 2512 1058; x_wconf 89' lang='lat' dir='ltr'><strong>carnis</strong></span> <span class='ocrx_word' id='word_1_179' title='bbox 2537 1009 2736 1074; x_wconf 79' lang='lat' dir='ltr'><strong>peccati</strong></span> <span class='ocrx_word' id='word_1_180' title='bbox 2777 1011 3050 1066; x_wconf 90' lang='lat' dir='ltr'><strong>nobiscum</strong></span> <span class='ocrx_word' id='word_1_181' title='bbox 3085 1016 3387 1077; x_wconf 86' lang='lat' dir='ltr'><strong>diversatus</strong></span> 
     </span>
    </p>
   </div>
   <div class='ocr_carea' id='block_1_26' title="bbox 1832 1091 3383 1178">
    <p class='ocr_par' dir='ltr' id='par_1_26' title="bbox 1832 1091 3383 1178">
     <span class='ocr_line' id='line_1_26' title="bbox 1832 1091 3383 1178; baseline 0.015 -36"><span class='ocrx_word' id='word_1_182' title='bbox 1832 1096 1933 1153; x_wconf 90' lang='lat' dir='ltr'><strong>est,</strong></span> <span class='ocrx_word' id='word_1_183' title='bbox 1964 1091 2232 1146; x_wconf 86' lang='lat' dir='ltr'><strong>hominem</strong></span> <span class='ocrx_word' id='word_1_184' title='bbox 2265 1093 2437 1149; x_wconf 90' lang='lat' dir='ltr'><strong>solum</strong></span> <span class='ocrx_word' id='word_1_185' title='bbox 2467 1098 2742 1154; x_wconf 81' lang='lat' dir='ltr'><strong>existimes</strong></span> <span class='ocrx_word' id='word_1_186' title='bbox 2787 1099 3069 1158; x_wconf 87' lang='lat' dir='ltr'><strong>Dominum</strong></span> <span class='ocrx_word' id='word_1_187' title='bbox 3117 1121 3383 1178; x_wconf 89' lang='lat' dir='ltr'><strong>nostrum,</strong></span> 
     </span>
    </p>
   </div>
   <div class='ocr_carea' id='block_1_27' title="bbox 1830 1178 3386 1262">
    <p class='ocr_par' dir='ltr' id='par_1_27' title="bbox 1830 1178 3386 1262">
     <span class='ocr_line' id='line_1_27' title="bbox 1830 1178 3386 1262; baseline 0.019 -34"><span class='ocrx_word' id='word_1_188' title='bbox 1830 1178 2125 1233; x_wconf 85' lang='lat' dir='ltr'><strong>divinitatis</strong></span> <span class='ocrx_word' id='word_1_189' title='bbox 2153 1185 2446 1249; x_wconf 84' lang='lat' dir='ltr'><strong>potentiam</strong></span> <span class='ocrx_word' id='word_1_190' title='bbox 2499 1187 2751 1255; x_wconf 73' lang='lat' dir='ltr'><strong>ignorans</strong></span> <span class='ocrx_word' id='word_1_191' title='bbox 2790 1211 2802 1244; x_wconf 91' lang='lat'>:</span> <span class='ocrx_word' id='word_1_192' title='bbox 2849 1194 2932 1246; x_wconf 91' lang='lat' dir='ltr'><strong>cui</strong></span> <span class='ocrx_word' id='word_1_193' title='bbox 2973 1210 3106 1262; x_wconf 91' lang='lat' dir='ltr'><strong>opus</strong></span> <span class='ocrx_word' id='word_1_194' title='bbox 3134 1214 3236 1253; x_wconf 91' lang='lat' dir='ltr'><strong>non</strong></span> <span class='ocrx_word' id='word_1_195' title='bbox 3271 1213 3386 1257; x_wconf 90' lang='lat' dir='ltr'><strong>erat</strong></span> 
     </span>
    </p>
   </div>
   <div class='ocr_carea' id='block_1_28' title="bbox 1832 1266 3381 1356">
    <p class='ocr_par' dir='ltr' id='par_1_28' title="bbox 1832 1266 3381 1356">
     <span class='ocr_line' id='line_1_28' title="bbox 1832 1266 3381 1356; baseline 0.019 -37"><span class='ocrx_word' id='word_1_196' title='bbox 1832 1266 1937 1322; x_wconf 84' lang='lat' dir='ltr'><strong>Deo</strong></span> <span class='ocrx_word' id='word_1_197' title='bbox 1958 1269 2084 1324; x_wconf 87' lang='lat' dir='ltr'><strong>dare</strong></span> <span class='ocrx_word' id='word_1_198' title='bbox 2108 1272 2462 1340; x_wconf 87' lang='lat' dir='ltr'><strong>placationem</strong></span> <span class='ocrx_word' id='word_1_199' title='bbox 2495 1293 2672 1343; x_wconf 90' lang='lat' dir='ltr'><strong>snam,</strong></span> <span class='ocrx_word' id='word_1_200' title='bbox 2701 1296 2872 1350; x_wconf 84' lang='lat' dir='ltr'><strong>neque</strong></span> <span class='ocrx_word' id='word_1_201' title='bbox 2918 1291 3185 1356; x_wconf 88' lang='lat' dir='ltr'><strong>propriam</strong></span> <span class='ocrx_word' id='word_1_202' title='bbox 3239 1296 3381 1347; x_wconf 87' lang='lat' dir='ltr'><strong>redi-</strong></span> 
     </span>
    </p>
   </div>
   <div class='ocr_carea' id='block_1_29' title="bbox 1828 1365 3385 1444">
    <p class='ocr_par' dir='ltr' id='par_1_29' title="bbox 1828 1365 3385 1444">
     <span class='ocr_line' id='line_1_29' title="bbox 1828 1365 3385 1444; baseline 0.019 -31"><span class='ocrx_word' id='word_1_203' title='bbox 1828 1376 1975 1416; x_wconf 88' lang='lat' dir='ltr'><strong>mere</strong></span> <span class='ocrx_word' id='word_1_204' title='bbox 2001 1365 2401 1436; x_wconf 84' lang='lat' dir='ltr'><strong>auimatn,quia</strong></span> <span class='ocrx_word' id='word_1_205' title='bbox 2442 1369 2715 1426; x_wconf 80' lang='lat' dir='ltr'><strong>Peccatum</strong></span> <span class='ocrx_word' id='word_1_206' title='bbox 2750 1390 2850 1429; x_wconf 87' lang='lat' dir='ltr'><strong>non</strong></span> <span class='ocrx_word' id='word_1_207' title='bbox 2870 1375 3009 1444; x_wconf 83' lang='lat' dir='ltr'><strong>fecit,</strong></span> <span class='ocrx_word' id='word_1_208' title='bbox 3037 1397 3130 1435; x_wconf 85' lang='lat' dir='ltr'><strong>nec</strong></span> <span class='ocrx_word' id='word_1_209' title='bbox 3154 1385 3385 1442; x_wconf 85' lang='lat' dir='ltr'><strong>inventus</strong></span> 
     </span>
    </p>
   </div>
   <div class='ocr_carea' id='block_1_30' title="bbox 1826 1455 3386 1538">
    <p class='ocr_par' dir='ltr' id='par_1_30' title="bbox 1826 1455 3386 1538">
     <span class='ocr_line' id='line_1_30' title="bbox 1826 1455 3386 1538; baseline 0.017 -33"><span class='ocrx_word' id='word_1_210' title='bbox 1826 1463 1899 1506; x_wconf 86' lang='lat' dir='ltr'><strong>est</strong></span> <span class='ocrx_word' id='word_1_211' title='bbox 1927 1455 2075 1508; x_wconf 80' lang='lat' dir='ltr'><strong>dolus</strong></span> <span class='ocrx_word' id='word_1_212' title='bbox 2101 1457 2152 1510; x_wconf 88' lang='lat' dir='ltr'><strong>in</strong></span> <span class='ocrx_word' id='word_1_213' title='bbox 2180 1474 2268 1513; x_wconf 84' lang='lat' dir='ltr'><strong>ore</strong></span> <span class='ocrx_word' id='word_1_214' title='bbox 2297 1460 2408 1525; x_wconf 83' lang='lat' dir='ltr'><strong>eius</strong></span> <span class='ocrx_word' id='word_1_215' title='bbox 2430 1462 2497 1514; x_wconf 80' lang='lat'><strong>&#39;°.</strong></span> <span class='ocrx_word' id='word_1_216' title='bbox 2522 1463 2693 1518; x_wconf 83' lang='lat' dir='ltr'><strong>Nemo</strong></span> <span class='ocrx_word' id='word_1_217' title='bbox 2723 1465 2882 1534; x_wconf 79' lang='lat' dir='ltr'><strong>igitur</strong></span> <span class='ocrx_word' id='word_1_218' title='bbox 2903 1484 2960 1523; x_wconf 87' lang='lat' dir='ltr'><strong>se</strong></span> <span class='ocrx_word' id='word_1_219' title='bbox 2983 1471 3094 1538; x_wconf 90' lang='lat' dir='ltr'><strong>ipse</strong></span> <span class='ocrx_word' id='word_1_220' title='bbox 3124 1475 3386 1532; x_wconf 79' lang='lat' dir='ltr'><strong>redimere</strong></span> 
     </span>
    </p>
   </div>
   <div class='ocr_carea' id='block_1_31' title="bbox 1825 1547 3373 1634">
    <p class='ocr_par' dir='ltr' id='par_1_31' title="bbox 1825 1547 3373 1634">
     <span class='ocr_line' id='line_1_31' title="bbox 1825 1547 3373 1634; baseline 0.016 -39"><span class='ocrx_word' id='word_1_221' title='bbox 1825 1554 2015 1611; x_wconf 86' lang='lat' dir='ltr'><strong>potest,</strong></span> <span class='ocrx_word' id='word_1_222' title='bbox 2050 1547 2148 1602; x_wconf 88' lang='lat' dir='ltr'><strong>nisi</strong></span> <span class='ocrx_word' id='word_1_223' title='bbox 2175 1551 2458 1620; x_wconf 85' lang='lat' dir='ltr'><strong>veniatqui</strong></span> <span class='ocrx_word' id='word_1_224' title='bbox 2481 1555 2845 1622; x_wconf 84' lang='lat' dir='ltr'><strong>captivitatem</strong></span> <span class='ocrx_word' id='word_1_225' title='bbox 2872 1561 3048 1629; x_wconf 86' lang='lat' dir='ltr'><strong>populi</strong></span> <span class='ocrx_word' id='word_1_226' title='bbox 3074 1577 3373 1634; x_wconf 88' lang='lat' dir='ltr'><strong>convertat,</strong></span> 
     </span>
    </p>
   </div>
   <div class='ocr_carea' id='block_1_32' title="bbox 1824 1639 3379 1715">
    <p class='ocr_par' dir='ltr' id='par_1_32' title="bbox 1824 1639 3379 1715">
     <span class='ocr_line' id='line_1_32' title="bbox 1824 1639 3379 1715; baseline 0.015 -29"><span class='ocrx_word' id='word_1_227' title='bbox 1824 1648 1926 1687; x_wconf 91' lang='lat' dir='ltr'><strong>non</strong></span> <span class='ocrx_word' id='word_1_228' title='bbox 1977 1649 2098 1688; x_wconf 90' lang='lat' dir='ltr'><strong>cum</strong></span> <span class='ocrx_word' id='word_1_229' title='bbox 2132 1639 2344 1705; x_wconf 88' lang='lat' dir='ltr'><strong>pretiis,</strong></span> <span class='ocrx_word' id='word_1_230' title='bbox 2377 1656 2550 1711; x_wconf 88' lang='lat' dir='ltr'><strong>neque</strong></span> <span class='ocrx_word' id='word_1_231' title='bbox 2585 1660 2706 1699; x_wconf 91' lang='lat' dir='ltr'><strong>cum</strong></span> <span class='ocrx_word' id='word_1_232' title='bbox 2750 1648 2926 1715; x_wconf 87' lang='lat' dir='ltr'><strong>donis,</strong></span> <span class='ocrx_word' id='word_1_233' title='bbox 2964 1652 3105 1706; x_wconf 87' lang='lat' dir='ltr'><strong>sicut</strong></span> <span class='ocrx_word' id='word_1_234' title='bbox 3152 1652 3205 1706; x_wconf 87' lang='lat' dir='ltr'><strong>in</strong></span> <span class='ocrx_word' id='word_1_235' title='bbox 3245 1656 3379 1710; x_wconf 80' lang='lat' dir='ltr'><strong>Isaia</strong></span> 
     </span>
    </p>
   </div>
   <div class='ocr_carea' id='block_1_33' title="bbox 1819 1725 3378 1810">
    <p class='ocr_par' dir='ltr' id='par_1_33' title="bbox 1819 1725 3378 1810">
     <span class='ocr_line' id='line_1_33' title="bbox 1819 1725 3378 1810; baseline 0.015 -34"><span class='ocrx_word' id='word_1_236' title='bbox 1819 1725 2074 1792; x_wconf 87' lang='lat' dir='ltr'><strong>scriptum</strong></span> <span class='ocrx_word' id='word_1_237' title='bbox 2110 1738 2193 1782; x_wconf 90' lang='lat' dir='ltr'><strong>est</strong></span> <span class='ocrx_word' id='word_1_238' title='bbox 2223 1728 2304 1794; x_wconf 71' lang='grc' dir='ltr'>υ,</span> <span class='ocrx_word' id='word_1_239' title='bbox 2342 1732 2434 1785; x_wconf 90' lang='lat' dir='ltr'><strong>sed</strong></span> <span class='ocrx_word' id='word_1_240' title='bbox 2475 1733 2527 1788; x_wconf 92' lang='lat' dir='ltr'><strong>in</strong></span> <span class='ocrx_word' id='word_1_241' title='bbox 2575 1749 2672 1788; x_wconf 92' lang='lat' dir='ltr'><strong>suo</strong></span> <span class='ocrx_word' id='word_1_242' title='bbox 2721 1741 3000 1806; x_wconf 80' lang='lat' dir='ltr'><strong>sanguine.</strong></span> <span class='ocrx_word' id='word_1_243' title='bbox 3031 1741 3130 1798; x_wconf 83' lang='lat' dir='ltr'><strong>Hic</strong></span> <span class='ocrx_word' id='word_1_244' title='bbox 3175 1753 3378 1810; x_wconf 87' lang='lat' dir='ltr'><strong>autem,</strong></span> 
     </span>
    </p>
   </div>
   <div class='ocr_carea' id='block_1_34' title="bbox 156 1815 1718 1892">
    <p class='ocr_par' dir='ltr' id='par_1_34' title="bbox 156 1815 1718 1888">
     <span class='ocr_line' id='line_1_34' title="bbox 156 1815 1718 1888; baseline 0.003 -19"><span class='ocrx_word' id='word_1_245' title='bbox 156 1817 237 1882; x_wconf 85' lang='grc' dir='ltr'>ὠς</span> <span class='ocrx_word' id='word_1_246' title='bbox 271 1819 333 1870; x_wconf 82' lang='grc' dir='ltr'>ὲν</span> <span class='ocrx_word' id='word_1_247' title='bbox 375 1819 572 1887; x_wconf 70' lang='grc' dir='ltr'>Ἦσαῖα</span> <span class='ocrx_word' id='word_1_248' title='bbox 619 1817 946 1887; x_wconf 82' lang='grc' dir='ltr'>γέγραπται,</span> <span class='ocrx_word' id='word_1_249' title='bbox 1003 1815 1116 1869; x_wconf 87' lang='grc' dir='ltr'>ἀλλ’</span> <span class='ocrx_word' id='word_1_250' title='bbox 1154 1819 1210 1870; x_wconf 85' lang='grc' dir='ltr'>ὲν</span> <span class='ocrx_word' id='word_1_251' title='bbox 1251 1816 1326 1885; x_wconf 82' lang='grc' dir='ltr'>τῷ</span> <span class='ocrx_word' id='word_1_252' title='bbox 1378 1815 1569 1870; x_wconf 80' lang='grc' dir='ltr'>ἑαυτοῦ</span> <span class='ocrx_word' id='word_1_253' title='bbox 1609 1817 1718 1888; x_wconf 83' lang='lat'><strong>(8&#39;5)</strong></span> 
     </span>
    </p>
   </div>
   <div class='ocr_carea' id='block_1_35' title="bbox 1818 1815 3373 1892">
    <p class='ocr_par' dir='ltr' id='par_1_35' title="bbox 1820 1821 3373 1892">
     <span class='ocr_line' id='line_1_35' title="bbox 1820 1821 3373 1892; baseline 0.017 -26"><span class='ocrx_word' id='word_1_254' title='bbox 1820 1829 1941 1868; x_wconf 88' lang='lat' dir='ltr'><strong>cum</strong></span> <span class='ocrx_word' id='word_1_255' title='bbox 1977 1831 2084 1872; x_wconf 89' lang='lat' dir='ltr'><strong>non</strong></span> <span class='ocrx_word' id='word_1_256' title='bbox 2119 1833 2357 1876; x_wconf 85' lang='lat' dir='ltr'><strong>essemus</strong></span> <span class='ocrx_word' id='word_1_257' title='bbox 2390 1821 2607 1892; x_wconf 76' lang='lat' dir='ltr'><strong>fratres,</strong></span> <span class='ocrx_word' id='word_1_258' title='bbox 2634 1827 2724 1881; x_wconf 90' lang='lat' dir='ltr'><strong>sed</strong></span> <span class='ocrx_word' id='word_1_259' title='bbox 2749 1844 2988 1885; x_wconf 88' lang='lat' dir='ltr'><strong>essemus</strong></span> <span class='ocrx_word' id='word_1_260' title='bbox 3013 1834 3214 1891; x_wconf 90' lang='lat' dir='ltr'><strong>inimici</strong></span> <span class='ocrx_word' id='word_1_261' title='bbox 3249 1837 3373 1892; x_wconf 64' lang='lat' dir='ltr'><strong>facti</strong></span> 
     </span>
    </p>
   </div>
   <div class='ocr_carea' id='block_1_36' title="bbox 156 1899 1719 1976">
    <p class='ocr_par' dir='ltr' id='par_1_36' title="bbox 156 1899 1719 1976">
     <span class='ocr_line' id='line_1_36' title="bbox 156 1899 1719 1976; baseline 0.001 -17"><span class='ocrx_word' id='word_1_262' title='bbox 156 1907 381 1976; x_wconf 87' lang='grc' dir='ltr'>αἵματι.</span> <span class='ocrx_word' id='word_1_263' title='bbox 437 1899 600 1967; x_wconf 73' lang='grc' dir='ltr'>Οὗτος</span> <span class='ocrx_word' id='word_1_264' title='bbox 647 1903 704 1956; x_wconf 87' lang='grc' dir='ltr'>δὲ</span> <span class='ocrx_word' id='word_1_265' title='bbox 737 1905 856 1974; x_wconf 78' lang='grc' dir='ltr'><strong>οὐχὶ</strong></span> <span class='ocrx_word' id='word_1_266' title='bbox 898 1903 1158 1973; x_wconf 79' lang='grc' dir='ltr'>ἀδελφοὺς</span> <span class='ocrx_word' id='word_1_267' title='bbox 1201 1905 1344 1975; x_wconf 81' lang='grc' dir='ltr'>ἡμᾶς</span> <span class='ocrx_word' id='word_1_268' title='bbox 1384 1905 1563 1971; x_wconf 74' lang='grc' dir='ltr'>ὄντας,</span> <span class='ocrx_word' id='word_1_269' title='bbox 1607 1908 1719 1960; x_wconf 83' lang='grc' dir='ltr'>ἀλλ’</span> 
     </span>
    </p>
   </div>
   <div class='ocr_carea' id='block_1_37' title="bbox 157 1991 1719 2065">
    <p class='ocr_par' dir='ltr' id='par_1_37' title="bbox 157 1991 1719 2065">
     <span class='ocr_line' id='line_1_37' title="bbox 157 1991 1719 2065; baseline 0.003 -19"><span class='ocrx_word' id='word_1_270' title='bbox 157 1995 394 2065; x_wconf 72' lang='grc' dir='ltr'>ἐχθροὺς</span> <span class='ocrx_word' id='word_1_271' title='bbox 425 1994 569 2063; x_wconf 81' lang='grc' dir='ltr'>ἡμᾶς</span> <span class='ocrx_word' id='word_1_272' title='bbox 598 1991 921 2063; x_wconf 83' lang='grc' dir='ltr'>γενομένους</span> <span class='ocrx_word' id='word_1_273' title='bbox 950 1995 1062 2055; x_wconf 90' lang='grc' dir='ltr'>τοῖς</span> <span class='ocrx_word' id='word_1_274' title='bbox 1098 1991 1556 2065; x_wconf 82' lang='grc' dir='ltr'>παραπτώμασιν,</span> <span class='ocrx_word' id='word_1_275' title='bbox 1598 1995 1719 2051; x_wconf 74' lang='grc' dir='ltr'>οὔτε</span> 
     </span>
    </p>
   </div>
   <div class='ocr_carea' id='block_1_38' title="bbox 153 2085 1720 2159">
    <p class='ocr_par' dir='ltr' id='par_1_38' title="bbox 153 2085 1720 2159">
     <span class='ocr_line' id='line_1_38' title="bbox 153 2085 1720 2159; baseline -0.001 -18"><span class='ocrx_word' id='word_1_276' title='bbox 153 2088 446 2159; x_wconf 79' lang='grc' dir='ltr'>ἄνθρωπος</span> <span class='ocrx_word' id='word_1_277' title='bbox 473 2085 626 2155; x_wconf 75' lang='grc' dir='ltr'>ψιλὸς</span> <span class='ocrx_word' id='word_1_278' title='bbox 655 2085 748 2152; x_wconf 85' lang='grc' dir='ltr'>ὣν,</span> <span class='ocrx_word' id='word_1_279' title='bbox 782 2085 915 2140; x_wconf 76' lang='grc' dir='ltr'>ἀλλὰ</span> <span class='ocrx_word' id='word_1_280' title='bbox 939 2085 1088 2148; x_wconf 75' lang='grc' dir='ltr'>Θεὸς,</span> <span class='ocrx_word' id='word_1_281' title='bbox 1127 2085 1261 2156; x_wconf 85' lang='grc' dir='ltr'>μετὰ</span> <span class='ocrx_word' id='word_1_282' title='bbox 1289 2087 1387 2158; x_wconf 81' lang='grc' dir='ltr'>τὴν</span> <span class='ocrx_word' id='word_1_283' title='bbox 1415 2085 1720 2159; x_wconf 78' lang='grc' dir='ltr'>ἐλευθερίαν</span> 
     </span>
    </p>
   </div>
   <div class='ocr_carea' id='block_1_39' title="bbox 155 2176 1723 2250">
    <p class='ocr_par' dir='ltr' id='par_1_39' title="bbox 155 2176 1723 2250">
     <span class='ocr_line' id='line_1_39' title="bbox 155 2176 1723 2250; baseline 0 -19"><span class='ocrx_word' id='word_1_284' title='bbox 155 2181 225 2250; x_wconf 72' lang='grc' dir='ltr'>ἢν</span> <span class='ocrx_word' id='word_1_285' title='bbox 256 2177 539 2249; x_wconf 77' lang='grc' dir='ltr'>χαρίζεται</span> <span class='ocrx_word' id='word_1_286' title='bbox 569 2179 718 2249; x_wconf 82' lang='grc' dir='ltr'>ἡμῖν,</span> <span class='ocrx_word' id='word_1_287' title='bbox 751 2178 842 2231; x_wconf 75' lang='grc' dir='ltr'>καὶ</span> <span class='ocrx_word' id='word_1_288' title='bbox 890 2176 1146 2246; x_wconf 85' lang='grc' dir='ltr'>ἀδελφοὺς</span> <span class='ocrx_word' id='word_1_289' title='bbox 1175 2178 1319 2249; x_wconf 72' lang='grc' dir='ltr'>ἡμᾶς</span> <span class='ocrx_word' id='word_1_290' title='bbox 1341 2177 1532 2230; x_wconf 78' lang='grc' dir='ltr'>ἑαυτοῦ</span> <span class='ocrx_word' id='word_1_291' title='bbox 1561 2195 1723 2250; x_wconf 88' lang='grc' dir='ltr'>προσ-</span> 
     </span>
    </p>
   </div>
   <div class='ocr_carea' id='block_1_40' title="bbox 154 2267 1719 2341">
    <p class='ocr_par' dir='ltr' id='par_1_40' title="bbox 154 2267 1719 2341">
     <span class='ocr_line' id='line_1_40' title="bbox 154 2267 1719 2341; baseline 0 -19"><span class='ocrx_word' id='word_1_292' title='bbox 154 2267 435 2338; x_wconf 85' lang='grc' dir='ltr'>αγορεύει.</span> <span class='ocrx_word' id='word_1_293' title='bbox 489 2268 824 2340; x_wconf 73' lang='grc' dir='ltr'><strong>Ἀπαγγελῶ</strong></span> <span class='ocrx_word' id='word_1_294' title='bbox 869 2269 999 2338; x_wconf 65' lang='grc' dir='ltr'>γὰρ,</span> <span class='ocrx_word' id='word_1_295' title='bbox 1057 2269 1208 2341; x_wconf 80' lang='grc' dir='ltr'>φησὶ,</span> <span class='ocrx_word' id='word_1_296' title='bbox 1242 2269 1306 2324; x_wconf 80' lang='grc' dir='ltr'>τὸ</span> <span class='ocrx_word' id='word_1_297' title='bbox 1353 2270 1537 2338; x_wconf 82' lang='grc' dir='ltr'>ὄνομά</span> <span class='ocrx_word' id='word_1_298' title='bbox 1604 2285 1719 2323; x_wconf 90' lang='grc' dir='ltr'>σου</span> 
     </span>
    </p>
   </div>
   <div class='ocr_carea' id='block_1_41' title="bbox 153 2359 1717 2432">
    <p class='ocr_par' dir='ltr' id='par_1_41' title="bbox 153 2359 1717 2432">
     <span class='ocr_line' id='line_1_41' title="bbox 153 2359 1717 2432; baseline 0.003 -22"><span class='ocrx_word' id='word_1_299' title='bbox 153 2359 283 2426; x_wconf 85' lang='grc' dir='ltr'>τοῖς</span> <span class='ocrx_word' id='word_1_300' title='bbox 313 2359 594 2430; x_wconf 73' lang='grc' dir='ltr'><strong>ἀδελφοῖς</strong></span> <span class='ocrx_word' id='word_1_301' title='bbox 613 2379 750 2430; x_wconf 82' lang='grc' dir='ltr'>μου.</span> <span class='ocrx_word' id='word_1_302' title='bbox 781 2361 837 2414; x_wconf 89' lang='grc' dir='ltr'>Ὁ</span> <span class='ocrx_word' id='word_1_303' title='bbox 861 2359 953 2414; x_wconf 79' lang='grc' dir='ltr'>οὖν</span> <span class='ocrx_word' id='word_1_304' title='bbox 980 2361 1390 2431; x_wconf 82' lang='grc' dir='ltr'>λυτρωσάμενος</span> <span class='ocrx_word' id='word_1_305' title='bbox 1419 2361 1528 2430; x_wconf 75' lang='grc'><strong>(84)</strong></span> <span class='ocrx_word' id='word_1_306' title='bbox 1551 2363 1717 2432; x_wconf 78' lang='grc' dir='ltr'>ἡμᾶς,</span> 
     </span>
    </p>
   </div>
   <div class='ocr_carea' id='block_1_42' title="bbox 155 2448 1718 2522">
    <p class='ocr_par' dir='ltr' id='par_1_42' title="bbox 155 2448 1718 2522">
     <span class='ocr_line' id='line_1_42' title="bbox 155 2448 1718 2522; baseline 0.001 -21"><span class='ocrx_word' id='word_1_307' title='bbox 155 2448 251 2501; x_wconf 68' lang='grc' dir='ltr'>ἐὰν</span> <span class='ocrx_word' id='word_1_308' title='bbox 283 2450 382 2520; x_wconf 81' lang='grc' dir='ltr'>μὲν</span> <span class='ocrx_word' id='word_1_309' title='bbox 413 2453 512 2522; x_wconf 83' lang='grc' dir='ltr'>τὴν</span> <span class='ocrx_word' id='word_1_310' title='bbox 541 2450 699 2520; x_wconf 86' lang='grc' dir='ltr'>φύσιν</span> <span class='ocrx_word' id='word_1_311' title='bbox 717 2449 880 2504; x_wconf 80' lang='grc' dir='ltr'>αὑτοῦ</span> <span class='ocrx_word' id='word_1_312' title='bbox 913 2453 1138 2520; x_wconf 82' lang='grc' dir='ltr'>σκοπῇς,</span> <span class='ocrx_word' id='word_1_313' title='bbox 1159 2449 1280 2502; x_wconf 71' lang='grc' dir='ltr'>οὔτε</span> <span class='ocrx_word' id='word_1_314' title='bbox 1310 2449 1559 2518; x_wconf 85' lang='grc' dir='ltr'>ἁδελφὸς,</span> <span class='ocrx_word' id='word_1_315' title='bbox 1596 2449 1718 2503; x_wconf 76' lang='grc' dir='ltr'>οὔτε</span> 
     </span>
    </p>
   </div>
   <div class='ocr_carea' id='block_1_43' title="bbox 156 2540 1721 2613">
    <p class='ocr_par' dir='ltr' id='par_1_43' title="bbox 156 2540 1721 2613">
     <span class='ocr_line' id='line_1_43' title="bbox 156 2540 1721 2613; baseline 0.002 -20"><span class='ocrx_word' id='word_1_316' title='bbox 156 2540 477 2613; x_wconf 80' lang='grc' dir='ltr'>ἄνθρωπος·</span> <span class='ocrx_word' id='word_1_317' title='bbox 513 2543 604 2594; x_wconf 78' lang='grc' dir='ltr'><strong>ἐὰν</strong></span> <span class='ocrx_word' id='word_1_318' title='bbox 626 2541 682 2594; x_wconf 82' lang='grc' dir='ltr'>δὲ</span> <span class='ocrx_word' id='word_1_319' title='bbox 724 2540 820 2611; x_wconf 81' lang='grc' dir='ltr'>τὴν</span> <span class='ocrx_word' id='word_1_320' title='bbox 850 2543 914 2593; x_wconf 77' lang='grc' dir='ltr'>ὲκ</span> <span class='ocrx_word' id='word_1_321' title='bbox 940 2540 1157 2611; x_wconf 88' lang='grc' dir='ltr'>χάριτος</span> <span class='ocrx_word' id='word_1_322' title='bbox 1203 2540 1366 2593; x_wconf 75' lang='grc' dir='ltr'>αὐτοῦ</span> <span class='ocrx_word' id='word_1_323' title='bbox 1400 2541 1532 2613; x_wconf 81' lang='grc' dir='ltr'>πρὸς</span> <span class='ocrx_word' id='word_1_324' title='bbox 1575 2544 1721 2613; x_wconf 78' lang='grc' dir='ltr'>ἡμᾶς</span> 
     </span>
    </p>
   </div>
   <div class='ocr_carea' id='block_1_44' title="bbox 161 2630 1720 2704">
    <p class='ocr_par' dir='ltr' id='par_1_44' title="bbox 161 2630 1720 2704">
     <span class='ocr_line' id='line_1_44' title="bbox 161 2630 1720 2704; baseline 0.002 -21"><span class='ocrx_word' id='word_1_325' title='bbox 161 2633 599 2698; x_wconf 84' lang='grc' dir='ltr'>συγκατάϐασιν,</span> <span class='ocrx_word' id='word_1_326' title='bbox 653 2632 746 2684; x_wconf 66' lang='grc' dir='ltr'><strong>καλ⁸</strong></span> <span class='ocrx_word' id='word_1_327' title='bbox 792 2630 1049 2700; x_wconf 79' lang='grc' dir='ltr'>ἀδελφοὺς</span> <span class='ocrx_word' id='word_1_328' title='bbox 1094 2635 1240 2703; x_wconf 79' lang='grc' dir='ltr'>ἡμᾶς</span> <span class='ocrx_word' id='word_1_329' title='bbox 1291 2635 1577 2704; x_wconf 77' lang='grc' dir='ltr'>ὀνομάζει,</span> <span class='ocrx_word' id='word_1_330' title='bbox 1627 2635 1720 2688; x_wconf 72' lang='grc' dir='ltr'><strong>καὶ</strong></span> 
     </span>
    </p>
   </div>
   <div class='ocr_carea' id='block_1_45' title="bbox 158 2721 1721 2795">
    <p class='ocr_par' dir='ltr' id='par_1_45' title="bbox 158 2721 1721 2795">
     <span class='ocr_line' id='line_1_45' title="bbox 158 2721 1721 2795; baseline 0.001 -19"><span class='ocrx_word' id='word_1_331' title='bbox 158 2725 296 2794; x_wconf 76' lang='grc' dir='ltr'>πρὸς</span> <span class='ocrx_word' id='word_1_332' title='bbox 353 2725 442 2777; x_wconf 78' lang='grc' dir='ltr'>τὸν</span> <span class='ocrx_word' id='word_1_333' title='bbox 491 2725 824 2795; x_wconf 81' lang='grc' dir='ltr'>ἀνθρώπινον</span> <span class='ocrx_word' id='word_1_334' title='bbox 857 2724 1193 2790; x_wconf 88' lang='grc' dir='ltr'>καταϐαίνει,</span> <span class='ocrx_word' id='word_1_335' title='bbox 1235 2726 1293 2790; x_wconf 85' lang='grc' dir='ltr'>ὃς</span> <span class='ocrx_word' id='word_1_336' title='bbox 1331 2729 1413 2780; x_wconf 88' lang='grc' dir='ltr'><strong>Οὺ</strong></span> <span class='ocrx_word' id='word_1_337' title='bbox 1440 2725 1615 2780; x_wconf 85' lang='grc' dir='ltr'>δώσει</span> <span class='ocrx_word' id='word_1_338' title='bbox 1642 2721 1721 2793; x_wconf 78' lang='grc' dir='ltr'>τῷ</span> 
     </span>
    </p>
   </div>
   <div class='ocr_carea' id='block_1_46' title="bbox 160 2811 1715 2885">
    <p class='ocr_par' dir='ltr' id='par_1_46' title="bbox 160 2811 1715 2885">
     <span class='ocr_line' id='line_1_46' title="bbox 160 2811 1715 2885; baseline 0.001 -20"><span class='ocrx_word' id='word_1_339' title='bbox 160 2811 281 2876; x_wconf 83' lang='grc' dir='ltr'><strong>Θεῷ</strong></span> <span class='ocrx_word' id='word_1_340' title='bbox 329 2812 628 2882; x_wconf 78' lang='grc' dir='ltr'>ἐξίλασμα</span> <span class='ocrx_word' id='word_1_341' title='bbox 671 2813 907 2877; x_wconf 79' lang='grc' dir='ltr'>ἑαυτοῦ,</span> <span class='ocrx_word' id='word_1_342' title='bbox 953 2815 1088 2869; x_wconf 79' lang='grc' dir='ltr'>ἀλλὰ</span> <span class='ocrx_word' id='word_1_343' title='bbox 1137 2815 1230 2869; x_wconf 80' lang='grc' dir='ltr'>τοῦ</span> <span class='ocrx_word' id='word_1_344' title='bbox 1262 2816 1463 2885; x_wconf 87' lang='grc' dir='ltr'>κόσμου</span> <span class='ocrx_word' id='word_1_345' title='bbox 1499 2816 1715 2879; x_wconf 84' lang='grc' dir='ltr'>παντός.</span> 
     </span>
    </p>
   </div>
   <div class='ocr_carea' id='block_1_47' title="bbox 156 2902 1712 2975">
    <p class='ocr_par' dir='ltr' id='par_1_47' title="bbox 156 2902 1712 2975">
     <span class='ocr_line' id='line_1_47' title="bbox 156 2902 1712 2975; baseline 0.003 -23"><span class='ocrx_word' id='word_1_346' title='bbox 156 2903 228 2953; x_wconf 68' lang='lat' dir='ltr'><strong>Ub</strong></span> <span class='ocrx_word' id='word_1_347' title='bbox 259 2902 371 2972; x_wconf 73' lang='grc' dir='ltr'>γὰρ</span> <span class='ocrx_word' id='word_1_348' title='bbox 411 2902 634 2972; x_wconf 75' lang='grc' dir='ltr'>ἱλασμοῦ</span> <span class='ocrx_word' id='word_1_349' title='bbox 668 2903 858 2970; x_wconf 86' lang='grc' dir='ltr'>δεῖται,</span> <span class='ocrx_word' id='word_1_350' title='bbox 887 2903 998 2957; x_wconf 81' lang='grc' dir='ltr'>ἀλλ’</span> <span class='ocrx_word' id='word_1_351' title='bbox 1025 2906 1182 2968; x_wconf 80' lang='grc' dir='ltr'>αὐτός</span> <span class='ocrx_word' id='word_1_352' title='bbox 1214 2907 1359 2958; x_wconf 79' lang='grc' dir='ltr'>ἐστιν</span> <span class='ocrx_word' id='word_1_353' title='bbox 1393 2906 1712 2975; x_wconf 80' lang='grc' dir='ltr'>ἱλαστήριον.</span> 
     </span>
    </p>
   </div>
   <div class='ocr_carea' id='block_1_48' title="bbox 164 2989 1720 3062">
    <p class='ocr_par' dir='ltr' id='par_1_48' title="bbox 164 2989 1720 3062">
     <span class='ocr_line' id='line_1_48' title="bbox 164 2989 1720 3062; baseline 0.005 -22"><span class='ocrx_word' id='word_1_354' title='bbox 164 2989 434 3054; x_wconf 83' lang='grc' dir='ltr'>Τοιοῦτος</span> <span class='ocrx_word' id='word_1_355' title='bbox 459 2989 566 3060; x_wconf 73' lang='grc' dir='ltr'><strong>γὰρ</strong></span> <span class='ocrx_word' id='word_1_356' title='bbox 597 2991 739 3060; x_wconf 78' lang='grc' dir='ltr'>ἡμῖν</span> <span class='ocrx_word' id='word_1_357' title='bbox 765 2993 1020 3061; x_wconf 75' lang='grc' dir='ltr'>ἔπρεπεν</span> <span class='ocrx_word' id='word_1_358' title='bbox 1041 2993 1347 3062; x_wconf 82' lang='grc' dir='ltr'>ἀρχιερεὺς</span> <span class='ocrx_word' id='word_1_359' title='bbox 1368 2995 1553 3059; x_wconf 85' lang='grc' dir='ltr'>ὅσιος,</span> <span class='ocrx_word' id='word_1_360' title='bbox 1578 2994 1720 3048; x_wconf 76' lang='grc' dir='ltr'><strong>ἄχα-</strong></span> 
     </span>
    </p>
   </div>
   <div class='ocr_carea' id='block_1_49' title="bbox 157 3083 1712 3154">
    <p class='ocr_par' dir='ltr' id='par_1_49' title="bbox 157 3083 1712 3154">
     <span class='ocr_line' id='line_1_49' title="bbox 157 3083 1712 3154; baseline 0.005 -22"><span class='ocrx_word' id='word_1_361' title='bbox 157 3097 281 3145; x_wconf 79' lang='grc' dir='ltr'>κος,</span> <span class='ocrx_word' id='word_1_362' title='bbox 318 3083 624 3151; x_wconf 81' lang='grc' dir='ltr'>ἀμίαντος,</span> <span class='ocrx_word' id='word_1_363' title='bbox 659 3087 1093 3154; x_wconf 74' lang='grc' dir='ltr'>κεχωρισμένος</span> <span class='ocrx_word' id='word_1_364' title='bbox 1134 3085 1252 3138; x_wconf 81' lang='grc' dir='ltr'><strong>ἀπὸ</strong></span> <span class='ocrx_word' id='word_1_365' title='bbox 1297 3084 1415 3136; x_wconf 88' lang='grc' dir='ltr'><strong>τῶν</strong></span> <span class='ocrx_word' id='word_1_366' title='bbox 1451 3085 1712 3154; x_wconf 83' lang='grc' dir='ltr'>ἀμαρτω-</span> 
     </span>
    </p>
   </div>
   <div class='ocr_carea' id='block_1_50' title="bbox 1823 1905 3383 1994">
    <p class='ocr_par' dir='ltr' id='par_1_50' title="bbox 1823 1905 3383 1994">
     <span class='ocr_line' id='line_1_50' title="bbox 1823 1905 3383 1994; baseline 0.013 -35"><span class='ocrx_word' id='word_1_367' title='bbox 1823 1905 1892 1959; x_wconf 92' lang='lat' dir='ltr'><strong>ob</strong></span> <span class='ocrx_word' id='word_1_368' title='bbox 1919 1917 2159 1976; x_wconf 90' lang='lat' dir='ltr'><strong>peccata,</strong></span> <span class='ocrx_word' id='word_1_369' title='bbox 2190 1925 2363 1980; x_wconf 88' lang='lat' dir='ltr'><strong>neque</strong></span> <span class='ocrx_word' id='word_1_370' title='bbox 2403 1913 2516 1983; x_wconf 91' lang='lat' dir='ltr'><strong>ipse</strong></span> <span class='ocrx_word' id='word_1_371' title='bbox 2549 1917 2708 1971; x_wconf 90' lang='lat' dir='ltr'><strong>homo</strong></span> <span class='ocrx_word' id='word_1_372' title='bbox 2737 1920 2934 1984; x_wconf 86' lang='lat' dir='ltr'><strong>nudus,</strong></span> <span class='ocrx_word' id='word_1_373' title='bbox 2962 1922 3054 1977; x_wconf 89' lang='lat' dir='ltr'><strong>sed</strong></span> <span class='ocrx_word' id='word_1_374' title='bbox 3086 1924 3244 1987; x_wconf 89' lang='lat' dir='ltr'><strong>Dens.</strong></span> <span class='ocrx_word' id='word_1_375' title='bbox 3264 1937 3383 1994; x_wconf 91' lang='lat' dir='ltr'><strong>post</strong></span> 
     </span>
    </p>
   </div>
   <div class='ocr_carea' id='block_1_51' title="bbox 1823 1997 3381 2079">
    <p class='ocr_par' dir='ltr' id='par_1_51' title="bbox 1823 1997 3381 2079">
     <span class='ocr_line' id='line_1_51' title="bbox 1823 1997 3381 2079; baseline 0.014 -28"><span class='ocrx_word' id='word_1_376' title='bbox 1823 1997 2121 2056; x_wconf 88' lang='lat' dir='ltr'><strong>libertatem</strong></span> <span class='ocrx_word' id='word_1_377' title='bbox 2164 2015 2327 2070; x_wconf 88' lang='lat' dir='ltr'><strong>quam</strong></span> <span class='ocrx_word' id='word_1_378' title='bbox 2385 2005 2540 2059; x_wconf 91' lang='lat' dir='ltr'><strong>nobis</strong></span> <span class='ocrx_word' id='word_1_379' title='bbox 2578 2007 2819 2079; x_wconf 79' lang='lat' dir='ltr'><strong>largitur,</strong></span> <span class='ocrx_word' id='word_1_380' title='bbox 2856 2012 3018 2067; x_wconf 90' lang='lat' dir='ltr'><strong>etiam</strong></span> <span class='ocrx_word' id='word_1_381' title='bbox 3052 2031 3155 2070; x_wconf 92' lang='lat' dir='ltr'><strong>nos</strong></span> <span class='ocrx_word' id='word_1_382' title='bbox 3188 2018 3381 2075; x_wconf 80' lang='lat' dir='ltr'><strong>fratres</strong></span> 
     </span>
    </p>
   </div>
   <div class='ocr_carea' id='block_1_52' title="bbox 1823 2093 3379 2172">
    <p class='ocr_par' dir='ltr' id='par_1_52' title="bbox 1823 2093 3379 2172">
     <span class='ocr_line' id='line_1_52' title="bbox 1823 2093 3379 2172; baseline 0.01 -27"><span class='ocrx_word' id='word_1_383' title='bbox 1823 2104 1948 2146; x_wconf 84' lang='lat' dir='ltr'><strong>suos</strong></span> <span class='ocrx_word' id='word_1_384' title='bbox 2001 2093 2251 2161; x_wconf 86' lang='lat' dir='ltr'><strong>appellat.</strong></span> <span class='ocrx_word' id='word_1_385' title='bbox 2303 2094 2550 2152; x_wconf 84' lang='lat' dir='ltr'><strong>Narrabo</strong></span> <span class='ocrx_word' id='word_1_386' title='bbox 2581 2102 2738 2167; x_wconf 88' lang='lat' dir='ltr'><strong>enim,</strong></span> <span class='ocrx_word' id='word_1_387' title='bbox 2780 2103 2973 2172; x_wconf 87' lang='lat' dir='ltr'><strong>inquit,</strong></span> <span class='ocrx_word' id='word_1_388' title='bbox 3025 2124 3204 2162; x_wconf 82' lang='lat' dir='ltr'><strong>nomen</strong></span> <span class='ocrx_word' id='word_1_389' title='bbox 3233 2120 3379 2164; x_wconf 86' lang='lat' dir='ltr'><strong>tuum</strong></span> 
     </span>
    </p>
   </div>
   <div class='ocr_carea' id='block_1_53' title="bbox 1821 2182 3377 2263">
    <p class='ocr_par' dir='ltr' id='par_1_53' title="bbox 1821 2182 3377 2263">
     <span class='ocr_line' id='line_1_53' title="bbox 1821 2182 3377 2263; baseline 0.014 -29"><span class='ocrx_word' id='word_1_390' title='bbox 1821 2182 2072 2249; x_wconf 80' lang='lat' dir='ltr'><strong>fratribus</strong></span> <span class='ocrx_word' id='word_1_391' title='bbox 2093 2187 2220 2239; x_wconf 86' lang='lat' dir='ltr'><strong>meis</strong></span> <span class='ocrx_word' id='word_1_392' title='bbox 2248 2186 2313 2240; x_wconf 82' lang='lat'><strong>&quot;.</strong></span> <span class='ocrx_word' id='word_1_393' title='bbox 2333 2189 2516 2257; x_wconf 88' lang='lat' dir='ltr'><strong>Itaque</strong></span> <span class='ocrx_word' id='word_1_394' title='bbox 2545 2192 2633 2259; x_wconf 88' lang='lat' dir='ltr'><strong>qni</strong></span> <span class='ocrx_word' id='word_1_395' title='bbox 2661 2193 2885 2248; x_wconf 86' lang='lat' dir='ltr'><strong>redemit</strong></span> <span class='ocrx_word' id='word_1_396' title='bbox 2913 2211 3030 2263; x_wconf 86' lang='lat' dir='ltr'><strong>nos,</strong></span> <span class='ocrx_word' id='word_1_397' title='bbox 3059 2200 3102 2251; x_wconf 91' lang='lat' dir='ltr'><strong>si</strong></span> <span class='ocrx_word' id='word_1_398' title='bbox 3131 2211 3377 2257; x_wconf 90' lang='lat' dir='ltr'><strong>naturam</strong></span> 
     </span>
    </p>
   </div>
   <div class='ocr_carea' id='block_1_54' title="bbox 1820 2273 3376 2359">
    <p class='ocr_par' dir='ltr' id='par_1_54' title="bbox 1820 2273 3376 2359">
     <span class='ocr_line' id='line_1_54' title="bbox 1820 2273 3376 2359; baseline 0.016 -36"><span class='ocrx_word' id='word_1_399' title='bbox 1820 2273 2031 2341; x_wconf 85' lang='lat' dir='ltr'><strong>quidem</strong></span> <span class='ocrx_word' id='word_1_400' title='bbox 2071 2273 2235 2340; x_wconf 87' lang='lat' dir='ltr'><strong>ipsius</strong></span> <span class='ocrx_word' id='word_1_401' title='bbox 2268 2279 2585 2347; x_wconf 90' lang='lat' dir='ltr'><strong>perpendas,</strong></span> <span class='ocrx_word' id='word_1_402' title='bbox 2607 2296 2777 2351; x_wconf 90' lang='lat' dir='ltr'><strong>neque</strong></span> <span class='ocrx_word' id='word_1_403' title='bbox 2803 2283 2988 2350; x_wconf 78' lang='lat' dir='ltr'><strong>frater,</strong></span> <span class='ocrx_word' id='word_1_404' title='bbox 3014 2304 3189 2359; x_wconf 87' lang='lat' dir='ltr'><strong>neque</strong></span> <span class='ocrx_word' id='word_1_405' title='bbox 3215 2293 3376 2348; x_wconf 85' lang='lat' dir='ltr'><strong>homo</strong></span> 
     </span>
    </p>
   </div>
   <div class='ocr_carea' id='block_1_55' title="bbox 1819 2364 3379 2451">
    <p class='ocr_par' dir='ltr' id='par_1_55' title="bbox 1819 2364 3379 2451">
     <span class='ocr_line' id='line_1_55' title="bbox 1819 2364 3379 2451; baseline 0.015 -35"><span class='ocrx_word' id='word_1_406' title='bbox 1819 2371 1898 2416; x_wconf 90' lang='lat' dir='ltr'><strong>est</strong></span> <span class='ocrx_word' id='word_1_407' title='bbox 1931 2383 1941 2418; x_wconf 88' lang='lat'>:</span> <span class='ocrx_word' id='word_1_408' title='bbox 1974 2364 2017 2418; x_wconf 87' lang='lat' dir='ltr'><strong>si</strong></span> <span class='ocrx_word' id='word_1_409' title='bbox 2048 2379 2173 2420; x_wconf 88' lang='lat' dir='ltr'><strong>vero</strong></span> <span class='ocrx_word' id='word_1_410' title='bbox 2217 2366 2389 2436; x_wconf 90' lang='lat' dir='ltr'><strong>ipsius</strong></span> <span class='ocrx_word' id='word_1_411' title='bbox 2437 2369 2504 2425; x_wconf 92' lang='lat' dir='ltr'><strong>ad</strong></span> <span class='ocrx_word' id='word_1_412' title='bbox 2543 2386 2641 2427; x_wconf 88' lang='lat' dir='ltr'><strong>nos</strong></span> <span class='ocrx_word' id='word_1_413' title='bbox 2683 2374 3061 2432; x_wconf 91' lang='lat' dir='ltr'><strong>demissionem</strong></span> <span class='ocrx_word' id='word_1_414' title='bbox 3097 2395 3162 2434; x_wconf 82' lang='lat' dir='ltr'><strong>ex</strong></span> <span class='ocrx_word' id='word_1_415' title='bbox 3204 2385 3379 2451; x_wconf 81' lang='lat' dir='ltr'><strong>gratia</strong></span> 
     </span>
    </p>
   </div>
   <div class='ocr_carea' id='block_1_56' title="bbox 1820 2452 3379 2528">
    <p class='ocr_par' dir='ltr' id='par_1_56' title="bbox 1820 2452 3379 2528">
     <span class='ocr_line' id='line_1_56' title="bbox 1820 2452 3379 2528; baseline 0.009 -21"><span class='ocrx_word' id='word_1_416' title='bbox 1820 2452 2034 2524; x_wconf 81' lang='lat' dir='ltr'><strong>factam,</strong></span> <span class='ocrx_word' id='word_1_417' title='bbox 2064 2467 2118 2511; x_wconf 91' lang='lat' dir='ltr'><strong>et</strong></span> <span class='ocrx_word' id='word_1_418' title='bbox 2156 2473 2254 2512; x_wconf 90' lang='lat' dir='ltr'><strong>nos</strong></span> <span class='ocrx_word' id='word_1_419' title='bbox 2283 2458 2479 2517; x_wconf 84' lang='lat' dir='ltr'><strong>fratres</strong></span> <span class='ocrx_word' id='word_1_420' title='bbox 2505 2465 2766 2528; x_wconf 89' lang='lat' dir='ltr'><strong>nominat,</strong></span> <span class='ocrx_word' id='word_1_421' title='bbox 2806 2477 2862 2520; x_wconf 87' lang='lat' dir='ltr'><strong>et</strong></span> <span class='ocrx_word' id='word_1_422' title='bbox 2895 2469 2959 2522; x_wconf 91' lang='lat' dir='ltr'><strong>ad</strong></span> <span class='ocrx_word' id='word_1_423' title='bbox 2992 2470 3379 2526; x_wconf 79' lang='lat' dir='ltr'><strong>humanitatem</strong></span> 
     </span>
    </p>
   </div>
   <div class='ocr_carea' id='block_1_57' title="bbox 1820 2545 3375 2631">
    <p class='ocr_par' dir='ltr' id='par_1_57' title="bbox 1820 2545 3375 2631">
     <span class='ocr_line' id='line_1_57' title="bbox 1820 2545 3375 2631; baseline 0.017 -34"><span class='ocrx_word' id='word_1_424' title='bbox 1820 2545 2094 2601; x_wconf 88' lang='lat' dir='ltr'><strong>descendit</strong></span> <span class='ocrx_word' id='word_1_425' title='bbox 2121 2550 2245 2616; x_wconf 88' lang='lat' dir='ltr'><strong>:qui</strong></span> <span class='ocrx_word' id='word_1_426' title='bbox 2275 2547 2397 2606; x_wconf 90' lang='lat' dir='ltr'><strong>Non</strong></span> <span class='ocrx_word' id='word_1_427' title='bbox 2425 2553 2568 2606; x_wconf 81' lang='lat' dir='ltr'><strong>dabit</strong></span> <span class='ocrx_word' id='word_1_428' title='bbox 2602 2554 2706 2609; x_wconf 90' lang='lat' dir='ltr'><strong>Deo</strong></span> <span class='ocrx_word' id='word_1_429' title='bbox 2727 2559 3070 2626; x_wconf 84' lang='lat' dir='ltr'><strong>placationem</strong></span> <span class='ocrx_word' id='word_1_430' title='bbox 3096 2569 3375 2631; x_wconf 88' lang='lat' dir='ltr'><strong>suam,sed</strong></span> 
     </span>
    </p>
   </div>
   <div class='ocr_carea' id='block_1_58' title="bbox 1821 2637 3376 2722">
    <p class='ocr_par' dir='ltr' id='par_1_58' title="bbox 1821 2637 3376 2722">
     <span class='ocr_line' id='line_1_58' title="bbox 1821 2637 3376 2722; baseline 0.014 -34"><span class='ocrx_word' id='word_1_431' title='bbox 1821 2637 1982 2690; x_wconf 90' lang='lat' dir='ltr'><strong>totius</strong></span> <span class='ocrx_word' id='word_1_432' title='bbox 2021 2638 2225 2694; x_wconf 90' lang='lat' dir='ltr'><strong>mundi.</strong></span> <span class='ocrx_word' id='word_1_433' title='bbox 2255 2637 2367 2694; x_wconf 81' lang='lat' dir='ltr'><strong>Non</strong></span> <span class='ocrx_word' id='word_1_434' title='bbox 2396 2643 2537 2696; x_wconf 90' lang='lat' dir='ltr'><strong>enim</strong></span> <span class='ocrx_word' id='word_1_435' title='bbox 2566 2643 2764 2714; x_wconf 76' lang='lat' dir='ltr'><strong>indiget</strong></span> <span class='ocrx_word' id='word_1_436' title='bbox 2797 2645 3117 2716; x_wconf 90' lang='lat' dir='ltr'><strong>placatione,</strong></span> <span class='ocrx_word' id='word_1_437' title='bbox 3141 2653 3232 2707; x_wconf 88' lang='lat' dir='ltr'><strong>sed</strong></span> <span class='ocrx_word' id='word_1_438' title='bbox 3262 2654 3376 2722; x_wconf 87' lang='lat' dir='ltr'><strong>ipse</strong></span> 
     </span>
    </p>
   </div>
   <div class='ocr_carea' id='block_1_59' title="bbox 1820 2727 3377 2798">
    <p class='ocr_par' dir='ltr' id='par_1_59' title="bbox 1820 2727 3377 2798">
     <span class='ocr_line' id='line_1_59' title="bbox 1820 2727 3377 2798; baseline 0.013 -21"><span class='ocrx_word' id='word_1_439' title='bbox 1820 2727 2126 2794; x_wconf 86' lang='lat' dir='ltr'><strong>propitiatio</strong></span> <span class='ocrx_word' id='word_1_440' title='bbox 2173 2737 2274 2782; x_wconf 86' lang='lat' dir='ltr'><strong>est.</strong></span> <span class='ocrx_word' id='word_1_441' title='bbox 2321 2728 2463 2784; x_wconf 86' lang='lat' dir='ltr'><strong>Talis</strong></span> <span class='ocrx_word' id='word_1_442' title='bbox 2515 2736 2651 2787; x_wconf 85' lang='lat' dir='ltr'><strong>enim</strong></span> <span class='ocrx_word' id='word_1_443' title='bbox 2699 2737 2909 2790; x_wconf 82' lang='lat' dir='ltr'><strong>decebat</strong></span> <span class='ocrx_word' id='word_1_444' title='bbox 2963 2749 3018 2791; x_wconf 88' lang='lat' dir='ltr'><strong>ut</strong></span> <span class='ocrx_word' id='word_1_445' title='bbox 3069 2752 3198 2796; x_wconf 86' lang='lat' dir='ltr'><strong>esset</strong></span> <span class='ocrx_word' id='word_1_446' title='bbox 3233 2743 3377 2798; x_wconf 84' lang='lat' dir='ltr'><strong>nobis</strong></span> 
     </span>
    </p>
   </div>
   <div class='ocr_carea' id='block_1_60' title="bbox 1818 2816 3377 2901">
    <p class='ocr_par' dir='ltr' id='par_1_60' title="bbox 1818 2816 3377 2901">
     <span class='ocr_line' id='line_1_60' title="bbox 1818 2816 3377 2901; baseline 0.012 -33"><span class='ocrx_word' id='word_1_447' title='bbox 1818 2816 2047 2884; x_wconf 76' lang='lat' dir='ltr'><strong>pontifex</strong></span> <span class='ocrx_word' id='word_1_448' title='bbox 2080 2832 2096 2870; x_wconf 90' lang='lat'><strong><em>:</em></strong></span> <span class='ocrx_word' id='word_1_449' title='bbox 2125 2829 2360 2887; x_wconf 86' lang='lat' dir='ltr'><strong>sanctus,</strong></span> <span class='ocrx_word' id='word_1_450' title='bbox 2393 2821 2636 2877; x_wconf 73' lang='lat' dir='ltr'><strong>innocens</strong></span> <span class='ocrx_word' id='word_1_451' title='bbox 2663 2863 2678 2888; x_wconf 94' lang='lat'><strong>,</strong></span> <span class='ocrx_word' id='word_1_452' title='bbox 2710 2826 3013 2892; x_wconf 75' lang='lat' dir='ltr'><strong>impollutus</strong></span> <span class='ocrx_word' id='word_1_453' title='bbox 3035 2867 3051 2892; x_wconf 95' lang='lat'><strong>,</strong></span> <span class='ocrx_word' id='word_1_454' title='bbox 3081 2845 3377 2901; x_wconf 75' lang='lat' dir='ltr'><strong>segregatus</strong></span> 
     </span>
    </p>
   </div>
   <div class='ocr_carea' id='block_1_61' title="bbox 1817 2911 3377 2992">
    <p class='ocr_par' dir='ltr' id='par_1_61' title="bbox 1817 2911 3377 2992">
     <span class='ocr_line' id='line_1_61' title="bbox 1817 2911 3377 2992; baseline 0.012 -31"><span class='ocrx_word' id='word_1_455' title='bbox 1817 2926 1848 2961; x_wconf 93' lang='lat' dir='ltr'><strong>a</strong></span> <span class='ocrx_word' id='word_1_456' title='bbox 1893 2911 2266 2976; x_wconf 78' lang='lat' dir='ltr'><strong>peccatoribus,</strong></span> <span class='ocrx_word' id='word_1_457' title='bbox 2303 2923 2349 2966; x_wconf 84' lang='lat' dir='ltr'><strong>et</strong></span> <span class='ocrx_word' id='word_1_458' title='bbox 2383 2915 2636 2968; x_wconf 73' lang='lat' dir='ltr'><strong>excelsior</strong></span> <span class='ocrx_word' id='word_1_459' title='bbox 2693 2917 2835 2971; x_wconf 70' lang='lat' dir='ltr'><strong>caelis</strong></span> <span class='ocrx_word' id='word_1_460' title='bbox 2882 2918 3084 2988; x_wconf 83' lang='lat' dir='ltr'><strong>factus;</strong></span> <span class='ocrx_word' id='word_1_461' title='bbox 3133 2925 3222 2992; x_wconf 87' lang='lat' dir='ltr'><strong>qui</strong></span> <span class='ocrx_word' id='word_1_462' title='bbox 3275 2941 3377 2980; x_wconf 87' lang='lat' dir='ltr'><strong>non</strong></span> 
     </span>
    </p>
   </div>
   <div class='ocr_carea' id='block_1_62' title="bbox 1818 2999 3378 3076">
    <p class='ocr_par' dir='ltr' id='par_1_62' title="bbox 1818 2999 3378 3076">
     <span class='ocr_line' id='line_1_62' title="bbox 1818 2999 3378 3076; baseline 0.011 -27"><span class='ocrx_word' id='word_1_463' title='bbox 1818 2999 1966 3052; x_wconf 79' lang='lat' dir='ltr'><strong>liabet</strong></span> <span class='ocrx_word' id='word_1_464' title='bbox 2007 3002 2362 3055; x_wconf 84' lang='lat' dir='ltr'><strong>necessitatem</strong></span> <span class='ocrx_word' id='word_1_465' title='bbox 2386 3003 2650 3072; x_wconf 82' lang='lat' dir='ltr'><strong>quotidie,</strong></span> <span class='ocrx_word' id='word_1_466' title='bbox 2681 3007 3112 3076; x_wconf 86' lang='lat' dir='ltr'><strong>quemadmodum</strong></span> <span class='ocrx_word' id='word_1_467' title='bbox 3137 3012 3378 3066; x_wconf 86' lang='lat' dir='ltr'><strong>sacerdo-</strong></span> 
     </span>
    </p>
   </div>
   <div class='ocr_carea' id='block_1_63' title="bbox 1819 3092 3376 3172">
    <p class='ocr_par' dir='ltr' id='par_1_63' title="bbox 1819 3092 3376 3172">
     <span class='ocr_line' id='line_1_63' title="bbox 1819 3092 3376 3172; baseline 0.012 -31"><span class='ocrx_word' id='word_1_468' title='bbox 1819 3092 2072 3159; x_wconf 83' lang='lat' dir='ltr'><strong>tes,prius</strong></span> <span class='ocrx_word' id='word_1_469' title='bbox 2104 3109 2196 3156; x_wconf 89' lang='lat' dir='ltr'><strong>pro</strong></span> <span class='ocrx_word' id='word_1_470' title='bbox 2226 3095 2336 3146; x_wconf 90' lang='lat' dir='ltr'><strong>suis</strong></span> <span class='ocrx_word' id='word_1_471' title='bbox 2375 3095 2575 3148; x_wconf 79' lang='lat' dir='ltr'><strong>delictis</strong></span> <span class='ocrx_word' id='word_1_472' title='bbox 2605 3098 2799 3151; x_wconf 81' lang='lat' dir='ltr'><strong>hostias</strong></span> <span class='ocrx_word' id='word_1_473' title='bbox 2833 3099 3041 3166; x_wconf 74' lang='lat' dir='ltr'><strong>oﬂ&#39;erre,</strong></span> <span class='ocrx_word' id='word_1_474' title='bbox 3073 3101 3260 3156; x_wconf 84' lang='lat' dir='ltr'><strong>deinde</strong></span> <span class='ocrx_word' id='word_1_475' title='bbox 3280 3122 3376 3172; x_wconf 83' lang='lat' dir='ltr'><strong>pro</strong></span> 
     </span>
    </p>
   </div>
   <div class='ocr_carea' id='block_1_64' title="bbox 156 3169 1718 3261">
    <p class='ocr_par' dir='ltr' id='par_1_64' title="bbox 156 3169 1713 3244">
     <span class='ocr_line' id='line_1_64' title="bbox 156 3169 1713 3244; baseline 0.005 -22"><span class='ocrx_word' id='word_1_476' title='bbox 156 3169 298 3239; x_wconf 81' lang='grc' dir='ltr'>λῶν,</span> <span class='ocrx_word' id='word_1_477' title='bbox 330 3174 428 3226; x_wconf 79' lang='grc' dir='ltr'>καὶ</span> <span class='ocrx_word' id='word_1_478' title='bbox 460 3176 830 3240; x_wconf 71' lang='grc' dir='ltr'>ὑψηλότερος</span> <span class='ocrx_word' id='word_1_479' title='bbox 852 3175 967 3228; x_wconf 84' lang='grc' dir='ltr'><strong>τῶν</strong></span> <span class='ocrx_word' id='word_1_480' title='bbox 991 3173 1258 3243; x_wconf 79' lang='grc' dir='ltr'>οὐρανῶν</span> <span class='ocrx_word' id='word_1_481' title='bbox 1287 3178 1618 3244; x_wconf 74' lang='grc' dir='ltr'>γενόμενος·</span> <span class='ocrx_word' id='word_1_482' title='bbox 1646 3178 1713 3242; x_wconf 83' lang='grc' dir='ltr'>ὃς</span> 
     </span>
    </p>
   </div>
   <div class='ocr_carea' id='block_1_65' title="bbox 1818 3169 3375 3261">
    <p class='ocr_par' dir='ltr' id='par_1_65' title="bbox 1818 3169 3375 3261">
     <span class='ocr_line' id='line_1_65' title="bbox 1818 3169 3375 3261; baseline 0.012 -31"><span class='ocrx_word' id='word_1_483' title='bbox 1818 3180 1986 3246; x_wconf 86' lang='lat' dir='ltr'><strong>populi</strong></span> <span class='ocrx_word' id='word_1_484' title='bbox 2023 3182 2330 3251; x_wconf 85' lang='lat' dir='ltr'><strong>ignorantiis</strong></span> <span class='ocrx_word' id='word_1_485' title='bbox 2351 3185 2416 3237; x_wconf 82' lang='grc'><strong>⁵³.</strong></span> <span class='ocrx_word' id='word_1_486' title='bbox 2449 3186 2636 3240; x_wconf 85' lang='lat' dir='ltr'><strong>Postea</strong></span> <span class='ocrx_word' id='word_1_487' title='bbox 2690 3188 2814 3242; x_wconf 73' lang='lat' dir='ltr'><strong>dicit</strong></span> <span class='ocrx_word' id='word_1_488' title='bbox 2845 3190 3014 3259; x_wconf 68' lang='grc' dir='ltr'>(νεεδ.</span> <span class='ocrx_word' id='word_1_489' title='bbox 3057 3193 3109 3261; x_wconf 82' lang='grc'><strong>9)</strong></span> <span class='ocrx_word' id='word_1_490' title='bbox 3138 3209 3152 3246; x_wconf 91' lang='lat'><strong>:</strong></span> <span class='ocrx_word' id='word_1_491' title='bbox 3185 3191 3253 3246; x_wconf 84' lang='lat' dir='ltr'><strong>Et</strong></span> <span class='ocrx_word' id='word_1_492' title='bbox 3280 3169 3375 3249; x_wconf 23' lang='lat' dir='ltr'><strong>ila-</strong></span> 
     </span>
    </p>
   </div>
   <div class='ocr_carea' id='block_1_66' title="bbox 153 3263 1710 3337">
    <p class='ocr_par' dir='ltr' id='par_1_66' title="bbox 153 3263 1710 3337">
     <span class='ocr_line' id='line_1_66' title="bbox 153 3263 1710 3337; baseline 0.005 -24"><span class='ocrx_word' id='word_1_493' title='bbox 153 3263 263 3315; x_wconf 81' lang='grc' dir='ltr'>οὐκ</span> <span class='ocrx_word' id='word_1_494' title='bbox 311 3265 436 3331; x_wconf 77' lang='grc' dir='ltr'>ἔχει</span> <span class='ocrx_word' id='word_1_495' title='bbox 466 3265 590 3316; x_wconf 78' lang='grc' dir='ltr'>καθ’</span> <span class='ocrx_word' id='word_1_496' title='bbox 613 3263 838 3331; x_wconf 80' lang='grc' dir='ltr'>ἡμέραν</span> <span class='ocrx_word' id='word_1_497' title='bbox 880 3266 1168 3335; x_wconf 78' lang='grc' dir='ltr'>ἀνάγκην,</span> <span class='ocrx_word' id='word_1_498' title='bbox 1202 3266 1402 3335; x_wconf 83' lang='grc' dir='ltr'>ὥσπερ</span> <span class='ocrx_word' id='word_1_499' title='bbox 1435 3270 1488 3321; x_wconf 87' lang='lat' dir='ltr'><strong>ol</strong></span> <span class='ocrx_word' id='word_1_500' title='bbox 1517 3269 1710 3337; x_wconf 81' lang='grc' dir='ltr'>ἀρχιε-</span> 
     </span>
    </p>
   </div>
   <div class='ocr_carea' id='block_1_67' title="bbox 153 3352 1713 3431">
    <p class='ocr_par' dir='ltr' id='par_1_67' title="bbox 153 3352 1713 3431">
     <span class='ocr_line' id='line_1_67' title="bbox 153 3352 1713 3431; baseline 0.008 -29"><span class='ocrx_word' id='word_1_501' title='bbox 153 3352 296 3417; x_wconf 82' lang='grc' dir='ltr'>ρεῖς,</span> <span class='ocrx_word' id='word_1_502' title='bbox 327 3355 614 3422; x_wconf 82' lang='grc' dir='ltr'>πρότερον</span> <span class='ocrx_word' id='word_1_503' title='bbox 643 3356 792 3424; x_wconf 82' lang='grc' dir='ltr'>ὑπὲρ</span> <span class='ocrx_word' id='word_1_504' title='bbox 819 3355 938 3412; x_wconf 87' lang='grc' dir='ltr'><strong>τῶν</strong></span> <span class='ocrx_word' id='word_1_505' title='bbox 966 3358 1127 3412; x_wconf 84' lang='grc' dir='ltr'>ἰδίων</span> <span class='ocrx_word' id='word_1_506' title='bbox 1146 3358 1441 3428; x_wconf 81' lang='grc' dir='ltr'>ἁμαρτιῶν</span> <span class='ocrx_word' id='word_1_507' title='bbox 1458 3361 1713 3431; x_wconf 70' lang='grc' dir='ltr'>προσερέ-</span> 
     </span>
    </p>
   </div>
   <div class='ocr_carea' id='block_1_68' title="bbox 151 3446 1708 3521">
    <p class='ocr_par' dir='ltr' id='par_1_68' title="bbox 151 3446 1708 3521">
     <span class='ocr_line' id='line_1_68' title="bbox 151 3446 1708 3521; baseline 0.009 -26"><span class='ocrx_word' id='word_1_508' title='bbox 151 3461 276 3510; x_wconf 83' lang='grc' dir='ltr'>ρειν</span> <span class='ocrx_word' id='word_1_509' title='bbox 322 3447 556 3513; x_wconf 83' lang='grc' dir='ltr'>θυσίας.</span> <span class='ocrx_word' id='word_1_510' title='bbox 591 3446 794 3502; x_wconf 76' lang='grc' dir='ltr'>ἔπειτα</span> <span class='ocrx_word' id='word_1_511' title='bbox 840 3449 956 3504; x_wconf 90' lang='grc' dir='ltr'><strong>τῶν</strong></span> <span class='ocrx_word' id='word_1_512' title='bbox 992 3450 1095 3506; x_wconf 90' lang='grc' dir='ltr'>τοῦ</span> <span class='ocrx_word' id='word_1_513' title='bbox 1125 3451 1277 3507; x_wconf 77' lang='grc' dir='ltr'>λαοῦ</span> <span class='ocrx_word' id='word_1_514' title='bbox 1307 3452 1708 3521; x_wconf 78' lang='grc' dir='ltr'>ἀγνοημάτων.</span> 
     </span>
    </p>
   </div>
   <div class='ocr_carea' id='block_1_69' title="bbox 157 3536 1712 3611">
    <p class='ocr_par' dir='ltr' id='par_1_69' title="bbox 157 3536 1712 3611">
     <span class='ocr_line' id='line_1_69' title="bbox 157 3536 1712 3611; baseline 0.008 -24"><span class='ocrx_word' id='word_1_515' title='bbox 157 3536 285 3591; x_wconf 84' lang='grc' dir='ltr'>Εἶτά</span> <span class='ocrx_word' id='word_1_516' title='bbox 310 3555 462 3609; x_wconf 80' lang='grc' dir='ltr'>φησι·</span> <span class='ocrx_word' id='word_1_517' title='bbox 488 3541 594 3594; x_wconf 81' lang='grc' dir='ltr'><strong>Καὶ</strong></span> <span class='ocrx_word' id='word_1_518' title='bbox 620 3543 942 3597; x_wconf 78' lang='grc' dir='ltr'>ἐκοπίασεν</span> <span class='ocrx_word' id='word_1_519' title='bbox 959 3546 1044 3609; x_wconf 82' lang='grc' dir='ltr'><strong>είς</strong></span> <span class='ocrx_word' id='word_1_520' title='bbox 1075 3545 1181 3597; x_wconf 80' lang='grc' dir='ltr'>τὸν</span> <span class='ocrx_word' id='word_1_521' title='bbox 1209 3543 1412 3609; x_wconf 85' lang='grc' dir='ltr'>αἰῶνα,</span> <span class='ocrx_word' id='word_1_522' title='bbox 1434 3545 1530 3598; x_wconf 81' lang='grc' dir='ltr'>καὶ</span> <span class='ocrx_word' id='word_1_523' title='bbox 1554 3543 1712 3611; x_wconf 74' lang='grc' dir='ltr'>ζήσε-</span> 
     </span>
    </p>
   </div>
   <div class='ocr_carea' id='block_1_70' title="bbox 157 3629 1763 3707">
    <p class='ocr_par' dir='ltr' id='par_1_70' title="bbox 157 3629 1763 3707">
     <span class='ocr_line' id='line_1_70' title="bbox 157 3629 1763 3707; baseline 0.007 -29"><span class='ocrx_word' id='word_1_524' title='bbox 157 3644 245 3680; x_wconf 84' lang='grc' dir='ltr'><strong>ται</strong></span> <span class='ocrx_word' id='word_1_525' title='bbox 268 3632 352 3696; x_wconf 80' lang='grc' dir='ltr'><strong>εἰς</strong></span> <span class='ocrx_word' id='word_1_526' title='bbox 390 3629 582 3697; x_wconf 72' lang='grc' dir='ltr'>τέλος.</span> <span class='ocrx_word' id='word_1_527' title='bbox 624 3633 687 3685; x_wconf 87' lang='grc' dir='ltr'><em>Ἠ</em></span> <span class='ocrx_word' id='word_1_528' title='bbox 726 3634 1054 3704; x_wconf 78' lang='grc' dir='ltr'>αὐτοζωὴ,ἠ</span> <span class='ocrx_word' id='word_1_529' title='bbox 1117 3635 1362 3704; x_wconf 82' lang='grc' dir='ltr'>δύναμις,</span> <span class='ocrx_word' id='word_1_530' title='bbox 1421 3639 1453 3705; x_wconf 84' lang='grc' dir='ltr'><strong>ή</strong></span> <span class='ocrx_word' id='word_1_531' title='bbox 1486 3637 1763 3707; x_wconf 83' lang='grc' dir='ltr'>ἀκάματος</span> 
     </span>
    </p>
   </div>
   <div class='ocr_carea' id='block_1_71' title="bbox 157 3719 1800 3795">
    <p class='ocr_par' dir='ltr' id='par_1_71' title="bbox 157 3719 1800 3795">
     <span class='ocr_line' id='line_1_71' title="bbox 157 3719 1800 3795; baseline 0.007 -27"><span class='ocrx_word' id='word_1_532' title='bbox 157 3719 379 3786; x_wconf 81' lang='grc' dir='ltr'>πιακὼς</span> <span class='ocrx_word' id='word_1_533' title='bbox 401 3722 469 3774; x_wconf 84' lang='grc' dir='ltr'>ἐκ</span> <span class='ocrx_word' id='word_1_534' title='bbox 495 3720 600 3788; x_wconf 85' lang='grc' dir='ltr'>τῆς</span> <span class='ocrx_word' id='word_1_535' title='bbox 629 3721 964 3790; x_wconf 75' lang='grc' dir='ltr'>ὁδοιπορίας</span> <span class='ocrx_word' id='word_1_536' title='bbox 998 3723 1295 3784; x_wconf 82' lang='grc' dir='ltr'>ἐκαθέζετο</span> <span class='ocrx_word' id='word_1_537' title='bbox 1321 3725 1420 3778; x_wconf 80' lang='grc' dir='ltr'><strong>ἐπὶ</strong></span> <span class='ocrx_word' id='word_1_538' title='bbox 1451 3725 1560 3793; x_wconf 84' lang='grc' dir='ltr'>τῆς</span> <span class='ocrx_word' id='word_1_539' title='bbox 1584 3726 1800 3795; x_wconf 77' lang='grc' dir='ltr'><strong>πηγῆς.</strong></span> 
     </span>
    </p>
   </div>
   <div class='ocr_carea' id='block_1_72' title="bbox 224 3811 1708 3890">
    <p class='ocr_par' dir='ltr' id='par_1_72' title="bbox 224 3811 1708 3890">
     <span class='ocr_line' id='line_1_72' title="bbox 224 3811 1708 3890; baseline 0.007 -27"><span class='ocrx_word' id='word_1_540' title='bbox 224 3811 274 3864; x_wconf 78' lang='grc' dir='ltr'><strong>ὃ.</strong></span> <span class='ocrx_word' id='word_1_541' title='bbox 315 3815 411 3878; x_wconf 88' lang='grc' dir='ltr'><strong>’Ὁς</strong></span> <span class='ocrx_word' id='word_1_542' title='bbox 431 3816 538 3868; x_wconf 83' lang='grc' dir='ltr'>οὐκ</span> <span class='ocrx_word' id='word_1_543' title='bbox 559 3816 763 3884; x_wconf 69' lang='grc' dir='ltr'>ὄψεται</span> <span class='ocrx_word' id='word_1_544' title='bbox 779 3818 1169 3886; x_wconf 70' lang='grc' dir='ltr'>καταφθορὰν,</span> <span class='ocrx_word' id='word_1_545' title='bbox 1199 3819 1343 3873; x_wconf 85' lang='grc' dir='ltr'>ὅταν</span> <span class='ocrx_word' id='word_1_546' title='bbox 1368 3819 1463 3889; x_wconf 76' lang='grc' dir='ltr'><strong>ῖδῃ</strong></span> <span class='ocrx_word' id='word_1_547' title='bbox 1481 3820 1708 3890; x_wconf 70' lang='grc' dir='ltr'>σοφοὺς</span> 
     </span>
    </p>
   </div>
   <div class='ocr_carea' id='block_1_73' title="bbox 158 3903 1708 3982">
    <p class='ocr_par' dir='ltr' id='par_1_73' title="bbox 158 3903 1708 3982">
     <span class='ocr_line' id='line_1_73' title="bbox 158 3903 1708 3982; baseline 0.006 -26"><span class='ocrx_word' id='word_1_548' title='bbox 158 3903 652 3973; x_wconf 77' lang='grc' dir='ltr'>ἀποθνήσκοντας</span> <span class='ocrx_word' id='word_1_549' title='bbox 686 3908 765 3976; x_wconf 86' lang='grc' dir='ltr'><strong>(οὐ</strong></span> <span class='ocrx_word' id='word_1_550' title='bbox 810 3909 968 3963; x_wconf 87' lang='grc' dir='ltr'>δώσει</span> <span class='ocrx_word' id='word_1_551' title='bbox 1006 3909 1113 3982; x_wconf 86' lang='grc' dir='ltr'>γὰρ</span> <span class='ocrx_word' id='word_1_552' title='bbox 1159 3911 1249 3964; x_wconf 82' lang='grc' dir='ltr'>τὸν</span> <span class='ocrx_word' id='word_1_553' title='bbox 1292 3913 1436 3965; x_wconf 85' lang='grc' dir='ltr'>ὅσιον</span> <span class='ocrx_word' id='word_1_554' title='bbox 1482 3912 1643 3967; x_wconf 80' lang='grc' dir='ltr'>αὑτοῦ</span> <span class='ocrx_word' id='word_1_555' title='bbox 1679 3915 1708 3966; x_wconf 87' lang='grc' dir='ltr'>ὁ</span> 
     </span>
    </p>
   </div>
   <div class='ocr_carea' id='block_1_74' title="bbox 161 3991 1706 4073">
    <p class='ocr_par' dir='ltr' id='par_1_74' title="bbox 161 3991 1706 4073">
     <span class='ocr_line' id='line_1_74' title="bbox 161 3991 1706 4073; baseline 0.008 -32"><span class='ocrx_word' id='word_1_556' title='bbox 161 3991 340 4063; x_wconf 79' lang='grc' dir='ltr'>Πατὴρ</span> <span class='ocrx_word' id='word_1_557' title='bbox 377 3993 507 4044; x_wconf 83' lang='grc' dir='ltr'>ἰδεῖν</span> <span class='ocrx_word' id='word_1_558' title='bbox 546 3993 882 4067; x_wconf 78' lang='grc' dir='ltr'>διαφθοράν),</span> <span class='ocrx_word' id='word_1_559' title='bbox 913 4000 1039 4052; x_wconf 83' lang='grc' dir='ltr'>ὅταν</span> <span class='ocrx_word' id='word_1_560' title='bbox 1068 4002 1117 4051; x_wconf 82' lang='grc' dir='ltr'>οἱ</span> <span class='ocrx_word' id='word_1_561' title='bbox 1139 4000 1237 4070; x_wconf 85' lang='grc' dir='ltr'>τὴν</span> <span class='ocrx_word' id='word_1_562' title='bbox 1261 4003 1706 4073; x_wconf 81' lang='grc' dir='ltr'>καταργουμένην</span> 
     </span>
    </p>
   </div>
   <div class='ocr_carea' id='block_1_75' title="bbox 162 4081 1708 4162">
    <p class='ocr_par' dir='ltr' id='par_1_75' title="bbox 162 4081 1708 4162">
     <span class='ocr_line' id='line_1_75' title="bbox 162 4081 1708 4162; baseline 0.01 -32"><span class='ocrx_word' id='word_1_563' title='bbox 162 4081 340 4149; x_wconf 84' lang='grc' dir='ltr'>σοφίαν</span> <span class='ocrx_word' id='word_1_564' title='bbox 389 4083 676 4153; x_wconf 75' lang='grc' dir='ltr'>αὐχοῦντες</span> <span class='ocrx_word' id='word_1_565' title='bbox 713 4087 1141 4156; x_wconf 81' lang='grc' dir='ltr'>ἀποθνήσκωσιν.</span> <span class='ocrx_word' id='word_1_566' title='bbox 1193 4091 1256 4142; x_wconf 92' lang='grc' dir='ltr'><strong>Εί</strong></span> <span class='ocrx_word' id='word_1_567' title='bbox 1297 4091 1352 4144; x_wconf 85' lang='grc' dir='ltr'>δὲ</span> <span class='ocrx_word' id='word_1_568' title='bbox 1394 4093 1568 4162; x_wconf 82' lang='grc' dir='ltr'>βούλει</span> <span class='ocrx_word' id='word_1_569' title='bbox 1617 4093 1708 4145; x_wconf 77' lang='grc' dir='ltr'>καὶ</span> 
     </span>
    </p>
   </div>
   <div class='ocr_carea' id='block_1_76' title="bbox 159 4170 1703 4251">
    <p class='ocr_par' dir='ltr' id='par_1_76' title="bbox 159 4170 1703 4251">
     <span class='ocr_line' id='line_1_76' title="bbox 159 4170 1703 4251; baseline 0.01 -32"><span class='ocrx_word' id='word_1_570' title='bbox 159 4170 243 4221; x_wconf 72' lang='grc' dir='ltr'><strong>ἐπὶ</strong></span> <span class='ocrx_word' id='word_1_571' title='bbox 271 4173 571 4243; x_wconf 81' lang='grc' dir='ltr'>ἀνθρώπων</span> <span class='ocrx_word' id='word_1_572' title='bbox 595 4174 814 4228; x_wconf 86' lang='grc' dir='ltr'>δικαίων</span> <span class='ocrx_word' id='word_1_573' title='bbox 832 4174 1010 4229; x_wconf 84' lang='grc' dir='ltr'>λαϐεῖν</span> <span class='ocrx_word' id='word_1_574' title='bbox 1031 4179 1095 4230; x_wconf 87' lang='grc' dir='ltr'>τὰ</span> <span class='ocrx_word' id='word_1_575' title='bbox 1119 4180 1402 4249; x_wconf 85' lang='grc' dir='ltr'>εἰρημένα,</span> <span class='ocrx_word' id='word_1_576' title='bbox 1437 4181 1703 4251; x_wconf 78' lang='grc' dir='ltr'>μνήσθητι</span> 
     </span>
    </p>
   </div>
   <div class='ocr_carea' id='block_1_77' title="bbox 158 4265 1704 4338">
    <p class='ocr_par' dir='ltr' id='par_1_77' title="bbox 158 4265 1704 4338">
     <span class='ocr_line' id='line_1_77' title="bbox 158 4265 1704 4338; baseline 0.004 -21"><span class='ocrx_word' id='word_1_577' title='bbox 158 4265 245 4317; x_wconf 71' lang='grc' dir='ltr'><strong>τοῦ</strong></span> <span class='ocrx_word' id='word_1_578' title='bbox 289 4266 411 4319; x_wconf 83' lang='grc' dir='ltr'><strong>Ἰὼϐ</strong></span> <span class='ocrx_word' id='word_1_579' title='bbox 433 4267 694 4335; x_wconf 70' lang='grc' dir='ltr'>λέγοντοςσ</span> <span class='ocrx_word' id='word_1_580' title='bbox 723 4269 1060 4338; x_wconf 81' lang='grc' dir='ltr'>Ἀνθρωπος</span> <span class='ocrx_word' id='word_1_581' title='bbox 1079 4268 1354 4338; x_wconf 75' lang='grc' dir='ltr'>γεννᾶται</span> <span class='ocrx_word' id='word_1_582' title='bbox 1381 4272 1544 4334; x_wconf 81' lang='grc' dir='ltr'><strong>κόπῳ</strong></span> <span class='ocrx_word' id='word_1_583' title='bbox 1562 4289 1574 4300; x_wconf 88' lang='grc'><strong>·</strong></span> <span class='ocrx_word' id='word_1_584' title='bbox 1613 4274 1704 4324; x_wconf 74' lang='grc' dir='ltr'>καὶ</span> 
     </span>
    </p>
   </div>
   <div class='ocr_carea' id='block_1_78' title="bbox 1814 3269 3372 3357">
    <p class='ocr_par' dir='ltr' id='par_1_78' title="bbox 1814 3269 3372 3357">
     <span class='ocr_line' id='line_1_78' title="bbox 1814 3269 3372 3357; baseline 0.013 -35"><span class='ocrx_word' id='word_1_585' title='bbox 1814 3269 2007 3324; x_wconf 85' lang='lat' dir='ltr'><strong>boravit</strong></span> <span class='ocrx_word' id='word_1_586' title='bbox 2036 3273 2090 3325; x_wconf 89' lang='lat' dir='ltr'><strong>in</strong></span> <span class='ocrx_word' id='word_1_587' title='bbox 2121 3283 2389 3339; x_wconf 73' lang='lat' dir='ltr'><strong>atomum,</strong></span> <span class='ocrx_word' id='word_1_588' title='bbox 2422 3275 2591 3347; x_wconf 68' lang='lat' dir='ltr'><strong>(usus.</strong></span> <span class='ocrx_word' id='word_1_589' title='bbox 2618 3278 2704 3349; x_wconf 84' lang='lat' dir='ltr'><strong>IO)</strong></span> <span class='ocrx_word' id='word_1_590' title='bbox 2734 3289 2780 3332; x_wconf 90' lang='lat' dir='ltr'><strong>et</strong></span> <span class='ocrx_word' id='word_1_591' title='bbox 2815 3282 2942 3336; x_wconf 83' lang='lat' dir='ltr'><strong>uiuet</strong></span> <span class='ocrx_word' id='word_1_592' title='bbox 2965 3284 3020 3337; x_wconf 90' lang='lat' dir='ltr'><strong>in</strong></span> <span class='ocrx_word' id='word_1_593' title='bbox 3043 3283 3222 3352; x_wconf 79' lang='lat' dir='ltr'><strong>ﬁnem.</strong></span> <span class='ocrx_word' id='word_1_594' title='bbox 3252 3286 3372 3357; x_wconf 84' lang='lat' dir='ltr'><strong>Ipsa</strong></span> 
     </span>
    </p>
   </div>
   <div class='ocr_carea' id='block_1_79' title="bbox 1817 3365 3374 3436">
    <p class='ocr_par' dir='ltr' id='par_1_79' title="bbox 1817 3365 3374 3436">
     <span class='ocr_line' id='line_1_79' title="bbox 1817 3365 3374 3436; baseline 0.01 -20"><span class='ocrx_word' id='word_1_595' title='bbox 1817 3377 1908 3430; x_wconf 89' lang='lat' dir='ltr'><strong>per</strong></span> <span class='ocrx_word' id='word_1_596' title='bbox 1937 3377 1994 3419; x_wconf 93' lang='lat' dir='ltr'><strong>se</strong></span> <span class='ocrx_word' id='word_1_597' title='bbox 2022 3365 2151 3431; x_wconf 89' lang='lat' dir='ltr'><strong>vita,</strong></span> <span class='ocrx_word' id='word_1_598' title='bbox 2189 3366 2300 3436; x_wconf 90' lang='lat' dir='ltr'><strong>ipsa</strong></span> <span class='ocrx_word' id='word_1_599' title='bbox 2327 3368 2496 3423; x_wconf 89' lang='lat' dir='ltr'><strong>virtus</strong></span> <span class='ocrx_word' id='word_1_600' title='bbox 2518 3410 2533 3434; x_wconf 89' lang='lat'><strong>,</strong></span> <span class='ocrx_word' id='word_1_601' title='bbox 2557 3379 2611 3425; x_wconf 92' lang='lat' dir='ltr'><strong>et</strong></span> <span class='ocrx_word' id='word_1_602' title='bbox 2638 3370 2904 3428; x_wconf 81' lang='lat' dir='ltr'><strong>indefessa</strong></span> <span class='ocrx_word' id='word_1_603' title='bbox 2942 3385 3133 3429; x_wconf 85' lang='lat' dir='ltr'><strong>natura</strong></span> <span class='ocrx_word' id='word_1_604' title='bbox 3163 3377 3374 3432; x_wconf 89' lang='lat' dir='ltr'><strong>labora-</strong></span> 
     </span>
    </p>
   </div>
   <div class='ocr_carea' id='block_1_80' title="bbox 1819 3454 3366 3534">
    <p class='ocr_par' dir='ltr' id='par_1_80' title="bbox 1819 3454 3366 3534">
     <span class='ocr_line' id='line_1_80' title="bbox 1819 3454 3366 3534; baseline 0.012 -27"><span class='ocrx_word' id='word_1_605' title='bbox 1819 3454 1967 3508; x_wconf 92' lang='lat' dir='ltr'><strong>vitin</strong></span> <span class='ocrx_word' id='word_1_606' title='bbox 2012 3455 2109 3510; x_wconf 86' lang='lat' dir='ltr'><strong>hoc</strong></span> <span class='ocrx_word' id='word_1_607' title='bbox 2141 3457 2358 3524; x_wconf 80' lang='lat' dir='ltr'><strong>saeculo,</strong></span> <span class='ocrx_word' id='word_1_608' title='bbox 2399 3462 2612 3528; x_wconf 90' lang='lat' dir='ltr'><strong>quando</strong></span> <span class='ocrx_word' id='word_1_609' title='bbox 2643 3461 2918 3533; x_wconf 79' lang='lat' dir='ltr'><strong>Fatigatus</strong></span> <span class='ocrx_word' id='word_1_610' title='bbox 2958 3483 3024 3520; x_wconf 78' lang='lat' dir='ltr'><strong>ea:</strong></span> <span class='ocrx_word' id='word_1_611' title='bbox 3051 3468 3252 3534; x_wconf 84' lang='lat' dir='ltr'><strong>itinere,</strong></span> <span class='ocrx_word' id='word_1_612' title='bbox 3294 3487 3366 3525; x_wconf 81' lang='lat' dir='ltr'><strong>se-</strong></span> 
     </span>
    </p>
   </div>
   <div class='ocr_carea' id='block_1_81' title="bbox 1815 3545 2473 3616">
    <p class='ocr_par' dir='ltr' id='par_1_81' title="bbox 1815 3545 2473 3616">
     <span class='ocr_line' id='line_1_81' title="bbox 1815 3545 2473 3616; baseline 0.012 -20"><span class='ocrx_word' id='word_1_613' title='bbox 1815 3545 1965 3599; x_wconf 75' lang='lat' dir='ltr'><strong>debat</strong></span> <span class='ocrx_word' id='word_1_614' title='bbox 1996 3563 2154 3615; x_wconf 86' lang='lat' dir='ltr'><strong>supra</strong></span> <span class='ocrx_word' id='word_1_615' title='bbox 2179 3547 2374 3616; x_wconf 81' lang='lat' dir='ltr'><strong>fontem</strong></span> <span class='ocrx_word' id='word_1_616' title='bbox 2406 3549 2473 3604; x_wconf 73' lang='lat'><strong>“.</strong></span> 
     </span>
    </p>
   </div>
   <div class='ocr_carea' id='block_1_82' title="bbox 1802 3636 3372 3720">
    <p class='ocr_par' dir='ltr' id='par_1_82' title="bbox 1802 3636 3372 3720">
     <span class='ocr_line' id='line_1_82' title="bbox 1802 3636 3372 3720; baseline 0.012 -31"><span class='ocrx_word' id='word_1_617' title='bbox 1802 3636 1980 3706; x_wconf 86' lang='grc' dir='ltr'>φύσις,</span> <span class='ocrx_word' id='word_1_618' title='bbox 2017 3639 2306 3694; x_wconf 78' lang='grc' dir='ltr'>ἐκοπίασεν</span> <span class='ocrx_word' id='word_1_619' title='bbox 2357 3643 2414 3696; x_wconf 81' lang='grc' dir='ltr'>ὲν</span> <span class='ocrx_word' id='word_1_620' title='bbox 2442 3643 2520 3714; x_wconf 85' lang='grc' dir='ltr'>τῷ</span> <span class='ocrx_word' id='word_1_621' title='bbox 2557 3644 2711 3698; x_wconf 84' lang='grc' dir='ltr'>αἰῶνι</span> <span class='ocrx_word' id='word_1_622' title='bbox 2767 3647 2960 3719; x_wconf 88' lang='grc' dir='ltr'>τούτῳ,</span> <span class='ocrx_word' id='word_1_623' title='bbox 2997 3651 3159 3720; x_wconf 84' lang='grc' dir='ltr'>ἡνίκα</span> <span class='ocrx_word' id='word_1_624' title='bbox 3187 3655 3372 3707; x_wconf 79' lang='grc' dir='ltr'>Κεκο·</span> 
     </span>
    </p>
   </div>
   <div class='ocr_carea' id='block_1_83' title="bbox 1879 3823 3372 3899">
    <p class='ocr_par' dir='ltr' id='par_1_83' title="bbox 1879 3823 3372 3899">
     <span class='ocr_line' id='line_1_83' title="bbox 1879 3823 3372 3899; baseline 0.011 -22"><span class='ocrx_word' id='word_1_625' title='bbox 1879 3823 1932 3877; x_wconf 84' lang='lat'><strong>5.</strong></span> <span class='ocrx_word' id='word_1_626' title='bbox 1966 3824 2124 3880; x_wconf 72' lang='lat' dir='ltr'><strong>Vsus.</strong></span> <span class='ocrx_word' id='word_1_627' title='bbox 2162 3827 2248 3880; x_wconf 81' lang='lat' dir='ltr'><strong>II.</strong></span> <span class='ocrx_word' id='word_1_628' title='bbox 2279 3828 2381 3893; x_wconf 79' lang='lat' dir='ltr'><strong>Qui</strong></span> <span class='ocrx_word' id='word_1_629' title='bbox 2412 3846 2514 3883; x_wconf 90' lang='lat' dir='ltr'><strong>non</strong></span> <span class='ocrx_word' id='word_1_630' title='bbox 2543 3830 2728 3883; x_wconf 83' lang='lat' dir='ltr'><strong>uidebit</strong></span> <span class='ocrx_word' id='word_1_631' title='bbox 2755 3831 3021 3887; x_wconf 87' lang='lat' dir='ltr'><strong>interitum</strong></span> <span class='ocrx_word' id='word_1_632' title='bbox 3043 3874 3057 3899; x_wconf 94' lang='lat'><strong>,</strong></span> <span class='ocrx_word' id='word_1_633' title='bbox 3087 3853 3205 3891; x_wconf 84' lang='lat' dir='ltr'><strong>cum</strong></span> <span class='ocrx_word' id='word_1_634' title='bbox 3234 3840 3372 3894; x_wconf 80' lang='lat' dir='ltr'><strong>vide-</strong></span> 
     </span>
    </p>
   </div>
   <div class='ocr_carea' id='block_1_84' title="bbox 1808 3914 3366 3993">
    <p class='ocr_par' dir='ltr' id='par_1_84' title="bbox 1808 3914 3366 3993">
     <span class='ocr_line' id='line_1_84' title="bbox 1808 3914 3366 3993; baseline 0.01 -27"><span class='ocrx_word' id='word_1_635' title='bbox 1808 3914 1877 3967; x_wconf 84' lang='lat' dir='ltr'><strong>rit</strong></span> <span class='ocrx_word' id='word_1_636' title='bbox 1906 3916 2164 3984; x_wconf 87' lang='lat' dir='ltr'><strong>sapientes</strong></span> <span class='ocrx_word' id='word_1_637' title='bbox 2208 3921 2484 3973; x_wconf 87' lang='lat' dir='ltr'><strong>morientes</strong></span> <span class='ocrx_word' id='word_1_638' title='bbox 2529 3919 2655 3990; x_wconf 88' lang='lat' dir='ltr'><strong>(non</strong></span> <span class='ocrx_word' id='word_1_639' title='bbox 2704 3921 2850 3976; x_wconf 87' lang='lat' dir='ltr'><strong>dabit</strong></span> <span class='ocrx_word' id='word_1_640' title='bbox 2897 3925 3039 3978; x_wconf 84' lang='lat' dir='ltr'><strong>enim</strong></span> <span class='ocrx_word' id='word_1_641' title='bbox 3092 3925 3267 3993; x_wconf 87' lang='lat' dir='ltr'><strong>Pater,</strong></span> <span class='ocrx_word' id='word_1_642' title='bbox 3305 3940 3366 3982; x_wconf 89' lang='lat' dir='ltr'><strong>ut</strong></span> 
     </span>
    </p>
   </div>
   <div class='ocr_carea' id='block_1_85' title="bbox 1809 4006 3369 4080">
    <p class='ocr_par' dir='ltr' id='par_1_85' title="bbox 1809 4006 3369 4080">
     <span class='ocr_line' id='line_1_85' title="bbox 1809 4006 3369 4080; baseline 0.011 -23"><span class='ocrx_word' id='word_1_643' title='bbox 1809 4011 2026 4058; x_wconf 86' lang='lat' dir='ltr'><strong>sanctus</strong></span> <span class='ocrx_word' id='word_1_644' title='bbox 2062 4018 2192 4059; x_wconf 85' lang='lat' dir='ltr'><strong>suus</strong></span> <span class='ocrx_word' id='word_1_645' title='bbox 2221 4006 2400 4061; x_wconf 89' lang='lat' dir='ltr'><strong>videat</strong></span> <span class='ocrx_word' id='word_1_646' title='bbox 2428 4009 2828 4078; x_wconf 88' lang='lat' dir='ltr'><strong>corruptionem</strong></span> <span class='ocrx_word' id='word_1_647' title='bbox 2849 4012 2939 4080; x_wconf 85' lang='lat'><strong>&quot;),</strong></span> <span class='ocrx_word' id='word_1_648' title='bbox 2961 4023 3068 4068; x_wconf 91' lang='lat' dir='ltr'><strong>tum</strong></span> <span class='ocrx_word' id='word_1_649' title='bbox 3106 4031 3227 4071; x_wconf 89' lang='lat' dir='ltr'><strong>cum</strong></span> <span class='ocrx_word' id='word_1_650' title='bbox 3253 4033 3369 4074; x_wconf 82' lang='lat' dir='ltr'><strong>mo-</strong></span> 
     </span>
    </p>
   </div>
   <div class='ocr_carea' id='block_1_86' title="bbox 1810 4097 3360 4175">
    <p class='ocr_par' dir='ltr' id='par_1_86' title="bbox 1810 4097 3360 4175">
     <span class='ocr_line' id='line_1_86' title="bbox 1810 4097 3360 4175; baseline 0.008 -23"><span class='ocrx_word' id='word_1_651' title='bbox 1810 4097 2016 4152; x_wconf 90' lang='lat' dir='ltr'><strong>rientur</strong></span> <span class='ocrx_word' id='word_1_652' title='bbox 2061 4100 2152 4169; x_wconf 88' lang='lat' dir='ltr'><strong>qui</strong></span> <span class='ocrx_word' id='word_1_653' title='bbox 2202 4100 2515 4168; x_wconf 87' lang='lat' dir='ltr'><strong>sapientiam</strong></span> <span class='ocrx_word' id='word_1_654' title='bbox 2570 4101 2903 4157; x_wconf 89' lang='lat' dir='ltr'><strong>desinentem</strong></span> <span class='ocrx_word' id='word_1_655' title='bbox 2944 4104 3172 4171; x_wconf 89' lang='lat' dir='ltr'><strong>jactant.</strong></span> <span class='ocrx_word' id='word_1_656' title='bbox 3207 4109 3360 4175; x_wconf 87' lang='lat' dir='ltr'><strong>Quod</strong></span> 
     </span>
    </p>
   </div>
   <div class='ocr_carea' id='block_1_87' title="bbox 1807 4189 3361 4260">
    <p class='ocr_par' dir='ltr' id='par_1_87' title="bbox 1807 4189 3361 4260">
     <span class='ocr_line' id='line_1_87' title="bbox 1807 4189 3361 4260; baseline 0.009 -18"><span class='ocrx_word' id='word_1_657' title='bbox 1807 4191 1852 4242; x_wconf 88' lang='lat' dir='ltr'><strong>si</strong></span> <span class='ocrx_word' id='word_1_658' title='bbox 1885 4189 2046 4244; x_wconf 87' lang='lat' dir='ltr'><strong>etiam</strong></span> <span class='ocrx_word' id='word_1_659' title='bbox 2071 4192 2134 4244; x_wconf 81' lang='lat' dir='ltr'><strong>de</strong></span> <span class='ocrx_word' id='word_1_660' title='bbox 2160 4192 2317 4260; x_wconf 89' lang='lat' dir='ltr'><strong>justis</strong></span> <span class='ocrx_word' id='word_1_661' title='bbox 2345 4205 2557 4258; x_wconf 88' lang='lat' dir='ltr'><strong>quoque</strong></span> <span class='ocrx_word' id='word_1_662' title='bbox 2590 4193 2894 4248; x_wconf 88' lang='lat' dir='ltr'><strong>hominibus</strong></span> <span class='ocrx_word' id='word_1_663' title='bbox 2925 4195 3040 4250; x_wconf 71' lang='lat' dir='ltr'><strong>[nec</strong></span> <span class='ocrx_word' id='word_1_664' title='bbox 3077 4201 3236 4254; x_wconf 88' lang='lat' dir='ltr'><strong>verba</strong></span> <span class='ocrx_word' id='word_1_665' title='bbox 3269 4217 3361 4256; x_wconf 89' lang='lat' dir='ltr'><strong>ac-</strong></span> 
     </span>
    </p>
   </div>
   <div class='ocr_carea' id='block_1_88' title="bbox 1806 4281 3363 4348">
    <p class='ocr_par' dir='ltr' id='par_1_88' title="bbox 1806 4281 3363 4348">
     <span class='ocr_line' id='line_1_88' title="bbox 1806 4281 3363 4348; baseline 0.01 -15"><span class='ocrx_word' id='word_1_666' title='bbox 1806 4281 1987 4348; x_wconf 91' lang='lat' dir='ltr'><strong>cipere</strong></span> <span class='ocrx_word' id='word_1_667' title='bbox 2032 4281 2282 4342; x_wconf 88' lang='lat' dir='ltr'><strong>volueris.</strong></span> <span class='ocrx_word' id='word_1_668' title='bbox 2336 4281 2684 4338; x_wconf 88' lang='lat' dir='ltr'><strong>reminiscere</strong></span> <span class='ocrx_word' id='word_1_669' title='bbox 2729 4281 2829 4339; x_wconf 86' lang='lat' dir='ltr'><strong>.Iob</strong></span> <span class='ocrx_word' id='word_1_670' title='bbox 2879 4286 3108 4342; x_wconf 89' lang='lat' dir='ltr'><strong>dicentis</strong></span> <span class='ocrx_word' id='word_1_671' title='bbox 3145 4306 3154 4339; x_wconf 93' lang='lat'>:</span> <span class='ocrx_word' id='word_1_672' title='bbox 3193 4290 3363 4348; x_wconf 82' lang='lat' dir='ltr'><strong>Homo</strong></span> 
     </span>
    </p>
   </div>
   <div class='ocr_carea' id='block_1_89' title="bbox 160 4357 1718 4445">
    <p class='ocr_par' dir='ltr' id='par_1_89' title="bbox 160 4357 1702 4432">
     <span class='ocr_line' id='line_1_89' title="bbox 160 4357 1702 4432; baseline 0.005 -24"><span class='ocrx_word' id='word_1_673' title='bbox 160 4357 312 4411; x_wconf 82' lang='grc' dir='ltr'>πάλιν</span> <span class='ocrx_word' id='word_1_674' title='bbox 357 4359 453 4411; x_wconf 76' lang='grc' dir='ltr'>τοῦ</span> <span class='ocrx_word' id='word_1_675' title='bbox 503 4361 818 4414; x_wconf 83' lang='grc' dir='ltr'>Ἀποστὸλου</span> <span class='ocrx_word' id='word_1_676' title='bbox 846 4401 859 4423; x_wconf 87' lang='grc'><strong>,</strong></span> <span class='ocrx_word' id='word_1_677' title='bbox 908 4362 988 4415; x_wconf 85' lang='grc' dir='ltr'>ὅτι</span> <span class='ocrx_word' id='word_1_678' title='bbox 1034 4365 1467 4432; x_wconf 87' lang='grc' dir='ltr'>Περισσότερον</span> <span class='ocrx_word' id='word_1_679' title='bbox 1509 4363 1702 4417; x_wconf 83' lang='grc' dir='ltr'>αὐτῶν</span> 
     </span>
    </p>
   </div>
   <div class='ocr_carea' id='block_1_90' title="bbox 1818 4357 3361 4445">
    <p class='ocr_par' dir='ltr' id='par_1_90' title="bbox 1818 4371 3361 4444">
     <span class='ocr_line' id='line_1_90' title="bbox 1818 4371 3361 4444; baseline 0.009 -22"><span class='ocrx_word' id='word_1_680' title='bbox 1818 4371 2035 4423; x_wconf 64' lang='lat' dir='ltr'><strong>nascitur</strong></span> <span class='ocrx_word' id='word_1_681' title='bbox 2079 4371 2148 4423; x_wconf 86' lang='lat' dir='ltr'><strong>ad</strong></span> <span class='ocrx_word' id='word_1_682' title='bbox 2199 4371 2499 4425; x_wconf 81' lang='lat' dir='ltr'><strong>laborem&quot;</strong></span> <span class='ocrx_word' id='word_1_683' title='bbox 2529 4390 2542 4436; x_wconf 90' lang='lat'><strong>;</strong></span> <span class='ocrx_word' id='word_1_684' title='bbox 2574 4383 2628 4428; x_wconf 91' lang='lat' dir='ltr'><strong>et</strong></span> <span class='ocrx_word' id='word_1_685' title='bbox 2669 4390 2854 4430; x_wconf 90' lang='lat' dir='ltr'><strong>rursus</strong></span> <span class='ocrx_word' id='word_1_686' title='bbox 2883 4377 3117 4444; x_wconf 83' lang='lat' dir='ltr'><strong>Apostuli</strong></span> <span class='ocrx_word' id='word_1_687' title='bbox 3147 4397 3159 4432; x_wconf 92' lang='lat'>:</span> <span class='ocrx_word' id='word_1_688' title='bbox 3187 4380 3361 4436; x_wconf 83' lang='lat' dir='ltr'><strong>Abun-</strong></span> 
     </span>
    </p>
   </div>
   <div class='ocr_carea' id='block_1_91' title="bbox 161 4447 1704 4522">
    <p class='ocr_par' dir='ltr' id='par_1_91' title="bbox 161 4447 1704 4522">
     <span class='ocr_line' id='line_1_91' title="bbox 161 4447 1704 4522; baseline 0.008 -27"><span class='ocrx_word' id='word_1_689' title='bbox 161 4447 389 4502; x_wconf 78' lang='grc' dir='ltr'>πάντων</span> <span class='ocrx_word' id='word_1_690' title='bbox 414 4451 702 4504; x_wconf 70' lang='grc' dir='ltr'>ἐκοπίασα</span> <span class='ocrx_word' id='word_1_691' title='bbox 725 4467 738 4480; x_wconf 71' lang='grc' dir='ltr'><strong>ο</strong></span> <span class='ocrx_word' id='word_1_692' title='bbox 770 4452 860 4503; x_wconf 77' lang='grc' dir='ltr'>καὶ</span> <span class='ocrx_word' id='word_1_693' title='bbox 883 4452 962 4517; x_wconf 88' lang='grc' dir='ltr'>τὸ,</span> <span class='ocrx_word' id='word_1_694' title='bbox 1000 4453 1099 4505; x_wconf 85' lang='grc' dir='ltr'>Ἐν</span> <span class='ocrx_word' id='word_1_695' title='bbox 1127 4455 1334 4520; x_wconf 82' lang='grc' dir='ltr'>κόποις</span> <span class='ocrx_word' id='word_1_696' title='bbox 1359 4454 1704 4522; x_wconf 80' lang='grc' dir='ltr'>περισσοτέ-</span> 
     </span>
    </p>
   </div>
   <div class='ocr_carea' id='block_1_92' title="bbox 155 4537 1704 4618">
    <p class='ocr_par' dir='ltr' id='par_1_92' title="bbox 155 4537 1704 4618">
     <span class='ocr_line' id='line_1_92' title="bbox 155 4537 1704 4618; baseline 0.01 -31"><span class='ocrx_word' id='word_1_697' title='bbox 155 4551 284 4599; x_wconf 87' lang='grc' dir='ltr'>ρως.</span> <span class='ocrx_word' id='word_1_698' title='bbox 333 4539 391 4592; x_wconf 83' lang='grc' dir='ltr'><strong>Ὀ</strong></span> <span class='ocrx_word' id='word_1_699' title='bbox 442 4537 532 4593; x_wconf 77' lang='grc' dir='ltr'>οὖν</span> <span class='ocrx_word' id='word_1_700' title='bbox 577 4542 842 4605; x_wconf 82' lang='grc' dir='ltr'>κοπιάσας</span> <span class='ocrx_word' id='word_1_701' title='bbox 885 4545 942 4596; x_wconf 78' lang='grc' dir='ltr'>ὲν</span> <span class='ocrx_word' id='word_1_702' title='bbox 992 4544 1067 4614; x_wconf 81' lang='grc' dir='ltr'>τῷ</span> <span class='ocrx_word' id='word_1_703' title='bbox 1111 4546 1264 4599; x_wconf 85' lang='grc' dir='ltr'>αἰῶνι</span> <span class='ocrx_word' id='word_1_704' title='bbox 1309 4547 1501 4618; x_wconf 86' lang='grc' dir='ltr'>τούτῳ,</span> <span class='ocrx_word' id='word_1_705' title='bbox 1550 4542 1704 4614; x_wconf 69' lang='grc' dir='ltr'>οὗτος</span> 
     </span>
    </p>
   </div>
   <div class='ocr_carea' id='block_1_93' title="bbox 162 4619 1704 4710">
    <p class='ocr_par' dir='ltr' id='par_1_93' title="bbox 162 4619 1704 4710">
     <span class='ocr_line' id='line_1_93' title="bbox 162 4619 1704 4710; baseline 0.01 -32"><span class='ocrx_word' id='word_1_706' title='bbox 162 4623 370 4694; x_wconf 79' lang='grc' dir='ltr'>ζήσεται</span> <span class='ocrx_word' id='word_1_707' title='bbox 405 4632 484 4692; x_wconf 84' lang='grc' dir='ltr'>εἰς</span> <span class='ocrx_word' id='word_1_708' title='bbox 523 4633 701 4696; x_wconf 84' lang='grc' dir='ltr'>τέλος·</span> <span class='ocrx_word' id='word_1_709' title='bbox 733 4635 759 4686; x_wconf 84' lang='grc' dir='ltr'><strong>ὁ</strong></span> <span class='ocrx_word' id='word_1_710' title='bbox 785 4632 839 4685; x_wconf 81' lang='grc' dir='ltr'>δὲ</span> <span class='ocrx_word' id='word_1_711' title='bbox 874 4619 1133 4708; x_wconf 65' lang='grc' dir='ltr'>ἐν’τρυφῇ</span> <span class='ocrx_word' id='word_1_712' title='bbox 1162 4637 1254 4689; x_wconf 77' lang='grc' dir='ltr'>καὶ</span> <span class='ocrx_word' id='word_1_713' title='bbox 1296 4638 1444 4710; x_wconf 85' lang='grc' dir='ltr'>πάσῃ</span> <span class='ocrx_word' id='word_1_714' title='bbox 1491 4639 1704 4694; x_wconf 83' lang='grc' dir='ltr'>ὲκλύσει</span> 
     </span>
    </p>
   </div>
   <div class='ocr_carea' id='block_1_94' title="bbox 160 4715 1703 4801">
    <p class='ocr_par' dir='ltr' id='par_1_94' title="bbox 160 4715 1703 4801">
     <span class='ocr_line' id='line_1_94' title="bbox 160 4715 1703 4801; baseline 0.013 -35"><span class='ocrx_word' id='word_1_715' title='bbox 160 4715 347 4782; x_wconf 79' lang='grc' dir='ltr'>διάγων</span> <span class='ocrx_word' id='word_1_716' title='bbox 371 4759 388 4782; x_wconf 86' lang='grc'><strong>,</strong></span> <span class='ocrx_word' id='word_1_717' title='bbox 427 4720 514 4773; x_wconf 75' lang='grc' dir='ltr'><strong>διὰ</strong></span> <span class='ocrx_word' id='word_1_718' title='bbox 554 4726 614 4776; x_wconf 80' lang='grc' dir='ltr'>τὸ</span> <span class='ocrx_word' id='word_1_719' title='bbox 653 4725 990 4798; x_wconf 83' lang='grc' dir='ltr'>ἁϐροδίαιτον</span> <span class='ocrx_word' id='word_1_720' title='bbox 1041 4728 1324 4801; x_wconf 79' lang='grc' dir='ltr'>πορφύραν</span> <span class='ocrx_word' id='word_1_721' title='bbox 1367 4732 1460 4784; x_wconf 77' lang='grc' dir='ltr'>καὶ</span> <span class='ocrx_word' id='word_1_722' title='bbox 1508 4730 1703 4800; x_wconf 84' lang='grc' dir='ltr'>βύσσον</span> 
     </span>
    </p>
   </div>
   <div class='ocr_carea' id='block_1_95' title="bbox 164 4807 1701 4894">
    <p class='ocr_par' dir='ltr' id='par_1_95' title="bbox 164 4807 1701 4894">
     <span class='ocr_line' id='line_1_95' title="bbox 164 4807 1701 4894; baseline 0.01 -36"><span class='ocrx_word' id='word_1_723' title='bbox 164 4807 484 4881; x_wconf 76' lang='grc' dir='ltr'>ἐνδυόμενος,</span> <span class='ocrx_word' id='word_1_724' title='bbox 498 4814 590 4865; x_wconf 75' lang='grc' dir='ltr'>καὶ</span> <span class='ocrx_word' id='word_1_725' title='bbox 608 4816 1022 4890; x_wconf 84' lang='grc' dir='ltr'>εὐφραινόμενος</span> <span class='ocrx_word' id='word_1_726' title='bbox 1043 4819 1161 4873; x_wconf 77' lang='grc' dir='ltr'>καθ’</span> <span class='ocrx_word' id='word_1_727' title='bbox 1184 4820 1394 4894; x_wconf 75' lang='grc' dir='ltr'>ἡμέραν</span> <span class='ocrx_word' id='word_1_728' title='bbox 1412 4821 1701 4893; x_wconf 84' lang='grc' dir='ltr'>λαμπρῶς,</span> 
     </span>
    </p>
   </div>
   <div class='ocr_carea' id='block_1_96' title="bbox 163 4901 1702 4983">
    <p class='ocr_par' dir='ltr' id='par_1_96' title="bbox 163 4901 1702 4983">
     <span class='ocr_line' id='line_1_96' title="bbox 163 4901 1702 4983; baseline 0.009 -31"><span class='ocrx_word' id='word_1_729' title='bbox 163 4901 248 4954; x_wconf 79' lang='grc' dir='ltr'>καὶ</span> <span class='ocrx_word' id='word_1_730' title='bbox 275 4903 489 4972; x_wconf 88' lang='grc' dir='ltr'>φεύγων</span> <span class='ocrx_word' id='word_1_731' title='bbox 527 4906 649 4969; x_wconf 81' lang='grc' dir='ltr'>τοὺς</span> <span class='ocrx_word' id='word_1_732' title='bbox 699 4909 836 4982; x_wconf 80' lang='grc' dir='ltr'>ὑπὲρ</span> <span class='ocrx_word' id='word_1_733' title='bbox 870 4909 969 4979; x_wconf 74' lang='grc' dir='ltr'>τῆς</span> <span class='ocrx_word' id='word_1_734' title='bbox 1011 4910 1211 4980; x_wconf 83' lang='grc' dir='ltr'>άρετῆς</span> <span class='ocrx_word' id='word_1_735' title='bbox 1239 4913 1537 4983; x_wconf 84' lang='grc' dir='ltr'>καμάτους,</span> <span class='ocrx_word' id='word_1_736' title='bbox 1579 4911 1702 4966; x_wconf 69' lang='grc' dir='ltr'>οὔτε</span> 
     </span>
    </p>
   </div>
   <div class='ocr_carea' id='block_1_97' title="bbox 165 4989 1702 5074">
    <p class='ocr_par' dir='ltr' id='par_1_97' title="bbox 165 4989 1702 5074">
     <span class='ocr_line' id='line_1_97' title="bbox 165 4989 1702 5074; baseline 0.011 -35"><span class='ocrx_word' id='word_1_737' title='bbox 165 4989 439 5048; x_wconf 67' lang='grc' dir='ltr'>ἐκοπίασεν</span> <span class='ocrx_word' id='word_1_738' title='bbox 476 4997 533 5048; x_wconf 83' lang='grc' dir='ltr'>ὲν</span> <span class='ocrx_word' id='word_1_739' title='bbox 563 4995 639 5066; x_wconf 83' lang='grc' dir='ltr'>τῷ</span> <span class='ocrx_word' id='word_1_740' title='bbox 681 4998 832 5052; x_wconf 85' lang='grc' dir='ltr'>αἰῶνι</span> <span class='ocrx_word' id='word_1_741' title='bbox 874 4999 1080 5070; x_wconf 88' lang='grc' dir='ltr'>τούτῳ,</span> <span class='ocrx_word' id='word_1_742' title='bbox 1125 4999 1245 5053; x_wconf 76' lang='grc' dir='ltr'>οὔτε</span> <span class='ocrx_word' id='word_1_743' title='bbox 1283 5001 1505 5073; x_wconf 79' lang='grc' dir='ltr'>ζήσεται</span> <span class='ocrx_word' id='word_1_744' title='bbox 1538 5005 1594 5056; x_wconf 81' lang='grc' dir='ltr'>ὲν</span> <span class='ocrx_word' id='word_1_745' title='bbox 1625 5004 1702 5074; x_wconf 81' lang='grc' dir='ltr'>τῷ</span> 
     </span>
    </p>
   </div>
   <div class='ocr_carea' id='block_1_98' title="bbox 167 5081 1703 5163">
    <p class='ocr_par' dir='ltr' id='par_1_98' title="bbox 167 5081 1703 5163">
     <span class='ocr_line' id='line_1_98' title="bbox 167 5081 1703 5163; baseline 0.01 -29"><span class='ocrx_word' id='word_1_746' title='bbox 167 5081 418 5148; x_wconf 85' lang='grc' dir='ltr'>μέλλοντι,</span> <span class='ocrx_word' id='word_1_747' title='bbox 461 5087 593 5141; x_wconf 82' lang='grc' dir='ltr'>άλλά</span> <span class='ocrx_word' id='word_1_748' title='bbox 627 5089 838 5160; x_wconf 81' lang='grc' dir='ltr'>μακράν</span> <span class='ocrx_word' id='word_1_749' title='bbox 871 5091 1058 5160; x_wconf 72' lang='grc' dir='ltr'>ὄψεται</span> <span class='ocrx_word' id='word_1_750' title='bbox 1091 5093 1190 5162; x_wconf 83' lang='grc' dir='ltr'>τὴν</span> <span class='ocrx_word' id='word_1_751' title='bbox 1222 5092 1383 5163; x_wconf 78' lang='grc' dir='ltr'>ζωὴν,</span> <span class='ocrx_word' id='word_1_752' title='bbox 1421 5093 1703 5163; x_wconf 70' lang='grc' dir='ltr'>βασανιζόο</span> 
     </span>
    </p>
   </div>
   <div class='ocr_carea' id='block_1_99' title="bbox 169 5179 1703 5255">
    <p class='ocr_par' dir='ltr' id='par_1_99' title="bbox 169 5179 1703 5255">
     <span class='ocr_line' id='line_1_99' title="bbox 169 5179 1703 5255; baseline 0.013 -31"><span class='ocrx_word' id='word_1_753' title='bbox 169 5187 308 5240; x_wconf 85' lang='grc' dir='ltr'>μενος</span> <span class='ocrx_word' id='word_1_754' title='bbox 334 5180 392 5231; x_wconf 82' lang='grc' dir='ltr'>ἐν</span> <span class='ocrx_word' id='word_1_755' title='bbox 439 5182 504 5250; x_wconf 81' lang='grc' dir='ltr'>τῇ</span> <span class='ocrx_word' id='word_1_756' title='bbox 549 5179 704 5249; x_wconf 78' lang='grc' dir='ltr'>φλογὶ</span> <span class='ocrx_word' id='word_1_757' title='bbox 732 5181 828 5252; x_wconf 82' lang='grc' dir='ltr'>τῆς</span> <span class='ocrx_word' id='word_1_758' title='bbox 865 5186 1114 5253; x_wconf 85' lang='grc' dir='ltr'>καμίνου.</span> <span class='ocrx_word' id='word_1_759' title='bbox 1163 5185 1218 5238; x_wconf 83' lang='lat'><strong>&#39;0</strong></span> <span class='ocrx_word' id='word_1_760' title='bbox 1253 5184 1306 5237; x_wconf 83' lang='grc' dir='ltr'>δὲ</span> <span class='ocrx_word' id='word_1_761' title='bbox 1339 5187 1551 5255; x_wconf 77' lang='grc' dir='ltr'>μυρίοις</span> <span class='ocrx_word' id='word_1_762' title='bbox 1591 5189 1703 5250; x_wconf 82' lang='grc' dir='ltr'>τοῖς</span> 
     </span>
    </p>
   </div>
   <div class='ocr_carea' id='block_1_100' title="bbox 1806 4461 3361 4526">
    <p class='ocr_par' dir='ltr' id='par_1_100' title="bbox 1806 4461 3361 4526">
     <span class='ocr_line' id='line_1_100' title="bbox 1806 4461 3361 4526; baseline 0.008 -14"><span class='ocrx_word' id='word_1_763' title='bbox 1806 4462 2013 4514; x_wconf 85' lang='lat' dir='ltr'><strong>dantius</strong></span> <span class='ocrx_word' id='word_1_764' title='bbox 2039 4461 2140 4514; x_wconf 84' lang='lat' dir='ltr'><strong>illis</strong></span> <span class='ocrx_word' id='word_1_765' title='bbox 2184 4461 2419 4515; x_wconf 80' lang='lat' dir='ltr'><strong>omnibus</strong></span> <span class='ocrx_word' id='word_1_766' title='bbox 2443 4462 2761 4526; x_wconf 83' lang='lat' dir='ltr'><strong>laboraui&quot;;</strong></span> <span class='ocrx_word' id='word_1_767' title='bbox 2798 4464 2924 4519; x_wconf 86' lang='lat' dir='ltr'><strong>item</strong></span> <span class='ocrx_word' id='word_1_768' title='bbox 2963 4479 2978 4519; x_wconf 90' lang='lat'><strong>:</strong></span> <span class='ocrx_word' id='word_1_769' title='bbox 3015 4466 3361 4526; x_wconf 78' lang='lat' dir='ltr'><strong>Inlaboribus</strong></span> 
     </span>
    </p>
   </div>
   <div class='ocr_carea' id='block_1_101' title="bbox 1804 4553 3346 4626">
    <p class='ocr_par' dir='ltr' id='par_1_101' title="bbox 1804 4553 3346 4626">
     <span class='ocr_line' id='line_1_101' title="bbox 1804 4553 3346 4626; baseline 0.008 -24"><span class='ocrx_word' id='word_1_770' title='bbox 1804 4554 2156 4606; x_wconf 84' lang='lat' dir='ltr'><strong>abundantius</strong></span> <span class='ocrx_word' id='word_1_771' title='bbox 2180 4554 2244 4607; x_wconf 83' lang='grc'><strong>⁸⁸,</strong></span> <span class='ocrx_word' id='word_1_772' title='bbox 2273 4555 2372 4620; x_wconf 84' lang='lat' dir='ltr'><strong>Qui</strong></span> <span class='ocrx_word' id='word_1_773' title='bbox 2409 4555 2572 4623; x_wconf 86' lang='lat' dir='ltr'><strong>igitur</strong></span> <span class='ocrx_word' id='word_1_774' title='bbox 2615 4553 2666 4607; x_wconf 92' lang='lat' dir='ltr'><strong>in</strong></span> <span class='ocrx_word' id='word_1_775' title='bbox 2694 4554 2796 4608; x_wconf 91' lang='lat' dir='ltr'><strong>hoc</strong></span> <span class='ocrx_word' id='word_1_776' title='bbox 2823 4557 3019 4612; x_wconf 62' lang='lat' dir='ltr'><strong>sarculo</strong></span> <span class='ocrx_word' id='word_1_777' title='bbox 3065 4559 3346 4626; x_wconf 84' lang='lat' dir='ltr'><strong>laboravit,</strong></span> 
     </span>
    </p>
   </div>
   <div class='ocr_carea' id='block_1_102' title="bbox 1806 4640 3358 4711">
    <p class='ocr_par' dir='ltr' id='par_1_102' title="bbox 1806 4640 3358 4711">
     <span class='ocr_line' id='line_1_102' title="bbox 1806 4640 3358 4711; baseline 0.01 -18"><span class='ocrx_word' id='word_1_778' title='bbox 1806 4640 1892 4694; x_wconf 92' lang='lat' dir='ltr'><strong>bic</strong></span> <span class='ocrx_word' id='word_1_779' title='bbox 1932 4642 2073 4696; x_wconf 88' lang='lat' dir='ltr'><strong>vivet</strong></span> <span class='ocrx_word' id='word_1_780' title='bbox 2110 4643 2164 4696; x_wconf 89' lang='lat' dir='ltr'><strong>in</strong></span> <span class='ocrx_word' id='word_1_781' title='bbox 2229 4644 2386 4697; x_wconf 87' lang='lat' dir='ltr'><strong>linem</strong></span> <span class='ocrx_word' id='word_1_782' title='bbox 2426 4643 2561 4711; x_wconf 83' lang='lat' dir='ltr'><strong>:qui</strong></span> <span class='ocrx_word' id='word_1_783' title='bbox 2598 4659 2724 4700; x_wconf 88' lang='lat' dir='ltr'><strong>vero</strong></span> <span class='ocrx_word' id='word_1_784' title='bbox 2779 4648 2828 4701; x_wconf 89' lang='lat' dir='ltr'><strong>iu</strong></span> <span class='ocrx_word' id='word_1_785' title='bbox 2871 4650 3072 4705; x_wconf 92' lang='lat' dir='ltr'><strong>deliciis</strong></span> <span class='ocrx_word' id='word_1_786' title='bbox 3120 4666 3182 4706; x_wconf 92' lang='lat' dir='ltr'><strong>ac</strong></span> <span class='ocrx_word' id='word_1_787' title='bbox 3211 4657 3358 4708; x_wconf 86' lang='lat' dir='ltr'><strong>omni</strong></span> 
     </span>
    </p>
   </div>
   <div class='ocr_carea' id='block_1_103' title="bbox 1807 4730 3359 4812">
    <p class='ocr_par' dir='ltr' id='par_1_103' title="bbox 1807 4730 3359 4812">
     <span class='ocr_line' id='line_1_103' title="bbox 1807 4730 3359 4812; baseline 0.009 -29"><span class='ocrx_word' id='word_1_788' title='bbox 1807 4730 2214 4798; x_wconf 89' lang='lat' dir='ltr'><strong>intemperantia</strong></span> <span class='ocrx_word' id='word_1_789' title='bbox 2250 4732 2422 4802; x_wconf 89' lang='lat' dir='ltr'><strong>degit,</strong></span> <span class='ocrx_word' id='word_1_790' title='bbox 2455 4735 2523 4789; x_wconf 91' lang='lat' dir='ltr'><strong>ob</strong></span> <span class='ocrx_word' id='word_1_791' title='bbox 2574 4737 2846 4792; x_wconf 88' lang='lat' dir='ltr'><strong>mollitiem</strong></span> <span class='ocrx_word' id='word_1_792' title='bbox 2896 4740 3117 4796; x_wconf 90' lang='lat' dir='ltr'><strong>indutus</strong></span> <span class='ocrx_word' id='word_1_793' title='bbox 3158 4758 3359 4812; x_wconf 83' lang='lat' dir='ltr'><strong>purpu-</strong></span> 
     </span>
    </p>
   </div>
   <div class='ocr_carea' id='block_1_104' title="bbox 1808 4825 3353 4901">
    <p class='ocr_par' dir='ltr' id='par_1_104' title="bbox 1808 4825 3353 4901">
     <span class='ocr_line' id='line_1_104' title="bbox 1808 4825 3353 4901; baseline 0.008 -22"><span class='ocrx_word' id='word_1_794' title='bbox 1808 4839 1924 4879; x_wconf 92' lang='lat' dir='ltr'><strong>ram</strong></span> <span class='ocrx_word' id='word_1_795' title='bbox 1951 4835 2003 4878; x_wconf 90' lang='lat' dir='ltr'><strong>et</strong></span> <span class='ocrx_word' id='word_1_796' title='bbox 2048 4825 2286 4894; x_wconf 86' lang='lat' dir='ltr'><strong>byssum,</strong></span> <span class='ocrx_word' id='word_1_797' title='bbox 2321 4836 2376 4880; x_wconf 84' lang='lat' dir='ltr'><strong>et</strong></span> <span class='ocrx_word' id='word_1_798' title='bbox 2419 4829 2638 4896; x_wconf 88' lang='lat' dir='ltr'><strong>epulans</strong></span> <span class='ocrx_word' id='word_1_799' title='bbox 2675 4830 2910 4896; x_wconf 86' lang='lat' dir='ltr'><strong>quotidie</strong></span> <span class='ocrx_word' id='word_1_800' title='bbox 2957 4833 3231 4901; x_wconf 84' lang='lat' dir='ltr'><strong>splendide</strong></span> <span class='ocrx_word' id='word_1_801' title='bbox 3260 4836 3305 4867; x_wconf 83' lang='lat'>&quot;</span> <span class='ocrx_word' id='word_1_802' title='bbox 3337 4853 3353 4892; x_wconf 88' lang='lat'><strong>:</strong></span> 
     </span>
    </p>
   </div>
   <div class='ocr_carea' id='block_1_105' title="bbox 1809 4912 3358 4988">
    <p class='ocr_par' dir='ltr' id='par_1_105' title="bbox 1809 4912 3358 4988">
     <span class='ocr_line' id='line_1_105' title="bbox 1809 4912 3358 4988; baseline 0.01 -23"><span class='ocrx_word' id='word_1_803' title='bbox 1809 4912 2124 4981; x_wconf 83' lang='lat' dir='ltr'><strong>laboresque</strong></span> <span class='ocrx_word' id='word_1_804' title='bbox 2154 4915 2222 4968; x_wconf 92' lang='lat' dir='ltr'><strong>ob</strong></span> <span class='ocrx_word' id='word_1_805' title='bbox 2261 4917 2513 4970; x_wconf 88' lang='lat' dir='ltr'><strong>virtutem</strong></span> <span class='ocrx_word' id='word_1_806' title='bbox 2549 4916 2892 4986; x_wconf 77' lang='lat' dir='ltr'><strong>perferendos</strong></span> <span class='ocrx_word' id='word_1_807' title='bbox 2931 4920 3158 4988; x_wconf 77' lang='lat' dir='ltr'><strong>fugiens,</strong></span> <span class='ocrx_word' id='word_1_808' title='bbox 3191 4923 3237 4978; x_wconf 90' lang='lat' dir='ltr'><strong>is</strong></span> <span class='ocrx_word' id='word_1_809' title='bbox 3266 4940 3358 4979; x_wconf 83' lang='lat' dir='ltr'><strong>ne-</strong></span> 
     </span>
    </p>
   </div>
   <div class='ocr_carea' id='block_1_106' title="bbox 1806 5005 3352 5076">
    <p class='ocr_par' dir='ltr' id='par_1_106' title="bbox 1806 5005 3352 5076">
     <span class='ocr_line' id='line_1_106' title="bbox 1806 5005 3352 5076; baseline 0.011 -22"><span class='ocrx_word' id='word_1_810' title='bbox 1806 5019 1907 5072; x_wconf 90' lang='lat' dir='ltr'><strong>que</strong></span> <span class='ocrx_word' id='word_1_811' title='bbox 1934 5005 1983 5055; x_wconf 93' lang='lat' dir='ltr'><strong>in</strong></span> <span class='ocrx_word' id='word_1_812' title='bbox 2017 5006 2114 5058; x_wconf 86' lang='lat' dir='ltr'><strong>hoc</strong></span> <span class='ocrx_word' id='word_1_813' title='bbox 2147 5007 2341 5060; x_wconf 64' lang='lat' dir='ltr'><strong>saeculo</strong></span> <span class='ocrx_word' id='word_1_814' title='bbox 2377 5008 2657 5073; x_wconf 87' lang='lat' dir='ltr'><strong>laboravit,</strong></span> <span class='ocrx_word' id='word_1_815' title='bbox 2683 5024 2849 5076; x_wconf 84' lang='lat' dir='ltr'><strong>neque</strong></span> <span class='ocrx_word' id='word_1_816' title='bbox 2883 5010 3023 5064; x_wconf 86' lang='lat' dir='ltr'><strong>vivet</strong></span> <span class='ocrx_word' id='word_1_817' title='bbox 3051 5012 3099 5065; x_wconf 91' lang='lat' dir='ltr'><strong>in</strong></span> <span class='ocrx_word' id='word_1_818' title='bbox 3139 5013 3352 5071; x_wconf 82' lang='lat' dir='ltr'><strong>futuro:</strong></span> 
     </span>
    </p>
   </div>
   <div class='ocr_carea' id='block_1_107' title="bbox 1806 5090 3355 5158">
    <p class='ocr_par' dir='ltr' id='par_1_107' title="bbox 1806 5090 3355 5158">
     <span class='ocr_line' id='line_1_107' title="bbox 1806 5090 3355 5158; baseline 0.01 -15"><span class='ocrx_word' id='word_1_819' title='bbox 1806 5091 1896 5143; x_wconf 88' lang='lat' dir='ltr'><strong>sed</strong></span> <span class='ocrx_word' id='word_1_820' title='bbox 1925 5090 2134 5142; x_wconf 83' lang='lat' dir='ltr'><strong>eminus</strong></span> <span class='ocrx_word' id='word_1_821' title='bbox 2178 5092 2341 5147; x_wconf 86' lang='lat' dir='ltr'><strong>vitam</strong></span> <span class='ocrx_word' id='word_1_822' title='bbox 2376 5096 2591 5158; x_wconf 81' lang='lat' dir='ltr'><strong>videbit,</strong></span> <span class='ocrx_word' id='word_1_823' title='bbox 2650 5096 2701 5147; x_wconf 88' lang='lat' dir='ltr'><strong>itt</strong></span> <span class='ocrx_word' id='word_1_824' title='bbox 2741 5098 2934 5150; x_wconf 87' lang='lat' dir='ltr'><strong>camini</strong></span> <span class='ocrx_word' id='word_1_825' title='bbox 2976 5099 3186 5156; x_wconf 84' lang='lat' dir='ltr'><strong>ﬂamma</strong></span> <span class='ocrx_word' id='word_1_826' title='bbox 3231 5120 3355 5157; x_wconf 81' lang='lat' dir='ltr'><strong>cru-</strong></span> 
     </span>
    </p>
   </div>
   <div class='ocr_carea' id='block_1_108' title="bbox 1807 5180 3352 5262">
    <p class='ocr_par' dir='ltr' id='par_1_108' title="bbox 1807 5180 3352 5262">
     <span class='ocr_line' id='line_1_108' title="bbox 1807 5180 3352 5262; baseline 0.012 -30"><span class='ocrx_word' id='word_1_827' title='bbox 1807 5180 1996 5235; x_wconf 90' lang='lat' dir='ltr'><strong>ciatus.</strong></span> <span class='ocrx_word' id='word_1_828' title='bbox 2028 5180 2127 5247; x_wconf 89' lang='lat' dir='ltr'><strong>Qui</strong></span> <span class='ocrx_word' id='word_1_829' title='bbox 2161 5199 2284 5238; x_wconf 89' lang='lat' dir='ltr'><strong>vero</strong></span> <span class='ocrx_word' id='word_1_830' title='bbox 2338 5186 2630 5240; x_wconf 90' lang='lat' dir='ltr'><strong>innumeris</strong></span> <span class='ocrx_word' id='word_1_831' title='bbox 2684 5192 3065 5248; x_wconf 85' lang='lat' dir='ltr'><strong>certaminibus</strong></span> <span class='ocrx_word' id='word_1_832' title='bbox 3113 5211 3208 5262; x_wconf 92' lang='lat' dir='ltr'><strong>pro</strong></span> <span class='ocrx_word' id='word_1_833' title='bbox 3243 5200 3352 5251; x_wconf 86' lang='lat' dir='ltr'><strong>vir-</strong></span> 
     </span>
    </p>
   </div>
   <div class='ocr_carea' id='block_1_109' title="bbox 229 5328 1718 5411">
    <p class='ocr_par' dir='ltr' id='par_1_109' title="bbox 229 5328 1668 5411">
     <span class='ocr_line' id='line_1_109' title="bbox 229 5328 1668 5411; baseline 0.008 -30"><span class='ocrx_word' id='word_1_834' title='bbox 229 5328 266 5411; x_wconf 61' lang='grc' dir='ltr'><strong>ξξ</strong></span> <span class='ocrx_word' id='word_1_835' title='bbox 297 5329 464 5411; x_wconf 79' lang='lat' dir='ltr'><strong>I_Cor.</strong></span> <span class='ocrx_word' id='word_1_836' title='bbox 489 5349 574 5411; x_wconf 48' lang='lat' dir='ltr'><strong>vi,</strong></span> <span class='ocrx_word' id='word_1_837' title='bbox 595 5333 685 5411; x_wconf 60' lang='lat' dir='ltr'><strong>EQ.</strong></span> <span class='ocrx_word' id='word_1_838' title='bbox 760 5337 805 5367; x_wconf 79' lang='grc' dir='ltr'><strong><em>⁸ο</em></strong></span> <span class='ocrx_word' id='word_1_839' title='bbox 832 5335 852 5390; x_wconf 95' lang='lat' dir='ltr'><strong>I</strong></span> <span class='ocrx_word' id='word_1_840' title='bbox 876 5334 1228 5411; x_wconf 69' lang='lat' dir='ltr'><strong>P_etr._i_r,_2’:l.</strong></span> <span class='ocrx_word' id='word_1_841' title='bbox 1306 5339 1347 5411; x_wconf 73' lang='lat'><strong>‘_‘</strong></span> <span class='ocrx_word' id='word_1_842' title='bbox 1374 5337 1668 5411; x_wconf 77' lang='lat' dir='ltr'><strong>Isa_._L_n,_5.</strong></span> 
     </span>
    </p>
   </div>
   <div class='ocr_carea' id='block_1_110' title="bbox 1818 5328 3348 5411">
    <p class='ocr_par' dir='ltr' id='par_1_110' title="bbox 1818 5332 3348 5411">
     <span class='ocr_line' id='line_1_110' title="bbox 1818 5332 3348 5411; baseline 0.013 -27"><span class='ocrx_word' id='word_1_843' title='bbox 1818 5332 1948 5411; x_wconf 71' lang='lat' dir='ltr'><strong>Psal.</strong></span> <span class='ocrx_word' id='word_1_844' title='bbox 1969 5334 2199 5411; x_wconf 39' lang='grc' dir='ltr'>ιδεμ-βξ),</span> <span class='ocrx_word' id='word_1_845' title='bbox 2275 5335 2320 5366; x_wconf 84' lang='grc'><strong>⁸³</strong></span> <span class='ocrx_word' id='word_1_846' title='bbox 2350 5334 2510 5411; x_wconf 57' lang='lat' dir='ltr'><strong>Hebr.</strong></span> <span class='ocrx_word' id='word_1_847' title='bbox 2531 5355 2625 5398; x_wconf 81' lang='lat' dir='ltr'><strong>vn.</strong></span> <span class='ocrx_word' id='word_1_848' title='bbox 2652 5339 2739 5411; x_wconf 74' lang='lat'><strong>26.</strong></span> <span class='ocrx_word' id='word_1_849' title='bbox 2770 5339 2857 5392; x_wconf 67' lang='lat'><strong>97.</strong></span> <span class='ocrx_word' id='word_1_850' title='bbox 2935 5343 2979 5372; x_wconf 61' lang='grc'><strong>⁸³</strong></span> <span class='ocrx_word' id='word_1_851' title='bbox 3009 5340 3159 5398; x_wconf 87' lang='lat' dir='ltr'><strong>Joan.</strong></span> <span class='ocrx_word' id='word_1_852' title='bbox 3189 5361 3260 5411; x_wconf 87' lang='lat' dir='ltr'><strong>tv,</strong></span> <span class='ocrx_word' id='word_1_853' title='bbox 3299 5353 3348 5404; x_wconf 84' lang='grc'><strong>6.</strong></span> 
     </span>
    </p>
   </div>
   <div class='ocr_carea' id='block_1_111' title="bbox 167 5397 3036 5476">
    <p class='ocr_par' dir='ltr' id='par_1_111' title="bbox 167 5397 3036 5476">
     <span class='ocr_line' id='line_1_111' title="bbox 167 5397 3036 5476; baseline 0.003 -22"><span class='ocrx_word' id='word_1_854' title='bbox 167 5397 959 5474; x_wconf 67' lang='lat' dir='ltr'><strong>“Psal.xv,i0;Act.tt,_27.</strong></span> <span class='ocrx_word' id='word_1_855' title='bbox 1033 5397 1200 5462; x_wconf 72' lang='lat' dir='ltr'><strong>“Job</strong></span> <span class='ocrx_word' id='word_1_856' title='bbox 1235 5409 1368 5476; x_wconf 84' lang='lat' dir='ltr'><strong>v,7.</strong></span> <span class='ocrx_word' id='word_1_857' title='bbox 1444 5408 1527 5460; x_wconf 69' lang='grc' dir='ltr'><strong>δτι</strong></span> <span class='ocrx_word' id='word_1_858' title='bbox 1570 5397 1696 5464; x_wconf 80' lang='lat' dir='ltr'><strong>Cor.</strong></span> <span class='ocrx_word' id='word_1_859' title='bbox 1735 5421 1820 5469; x_wconf 84' lang='lat' dir='ltr'><strong>xv,</strong></span> <span class='ocrx_word' id='word_1_860' title='bbox 1849 5403 1928 5454; x_wconf 79' lang='lat'><strong>10.</strong></span> <span class='ocrx_word' id='word_1_861' title='bbox 2008 5405 2053 5435; x_wconf 73' lang='grc' dir='ltr'><strong>δ’</strong></span> <span class='ocrx_word' id='word_1_862' title='bbox 2079 5405 2121 5458; x_wconf 84' lang='grc' dir='ltr'><strong>ιι</strong></span> <span class='ocrx_word' id='word_1_863' title='bbox 2148 5407 2272 5459; x_wconf 72' lang='lat' dir='ltr'><strong>eor.</strong></span> <span class='ocrx_word' id='word_1_864' title='bbox 2304 5420 2379 5470; x_wconf 73' lang='lat' dir='ltr'><strong>XI,</strong></span> <span class='ocrx_word' id='word_1_865' title='bbox 2412 5406 2499 5460; x_wconf 74' lang='lat'><strong>25.</strong></span> <span class='ocrx_word' id='word_1_866' title='bbox 2577 5397 2623 5440; x_wconf 60' lang='grc' dir='ltr'><strong>ιι</strong></span> <span class='ocrx_word' id='word_1_867' title='bbox 2652 5410 2780 5465; x_wconf 79' lang='lat' dir='ltr'><strong>Luc.</strong></span> <span class='ocrx_word' id='word_1_868' title='bbox 2812 5427 2919 5474; x_wconf 77' lang='lat' dir='ltr'><strong>xvr,</strong></span> <span class='ocrx_word' id='word_1_869' title='bbox 2954 5412 3036 5466; x_wconf 71' lang='lat'><strong>19.</strong></span> 
     </span>
    </p>
   </div>
   <div class='ocr_carea' id='block_1_112' title="bbox 167 5506 1694 5588">
    <p class='ocr_par' dir='ltr' id='par_1_112' title="bbox 167 5506 1694 5588">
     <span class='ocr_line' id='line_1_112' title="bbox 167 5506 1694 5588; baseline 0.006 -24"><span class='ocrx_word' id='word_1_870' title='bbox 167 5506 390 5588; x_wconf 50' lang='lat' dir='ltr'><strong>Optb‘muu</strong></span> <span class='ocrx_word' id='word_1_871' title='bbox 436 5515 586 5588; x_wconf 83' lang='lat' dir='ltr'><strong>deest</strong></span> <span class='ocrx_word' id='word_1_872' title='bbox 641 5516 692 5571; x_wconf 89' lang='lat' dir='ltr'><strong>in</strong></span> <span class='ocrx_word' id='word_1_873' title='bbox 724 5517 928 5588; x_wconf 53' lang='lat' dir='ltr'><strong>majori</strong></span> <span class='ocrx_word' id='word_1_874' title='bbox 980 5529 1128 5587; x_wconf 86' lang='lat' dir='ltr'><strong>parte</strong></span> <span class='ocrx_word' id='word_1_875' title='bbox 1172 5535 1302 5573; x_wconf 88' lang='lat' dir='ltr'><strong>tnss.</strong></span> <span class='ocrx_word' id='word_1_876' title='bbox 1346 5519 1463 5574; x_wconf 79' lang='lat' dir='ltr'><strong>Mox</strong></span> <span class='ocrx_word' id='word_1_877' title='bbox 1496 5529 1694 5588; x_wconf 85' lang='lat' dir='ltr'><strong>septem</strong></span> 
     </span>
    </p>
   </div>
   <div class='ocr_carea' id='block_1_113' title="bbox 169 5585 1208 5657">
    <p class='ocr_par' dir='ltr' id='par_1_113' title="bbox 169 5585 1208 5657">
     <span class='ocr_line' id='line_1_113' title="bbox 169 5585 1208 5657; baseline 0.016 -32"><span class='ocrx_word' id='word_1_878' title='bbox 169 5591 283 5657; x_wconf 64' lang='lat' dir='ltr'><strong>mss.</strong></span> <span class='ocrx_word' id='word_1_879' title='bbox 309 5585 690 5657; x_wconf 73' lang='grc' dir='ltr'>πολυτίμητον.</span> <span class='ocrx_word' id='word_1_880' title='bbox 724 5587 862 5642; x_wconf 88' lang='lat' dir='ltr'><strong>Editi</strong></span> <span class='ocrx_word' id='word_1_881' title='bbox 897 5585 1208 5657; x_wconf 84' lang='grc' dir='ltr'>πολύτιμον.</span> 
     </span>
    </p>
   </div>
   <div class='ocr_carea' id='block_1_114' title="bbox 231 5653 1695 5723">
    <p class='ocr_par' dir='ltr' id='par_1_114' title="bbox 231 5653 1695 5723">
     <span class='ocr_line' id='line_1_114' title="bbox 231 5653 1695 5723; baseline 0.005 -20"><span class='ocrx_word' id='word_1_882' title='bbox 231 5653 329 5721; x_wconf 79' lang='grc'><strong>(81)</strong></span> <span class='ocrx_word' id='word_1_883' title='bbox 388 5653 854 5723; x_wconf 68' lang='grc' dir='ltr'>Οὑκάνθρωπος,</span> <span class='ocrx_word' id='word_1_884' title='bbox 903 5657 1020 5711; x_wconf 87' lang='lat' dir='ltr'><strong>Non</strong></span> <span class='ocrx_word' id='word_1_885' title='bbox 1080 5653 1252 5713; x_wconf 78' lang='lat' dir='ltr'><strong>homo.</strong></span> <span class='ocrx_word' id='word_1_886' title='bbox 1309 5658 1416 5714; x_wconf 88' lang='lat' dir='ltr'><strong>Hoc</strong></span> <span class='ocrx_word' id='word_1_887' title='bbox 1449 5667 1550 5723; x_wconf 86' lang='lat' dir='ltr'><strong>est,</strong></span> <span class='ocrx_word' id='word_1_888' title='bbox 1595 5675 1695 5712; x_wconf 86' lang='lat' dir='ltr'><strong>non</strong></span> 
     </span>
    </p>
   </div>
   <div class='ocr_carea' id='block_1_115' title="bbox 169 5713 1051 5795">
    <p class='ocr_par' dir='ltr' id='par_1_115' title="bbox 169 5713 1051 5795">
     <span class='ocr_line' id='line_1_115' title="bbox 169 5713 1051 5795; baseline 0.018 -29"><span class='ocrx_word' id='word_1_889' title='bbox 169 5713 563 5795; x_wconf 56' lang='lat' dir='ltr'><strong>ltonto&#39;simplex,</strong></span> <span class='ocrx_word' id='word_1_890' title='bbox 595 5713 684 5779; x_wconf 58' lang='lat' dir='ltr'><strong>sc&#39;d</strong></span> <span class='ocrx_word' id='word_1_891' title='bbox 709 5713 853 5781; x_wconf 71' lang='lat' dir='ltr'><strong>Betis</strong></span> <span class='ocrx_word' id='word_1_892' title='bbox 882 5728 1051 5782; x_wconf 83' lang='lat' dir='ltr'><strong>homo.</strong></span> 
     </span>
    </p>
   </div>
   <div class='ocr_carea' id='block_1_116' title="bbox 1875 5515 3347 5597">
    <p class='ocr_par' dir='ltr' id='par_1_116' title="bbox 1875 5515 3347 5597">
     <span class='ocr_line' id='line_1_116' title="bbox 1875 5515 3347 5597; baseline 0.014 -28"><span class='ocrx_word' id='word_1_893' title='bbox 1875 5515 1990 5597; x_wconf 46' lang='lat'><strong>(821</strong></span> <span class='ocrx_word' id='word_1_894' title='bbox 2012 5519 2187 5597; x_wconf 74' lang='lat' dir='ltr'><strong>Editio</strong></span> <span class='ocrx_word' id='word_1_895' title='bbox 2231 5518 2397 5597; x_wconf 52' lang='lat' dir='ltr'><strong>Bas&quot;:</strong></span> <span class='ocrx_word' id='word_1_896' title='bbox 2424 5537 2544 5575; x_wconf 89' lang='lat' dir='ltr'><strong>cum</strong></span> <span class='ocrx_word' id='word_1_897' title='bbox 2589 5540 2717 5578; x_wconf 91' lang='lat' dir='ltr'><strong>mss.</strong></span> <span class='ocrx_word' id='word_1_898' title='bbox 2745 5526 2931 5594; x_wconf 83' lang='grc' dir='ltr'>χρείαν</span> <span class='ocrx_word' id='word_1_899' title='bbox 2976 5526 3149 5597; x_wconf 62' lang='grc' dir='ltr'>ἔσχεν.</span> <span class='ocrx_word' id='word_1_900' title='bbox 3182 5533 3347 5590; x_wconf 82' lang='lat' dir='ltr'><strong>Editiu</strong></span> 
     </span>
    </p>
   </div>
   <div class='ocr_carea' id='block_1_117' title="bbox 1803 5589 2530 5660">
    <p class='ocr_par' dir='ltr' id='par_1_117' title="bbox 1803 5589 2530 5660">
     <span class='ocr_line' id='line_1_117' title="bbox 1803 5589 2530 5660; baseline 0.006 -21"><span class='ocrx_word' id='word_1_901' title='bbox 1803 5589 2123 5660; x_wconf 76' lang='lat' dir='ltr'><strong>veru_Pa_ris.</strong></span> <span class='ocrx_word' id='word_1_902' title='bbox 2156 5589 2340 5659; x_wconf 82' lang='grc' dir='ltr'>χρείαν</span> <span class='ocrx_word' id='word_1_903' title='bbox 2375 5591 2530 5660; x_wconf 80' lang='grc' dir='ltr'>ἔχων.</span> 
     </span>
    </p>
   </div>
   <div class='ocr_carea' id='block_1_118' title="bbox 1872 5656 3239 5738">
    <p class='ocr_par' dir='ltr' id='par_1_118' title="bbox 1872 5656 3239 5738">
     <span class='ocr_line' id='line_1_118' title="bbox 1872 5656 3239 5738; baseline 0.014 -32"><span class='ocrx_word' id='word_1_904' title='bbox 2012 5656 2356 5738; x_wconf 40' lang='lat' dir='ltr'><strong>Ita-quinque</strong></span> <span class='ocrx_word' id='word_1_905' title='bbox 2387 5656 2513 5738; x_wconf 70' lang='lat' dir='ltr'><strong>niss.</strong></span> <span class='ocrx_word' id='word_1_906' title='bbox 2553 5662 2687 5738; x_wconf 81' lang='lat' dir='ltr'><strong>Editi</strong></span> <span class='ocrx_word' id='word_1_907' title='bbox 2725 5680 2846 5719; x_wconf 89' lang='lat' dir='ltr'><strong>vero</strong></span> <span class='ocrx_word' id='word_1_908' title='bbox 2875 5667 2930 5719; x_wconf 75' lang='grc' dir='ltr'>ἐν</span> <span class='ocrx_word' id='word_1_909' title='bbox 2957 5666 3032 5738; x_wconf 82' lang='grc' dir='ltr'>τῷ</span> <span class='ocrx_word' id='word_1_910' title='bbox 3059 5671 3239 5725; x_wconf 74' lang='grc' dir='ltr'>αὑτοῦ.</span> 
     </span>
    </p>
   </div>
   <div class='ocr_carea' id='block_1_119' title="bbox 1877 5725 2798 5803">
    <p class='ocr_par' dir='ltr' id='par_1_119' title="bbox 1877 5725 2798 5803">
     <span class='ocr_line' id='line_1_119' title="bbox 1877 5725 2798 5803; baseline 0.008 -23"><span class='ocrx_word' id='word_1_911' title='bbox 1877 5725 1987 5798; x_wconf 72' lang='grc'>(84)</span> <span class='ocrx_word' id='word_1_912' title='bbox 2009 5725 2169 5784; x_wconf 87' lang='lat' dir='ltr'><strong>Coisl.</strong></span> <span class='ocrx_word' id='word_1_913' title='bbox 2205 5725 2389 5783; x_wconf 74' lang='grc' dir='ltr'><strong>Ὀὀῦν</strong></span> <span class='ocrx_word' id='word_1_914' title='bbox 2423 5730 2798 5803; x_wconf 83' lang='grc' dir='ltr'>λυτρούμενος.</span> 
     </span>
    </p>
   </div>
  </div>
