  <div class='ocr_page' id='page_1' title='image "/cluster/home/n/w/nwhite01/storage/ocr_20150623/29/pst.000005712274/625.png"; bbox 0 0 4068 6318; ppageno 0'>
   <div class='ocr_carea' id='block_1_1' title="bbox 669 358 773 412">
    <p class='ocr_par' dir='ltr' id='par_1_1' title="bbox 669 358 773 412">
     <span class='ocr_line' id='line_1_1' title="bbox 669 358 773 412; baseline 0.019 -2"><span class='ocrx_word' id='word_1_1' title='bbox 669 358 773 412; x_wconf 72' lang='grc'><strong>445</strong></span> 
     </span>
    </p>
   </div>
   <div class='ocr_carea' id='block_1_2' title="bbox 1999 359 2589 415">
    <p class='ocr_par' dir='ltr' id='par_1_2' title="bbox 1999 359 2589 415">
     <span class='ocr_line' id='line_1_2' title="bbox 1999 359 2589 415; baseline 0 -1"><span class='ocrx_word' id='word_1_2' title='bbox 1999 359 2054 414; x_wconf 94' lang='lat' dir='ltr'><strong>S.</strong></span> <span class='ocrx_word' id='word_1_3' title='bbox 2097 360 2336 414; x_wconf 79' lang='lat' dir='ltr'><strong>BASILII</strong></span> <span class='ocrx_word' id='word_1_4' title='bbox 2373 362 2589 415; x_wconf 75' lang='lat' dir='ltr'><strong>MAGNI</strong></span> 
     </span>
    </p>
   </div>
   <div class='ocr_carea' id='block_1_3' title="bbox 3807 382 3900 436">
    <p class='ocr_par' dir='ltr' id='par_1_3' title="bbox 3807 382 3900 436">
     <span class='ocr_line' id='line_1_3' title="bbox 3807 382 3900 436; baseline 0.022 -2"><span class='ocrx_word' id='word_1_5' title='bbox 3807 382 3900 436; x_wconf 66' lang='lat' dir='ltr'><strong>Ui</strong></span> 
     </span>
    </p>
   </div>
   <div class='ocr_carea' id='block_1_4' title="bbox 668 469 2226 562">
    <p class='ocr_par' dir='ltr' id='par_1_4' title="bbox 668 469 2226 546">
     <span class='ocr_line' id='line_1_4' title="bbox 668 469 2226 546; baseline 0.004 -22"><span class='ocrx_word' id='word_1_6' title='bbox 668 481 782 526; x_wconf 85' lang='lat' dir='ltr'><strong>tute</strong></span> <span class='ocrx_word' id='word_1_7' title='bbox 811 469 1101 534; x_wconf 88' lang='lat' dir='ltr'><strong>desudarit,</strong></span> <span class='ocrx_word' id='word_1_8' title='bbox 1131 471 1288 542; x_wconf 71' lang='lat'><strong>182</strong></span> <span class='ocrx_word' id='word_1_9' title='bbox 1326 473 1523 542; x_wconf 83' lang='lat' dir='ltr'><strong>quique</strong></span> <span class='ocrx_word' id='word_1_10' title='bbox 1550 513 1565 539; x_wconf 91' lang='lat'><strong>,</strong></span> <span class='ocrx_word' id='word_1_11' title='bbox 1601 483 1660 528; x_wconf 91' lang='lat' dir='ltr'><strong>ut</strong></span> <span class='ocrx_word' id='word_1_12' title='bbox 1692 489 1810 529; x_wconf 87' lang='lat' dir='ltr'><strong>eam</strong></span> <span class='ocrx_word' id='word_1_13' title='bbox 1841 486 2226 546; x_wconf 73' lang='lat' dir='ltr'><strong>assequeretur,</strong></span> 
     </span>
    </p>
   </div>
   <div class='ocr_carea' id='block_1_5' title="bbox 2329 469 3902 562">
    <p class='ocr_par' dir='ltr' id='par_1_5' title="bbox 2339 476 3902 562">
     <span class='ocr_line' id='line_1_5' title="bbox 2339 476 3902 562; baseline 0.013 -35"><span class='ocrx_word' id='word_1_14' title='bbox 2339 476 2480 546; x_wconf 85' lang='grc' dir='ltr'>ὑπὲρ</span> <span class='ocrx_word' id='word_1_15' title='bbox 2527 477 2627 546; x_wconf 84' lang='grc' dir='ltr'>τῆς</span> <span class='ocrx_word' id='word_1_16' title='bbox 2671 477 2870 550; x_wconf 81' lang='grc' dir='ltr'>ἀρετῆς</span> <span class='ocrx_word' id='word_1_17' title='bbox 2899 482 3103 551; x_wconf 86' lang='grc' dir='ltr'>ἀγῶσιν</span> <span class='ocrx_word' id='word_1_18' title='bbox 3149 486 3460 559; x_wconf 84' lang='grc' dir='ltr'>ὲνιδρώσας,</span> <span class='ocrx_word' id='word_1_19' title='bbox 3498 491 3591 544; x_wconf 79' lang='grc' dir='ltr'><strong>καὶ</strong></span> <span class='ocrx_word' id='word_1_20' title='bbox 3624 491 3770 562; x_wconf 57' lang='grc' dir='ltr'><strong>ὑτέρ</strong></span> <span class='ocrx_word' id='word_1_21' title='bbox 3814 498 3902 547; x_wconf 57' lang='lat' dir='ltr'><strong>ra}</strong></span> 
     </span>
    </p>
   </div>
   <div class='ocr_carea' id='block_1_6' title="bbox 671 562 2233 632">
    <p class='ocr_par' dir='ltr' id='par_1_6' title="bbox 671 562 2233 632">
     <span class='ocr_line' id='line_1_6' title="bbox 671 562 2233 632; baseline 0.004 -18"><span class='ocrx_word' id='word_1_22' title='bbox 671 562 944 616; x_wconf 85' lang='lat' dir='ltr'><strong>laboribus</strong></span> <span class='ocrx_word' id='word_1_23' title='bbox 993 563 1236 631; x_wconf 85' lang='lat' dir='ltr'><strong>pluribus</strong></span> <span class='ocrx_word' id='word_1_24' title='bbox 1270 573 1508 620; x_wconf 86' lang='lat' dir='ltr'><strong>tentatus</strong></span> <span class='ocrx_word' id='word_1_25' title='bbox 1559 565 1757 632; x_wconf 83' lang='lat' dir='ltr'><strong>fuerit,</strong></span> <span class='ocrx_word' id='word_1_26' title='bbox 1789 567 2034 621; x_wconf 86' lang='lat' dir='ltr'><strong>victurus</strong></span> <span class='ocrx_word' id='word_1_27' title='bbox 2072 579 2152 621; x_wconf 90' lang='lat' dir='ltr'><strong>est</strong></span> <span class='ocrx_word' id='word_1_28' title='bbox 2182 569 2233 621; x_wconf 91' lang='lat' dir='ltr'><strong>in</strong></span> 
     </span>
    </p>
   </div>
   <div class='ocr_carea' id='block_1_7' title="bbox 672 652 2237 725">
    <p class='ocr_par' dir='ltr' id='par_1_7' title="bbox 672 652 2237 725">
     <span class='ocr_line' id='line_1_7' title="bbox 672 652 2237 725; baseline 0.003 -21"><span class='ocrx_word' id='word_1_29' title='bbox 672 652 854 718; x_wconf 81' lang='lat' dir='ltr'><strong>linem,</strong></span> <span class='ocrx_word' id='word_1_30' title='bbox 878 653 1026 708; x_wconf 81' lang='lat' dir='ltr'><strong>velut</strong></span> <span class='ocrx_word' id='word_1_31' title='bbox 1069 655 1157 708; x_wconf 90' lang='lat' dir='ltr'><strong>ille</strong></span> <span class='ocrx_word' id='word_1_32' title='bbox 1191 655 1301 721; x_wconf 81' lang='lat' dir='ltr'><strong>ipse</strong></span> <span class='ocrx_word' id='word_1_33' title='bbox 1326 657 1418 725; x_wconf 90' lang='lat' dir='ltr'><strong>qui</strong></span> <span class='ocrx_word' id='word_1_34' title='bbox 1465 657 1691 710; x_wconf 91' lang='lat' dir='ltr'><strong>multum</strong></span> <span class='ocrx_word' id='word_1_35' title='bbox 1726 657 1986 710; x_wconf 72' lang='lat' dir='ltr'><strong>laboravit</strong></span> <span class='ocrx_word' id='word_1_36' title='bbox 2017 657 2070 710; x_wconf 94' lang='lat' dir='ltr'><strong>in</strong></span> <span class='ocrx_word' id='word_1_37' title='bbox 2107 656 2237 710; x_wconf 77' lang='lat' dir='ltr'><strong>allli-</strong></span> 
     </span>
    </p>
   </div>
   <div class='ocr_carea' id='block_1_8' title="bbox 667 745 2239 817">
    <p class='ocr_par' dir='ltr' id='par_1_8' title="bbox 667 745 2239 817">
     <span class='ocr_line' id='line_1_8' title="bbox 667 745 2239 817; baseline 0.004 -19"><span class='ocrx_word' id='word_1_38' title='bbox 667 745 937 800; x_wconf 83' lang='lat' dir='ltr'><strong>etionibus</strong></span> <span class='ocrx_word' id='word_1_39' title='bbox 958 745 1198 799; x_wconf 86' lang='lat' dir='ltr'><strong>Lazarus</strong></span> <span class='ocrx_word' id='word_1_40' title='bbox 1219 748 1297 804; x_wconf 76' lang='lat' dir='ltr'><strong>“z</strong></span> <span class='ocrx_word' id='word_1_41' title='bbox 1325 747 1464 800; x_wconf 87' lang='lat' dir='ltr'><strong>velut</strong></span> <span class='ocrx_word' id='word_1_42' title='bbox 1491 749 1580 802; x_wconf 91' lang='lat' dir='ltr'><strong>ille</strong></span> <span class='ocrx_word' id='word_1_43' title='bbox 1604 749 1718 817; x_wconf 91' lang='lat' dir='ltr'><strong>ipse</strong></span> <span class='ocrx_word' id='word_1_44' title='bbox 1739 749 1824 814; x_wconf 90' lang='lat' dir='ltr'><strong>qui</strong></span> <span class='ocrx_word' id='word_1_45' title='bbox 1862 751 1912 802; x_wconf 92' lang='lat' dir='ltr'><strong>in</strong></span> <span class='ocrx_word' id='word_1_46' title='bbox 1937 752 2239 806; x_wconf 87' lang='lat' dir='ltr'><strong>certamini-</strong></span> 
     </span>
    </p>
   </div>
   <div class='ocr_carea' id='block_1_9' title="bbox 672 835 2236 904">
    <p class='ocr_par' dir='ltr' id='par_1_9' title="bbox 672 835 2236 904">
     <span class='ocr_line' id='line_1_9' title="bbox 672 835 2236 904; baseline 0.004 -18"><span class='ocrx_word' id='word_1_47' title='bbox 672 835 769 888; x_wconf 88' lang='lat' dir='ltr'><strong>bus</strong></span> <span class='ocrx_word' id='word_1_48' title='bbox 792 845 978 887; x_wconf 87' lang='lat' dir='ltr'><strong>contra</strong></span> <span class='ocrx_word' id='word_1_49' title='bbox 1005 836 1368 888; x_wconf 88' lang='lat' dir='ltr'><strong>adversarium</strong></span> <span class='ocrx_word' id='word_1_50' title='bbox 1403 835 1648 891; x_wconf 79' lang='lat' dir='ltr'><strong>defessus</strong></span> <span class='ocrx_word' id='word_1_51' title='bbox 1676 847 1756 890; x_wconf 86' lang='lat' dir='ltr'><strong>est</strong></span> <span class='ocrx_word' id='word_1_52' title='bbox 1775 835 1956 891; x_wconf 84' lang='lat' dir='ltr'><strong>Jobus.</strong></span> <span class='ocrx_word' id='word_1_53' title='bbox 1978 837 2236 904; x_wconf 84' lang='lat' dir='ltr'><strong>lbienim,</strong></span> 
     </span>
    </p>
   </div>
   <div class='ocr_carea' id='block_1_10' title="bbox 671 926 2240 996">
    <p class='ocr_par' dir='ltr' id='par_1_10' title="bbox 671 926 2240 996">
     <span class='ocr_line' id='line_1_10' title="bbox 671 926 2240 996; baseline 0.006 -21"><span class='ocrx_word' id='word_1_54' title='bbox 671 926 862 993; x_wconf 86' lang='lat' dir='ltr'><strong>inquit.</strong></span> <span class='ocrx_word' id='word_1_55' title='bbox 890 927 1238 993; x_wconf 85' lang='lat' dir='ltr'><strong>requievernnt</strong></span> <span class='ocrx_word' id='word_1_56' title='bbox 1267 927 1388 994; x_wconf 82' lang='lat' dir='ltr'><strong>fessi</strong></span> <span class='ocrx_word' id='word_1_57' title='bbox 1410 929 1474 983; x_wconf 84' lang='grc'>⁶¹.</span> <span class='ocrx_word' id='word_1_58' title='bbox 1499 928 1834 996; x_wconf 77' lang='lat' dir='ltr'><strong>Quapropter</strong></span> <span class='ocrx_word' id='word_1_59' title='bbox 1860 930 2021 984; x_wconf 88' lang='lat' dir='ltr'><strong>etiam</strong></span> <span class='ocrx_word' id='word_1_60' title='bbox 2061 930 2240 985; x_wconf 86' lang='lat' dir='ltr'><strong>Domi-</strong></span> 
     </span>
    </p>
   </div>
   <div class='ocr_carea' id='block_1_11' title="bbox 673 1019 2239 1090">
    <p class='ocr_par' dir='ltr' id='par_1_11' title="bbox 673 1019 2239 1090">
     <span class='ocr_line' id='line_1_11' title="bbox 673 1019 2239 1090; baseline 0.004 -20"><span class='ocrx_word' id='word_1_61' title='bbox 673 1020 882 1084; x_wconf 64' lang='lat' dir='ltr'><strong>nusjeos</strong></span> <span class='ocrx_word' id='word_1_62' title='bbox 903 1019 992 1086; x_wconf 90' lang='lat' dir='ltr'><strong>qui</strong></span> <span class='ocrx_word' id='word_1_63' title='bbox 1019 1019 1264 1072; x_wconf 78' lang='lat' dir='ltr'><strong>laborant</strong></span> <span class='ocrx_word' id='word_1_64' title='bbox 1291 1034 1354 1073; x_wconf 91' lang='lat' dir='ltr'><strong>ac</strong></span> <span class='ocrx_word' id='word_1_65' title='bbox 1387 1021 1591 1074; x_wconf 87' lang='lat' dir='ltr'><strong>onerati</strong></span> <span class='ocrx_word' id='word_1_66' title='bbox 1634 1034 1779 1087; x_wconf 90' lang='lat' dir='ltr'><strong>sunt,</strong></span> <span class='ocrx_word' id='word_1_67' title='bbox 1799 1024 1863 1075; x_wconf 87' lang='lat' dir='ltr'><strong>ad</strong></span> <span class='ocrx_word' id='word_1_68' title='bbox 1894 1025 2134 1090; x_wconf 86' lang='lat' dir='ltr'><strong>requiem</strong></span> <span class='ocrx_word' id='word_1_69' title='bbox 2158 1023 2239 1076; x_wconf 84' lang='lat' dir='ltr'><strong>in-</strong></span> 
     </span>
    </p>
   </div>
   <div class='ocr_carea' id='block_1_12' title="bbox 670 1110 2239 1183">
    <p class='ocr_par' dir='ltr' id='par_1_12' title="bbox 670 1110 2239 1183">
     <span class='ocr_line' id='line_1_12' title="bbox 670 1110 2239 1183; baseline 0.005 -23"><span class='ocrx_word' id='word_1_70' title='bbox 670 1110 804 1163; x_wconf 78' lang='lat' dir='ltr'><strong>vitat</strong></span> <span class='ocrx_word' id='word_1_71' title='bbox 833 1111 899 1164; x_wconf 82' lang='lat'><strong>“.</strong></span> <span class='ocrx_word' id='word_1_72' title='bbox 921 1111 1202 1175; x_wconf 81' lang='lat' dir='ltr'><strong>Quomodo</strong></span> <span class='ocrx_word' id='word_1_73' title='bbox 1249 1112 1412 1179; x_wconf 79' lang='lat' dir='ltr'><strong>igitur</strong></span> <span class='ocrx_word' id='word_1_74' title='bbox 1440 1113 1527 1180; x_wconf 92' lang='lat' dir='ltr'><strong>qui</strong></span> <span class='ocrx_word' id='word_1_75' title='bbox 1563 1114 1614 1165; x_wconf 91' lang='lat' dir='ltr'><strong>in</strong></span> <span class='ocrx_word' id='word_1_76' title='bbox 1641 1112 1792 1167; x_wconf 90' lang='lat' dir='ltr'><strong>bonis</strong></span> <span class='ocrx_word' id='word_1_77' title='bbox 1809 1115 2062 1183; x_wconf 85' lang='lat' dir='ltr'><strong>operibus</strong></span> <span class='ocrx_word' id='word_1_78' title='bbox 2091 1114 2239 1168; x_wconf 87' lang='lat' dir='ltr'><strong>labo-</strong></span> 
     </span>
    </p>
   </div>
   <div class='ocr_carea' id='block_1_13' title="bbox 671 1203 2234 1276">
    <p class='ocr_par' dir='ltr' id='par_1_13' title="bbox 671 1203 2234 1276">
     <span class='ocr_line' id='line_1_13' title="bbox 671 1203 2234 1276; baseline 0.003 -23"><span class='ocrx_word' id='word_1_79' title='bbox 671 1212 815 1265; x_wconf 88' lang='lat' dir='ltr'><strong>rant,</strong></span> <span class='ocrx_word' id='word_1_80' title='bbox 837 1203 1089 1257; x_wconf 80' lang='lat' dir='ltr'><strong>dicuntur</strong></span> <span class='ocrx_word' id='word_1_81' title='bbox 1108 1205 1360 1257; x_wconf 83' lang='lat' dir='ltr'><strong>onerati?</strong></span> <span class='ocrx_word' id='word_1_82' title='bbox 1387 1204 1518 1270; x_wconf 82' lang='lat' dir='ltr'><strong>Quia</strong></span> <span class='ocrx_word' id='word_1_83' title='bbox 1538 1204 1733 1259; x_wconf 82' lang='lat' dir='ltr'><strong>Euntes</strong></span> <span class='ocrx_word' id='word_1_84' title='bbox 1765 1207 1912 1259; x_wconf 84' lang='lat' dir='ltr'><strong>ibant</strong></span> <span class='ocrx_word' id='word_1_85' title='bbox 1937 1218 1982 1260; x_wconf 88' lang='lat' dir='ltr'><strong>et</strong></span> <span class='ocrx_word' id='word_1_86' title='bbox 2017 1208 2234 1276; x_wconf 80' lang='lat' dir='ltr'><strong>ﬂebant,</strong></span> 
     </span>
    </p>
   </div>
   <div class='ocr_carea' id='block_1_14' title="bbox 679 1296 2234 1364">
    <p class='ocr_par' dir='ltr' id='par_1_14' title="bbox 679 1296 2234 1364">
     <span class='ocr_line' id='line_1_14' title="bbox 679 1296 2234 1364; baseline 0.001 -17"><span class='ocrx_word' id='word_1_87' title='bbox 679 1296 934 1364; x_wconf 81' lang='lat' dir='ltr'><strong>mittentes</strong></span> <span class='ocrx_word' id='word_1_88' title='bbox 981 1299 1176 1348; x_wconf 82' lang='lat' dir='ltr'><strong>semina</strong></span> <span class='ocrx_word' id='word_1_89' title='bbox 1207 1313 1302 1349; x_wconf 84' lang='lat' dir='ltr'><strong>sua</strong></span> <span class='ocrx_word' id='word_1_90' title='bbox 1335 1299 1634 1351; x_wconf 81' lang='lat' dir='ltr'><strong>:venientes</strong></span> <span class='ocrx_word' id='word_1_91' title='bbox 1664 1306 1837 1350; x_wconf 87' lang='lat' dir='ltr'><strong>autem</strong></span> <span class='ocrx_word' id='word_1_92' title='bbox 1884 1300 2082 1352; x_wconf 82' lang='lat' dir='ltr'><strong>venient</strong></span> <span class='ocrx_word' id='word_1_93' title='bbox 2120 1314 2234 1352; x_wconf 87' lang='lat' dir='ltr'><strong>cum</strong></span> 
     </span>
    </p>
   </div>
   <div class='ocr_carea' id='block_1_15' title="bbox 669 1385 2236 1460">
    <p class='ocr_par' dir='ltr' id='par_1_15' title="bbox 669 1385 2236 1460">
     <span class='ocr_line' id='line_1_15' title="bbox 669 1385 2236 1460; baseline 0.003 -21"><span class='ocrx_word' id='word_1_94' title='bbox 669 1385 1035 1453; x_wconf 70' lang='lat' dir='ltr'><strong>exsultatione,</strong></span> <span class='ocrx_word' id='word_1_95' title='bbox 1053 1397 1318 1453; x_wconf 79' lang='lat' dir='ltr'><strong>portantes</strong></span> <span class='ocrx_word' id='word_1_96' title='bbox 1339 1389 1632 1459; x_wconf 76' lang='lat' dir='ltr'><strong>manipulos</strong></span> <span class='ocrx_word' id='word_1_97' title='bbox 1650 1405 1768 1441; x_wconf 82' lang='lat' dir='ltr'><strong>suos</strong></span> <span class='ocrx_word' id='word_1_98' title='bbox 1784 1389 1828 1420; x_wconf 77' lang='lat'>“</span> <span class='ocrx_word' id='word_1_99' title='bbox 1846 1388 2105 1445; x_wconf 81' lang='lat' dir='ltr'><strong>fructibus</strong></span> <span class='ocrx_word' id='word_1_100' title='bbox 2131 1392 2236 1460; x_wconf 89' lang='lat' dir='ltr'><strong>ple-</strong></span> 
     </span>
    </p>
   </div>
   <div class='ocr_carea' id='block_1_16' title="bbox 671 1478 2226 1549">
    <p class='ocr_par' dir='ltr' id='par_1_16' title="bbox 671 1478 2226 1549">
     <span class='ocr_line' id='line_1_16' title="bbox 671 1478 2226 1549; baseline 0.001 -19"><span class='ocrx_word' id='word_1_101' title='bbox 671 1478 905 1546; x_wconf 86' lang='lat' dir='ltr'><strong>nos,qui</strong></span> <span class='ocrx_word' id='word_1_102' title='bbox 949 1493 1044 1546; x_wconf 91' lang='lat' dir='ltr'><strong>pro</strong></span> <span class='ocrx_word' id='word_1_103' title='bbox 1087 1479 1291 1533; x_wconf 85' lang='lat' dir='ltr'><strong>ratione</strong></span> <span class='ocrx_word' id='word_1_104' title='bbox 1336 1495 1520 1535; x_wconf 90' lang='lat' dir='ltr'><strong>eorum</strong></span> <span class='ocrx_word' id='word_1_105' title='bbox 1561 1495 1678 1548; x_wconf 83' lang='lat' dir='ltr'><strong>quae</strong></span> <span class='ocrx_word' id='word_1_106' title='bbox 1725 1491 1838 1535; x_wconf 84' lang='lat' dir='ltr'><strong>sata</strong></span> <span class='ocrx_word' id='word_1_107' title='bbox 1877 1482 2052 1546; x_wconf 83' lang='lat' dir='ltr'><strong>luere,</strong></span> <span class='ocrx_word' id='word_1_108' title='bbox 2095 1482 2226 1549; x_wconf 88' lang='lat' dir='ltr'><strong>ipsis</strong></span> 
     </span>
    </p>
   </div>
   <div class='ocr_carea' id='block_1_17' title="bbox 673 1570 2232 1640">
    <p class='ocr_par' dir='ltr' id='par_1_17' title="bbox 673 1570 2232 1640">
     <span class='ocr_line' id='line_1_17' title="bbox 673 1570 2232 1640; baseline 0.001 -16"><span class='ocrx_word' id='word_1_109' title='bbox 673 1571 864 1624; x_wconf 87' lang='lat' dir='ltr'><strong>redditi</strong></span> <span class='ocrx_word' id='word_1_110' title='bbox 893 1579 1033 1624; x_wconf 94' lang='lat' dir='ltr'><strong>sunt.</strong></span> <span class='ocrx_word' id='word_1_111' title='bbox 1053 1570 1269 1628; x_wconf 82' lang='lat' dir='ltr'><strong>Onerati</strong></span> <span class='ocrx_word' id='word_1_112' title='bbox 1291 1571 1468 1640; x_wconf 79' lang='lat' dir='ltr'><strong>itaque</strong></span> <span class='ocrx_word' id='word_1_113' title='bbox 1483 1571 1755 1637; x_wconf 91' lang='lat' dir='ltr'><strong>dicuntur,</strong></span> <span class='ocrx_word' id='word_1_114' title='bbox 1775 1572 1886 1640; x_wconf 87' lang='lat' dir='ltr'><strong>qui,</strong></span> <span class='ocrx_word' id='word_1_115' title='bbox 1906 1573 2046 1640; x_wconf 90' lang='lat' dir='ltr'><strong>quod</strong></span> <span class='ocrx_word' id='word_1_116' title='bbox 2067 1571 2232 1625; x_wconf 87' lang='lat' dir='ltr'><strong>semi-</strong></span> 
     </span>
    </p>
   </div>
   <div class='ocr_carea' id='block_1_18' title="bbox 671 1663 2235 1727">
    <p class='ocr_par' dir='ltr' id='par_1_18' title="bbox 671 1663 2235 1727">
     <span class='ocr_line' id='line_1_18' title="bbox 671 1663 2235 1727; baseline -0.003 -10"><span class='ocrx_word' id='word_1_117' title='bbox 671 1664 932 1717; x_wconf 88' lang='lat' dir='ltr'><strong>naruntin</strong></span> <span class='ocrx_word' id='word_1_118' title='bbox 952 1663 1435 1727; x_wconf 84' lang='lat' dir='ltr'><strong>benedictionibus,</strong></span> <span class='ocrx_word' id='word_1_119' title='bbox 1455 1663 1520 1716; x_wconf 89' lang='lat' dir='ltr'><strong>de</strong></span> <span class='ocrx_word' id='word_1_120' title='bbox 1545 1663 2005 1718; x_wconf 85' lang='lat' dir='ltr'><strong>benedictionibus</strong></span> <span class='ocrx_word' id='word_1_121' title='bbox 2034 1673 2089 1716; x_wconf 88' lang='lat' dir='ltr'><strong>et</strong></span> <span class='ocrx_word' id='word_1_122' title='bbox 2120 1675 2235 1714; x_wconf 90' lang='lat' dir='ltr'><strong>mc-</strong></span> 
     </span>
    </p>
   </div>
   <div class='ocr_carea' id='block_1_19' title="bbox 673 1751 2239 1832">
    <p class='ocr_par' dir='ltr' id='par_1_19' title="bbox 673 1751 2239 1832">
     <span class='ocr_line' id='line_1_19' title="bbox 673 1751 2239 1832; baseline -0.001 -28"><span class='ocrx_word' id='word_1_123' title='bbox 673 1754 868 1817; x_wconf 80' lang='lat' dir='ltr'><strong>tunt“,</strong></span> <span class='ocrx_word' id='word_1_124' title='bbox 886 1763 1081 1807; x_wconf 87' lang='lat' dir='ltr'><strong>etcum</strong></span> <span class='ocrx_word' id='word_1_125' title='bbox 1104 1754 1284 1806; x_wconf 59' lang='lat' dir='ltr'><strong>latitia</strong></span> <span class='ocrx_word' id='word_1_126' title='bbox 1311 1754 1628 1823; x_wconf 88' lang='lat' dir='ltr'><strong>sempiterna</strong></span> <span class='ocrx_word' id='word_1_127' title='bbox 1660 1753 1959 1820; x_wconf 87' lang='lat' dir='ltr'><strong>manipulos</strong></span> <span class='ocrx_word' id='word_1_128' title='bbox 1985 1751 2239 1832; x_wconf 73' lang='lat' dir='ltr'><strong>spiritua-</strong></span> 
     </span>
    </p>
   </div>
   <div class='ocr_carea' id='block_1_20' title="bbox 671 1844 2234 1914">
    <p class='ocr_par' dir='ltr' id='par_1_20' title="bbox 671 1844 2234 1914">
     <span class='ocr_line' id='line_1_20' title="bbox 671 1844 2234 1914; baseline -0.001 -17"><span class='ocrx_word' id='word_1_129' title='bbox 671 1845 800 1897; x_wconf 89' lang='lat' dir='ltr'><strong>lium</strong></span> <span class='ocrx_word' id='word_1_130' title='bbox 837 1844 1108 1898; x_wconf 82' lang='lat' dir='ltr'><strong>fructuum</strong></span> <span class='ocrx_word' id='word_1_131' title='bbox 1144 1845 1243 1898; x_wconf 91' lang='lat' dir='ltr'><strong>sibi</strong></span> <span class='ocrx_word' id='word_1_132' title='bbox 1270 1846 1396 1914; x_wconf 90' lang='lat' dir='ltr'><strong>ipsis</strong></span> <span class='ocrx_word' id='word_1_133' title='bbox 1425 1855 1706 1914; x_wconf 89' lang='lat' dir='ltr'><strong>reponunt.</strong></span> <span class='ocrx_word' id='word_1_134' title='bbox 1731 1845 1832 1909; x_wconf 87' lang='lat' dir='ltr'><strong>Qui</strong></span> <span class='ocrx_word' id='word_1_135' title='bbox 1863 1857 1991 1913; x_wconf 83' lang='lat' dir='ltr'><strong>ergo</strong></span> <span class='ocrx_word' id='word_1_136' title='bbox 2024 1844 2234 1896; x_wconf 92' lang='lat' dir='ltr'><strong>redem-</strong></span> 
     </span>
    </p>
   </div>
   <div class='ocr_carea' id='block_1_21' title="bbox 672 1933 2237 2004">
    <p class='ocr_par' dir='ltr' id='par_1_21' title="bbox 672 1933 2237 2004">
     <span class='ocr_line' id='line_1_21' title="bbox 672 1933 2237 2004; baseline 0.001 -17"><span class='ocrx_word' id='word_1_137' title='bbox 672 1945 798 2003; x_wconf 89' lang='lat' dir='ltr'><strong>ptus</strong></span> <span class='ocrx_word' id='word_1_138' title='bbox 819 1944 900 1987; x_wconf 89' lang='lat' dir='ltr'><strong>est</strong></span> <span class='ocrx_word' id='word_1_139' title='bbox 928 1949 1026 2002; x_wconf 83' lang='lat' dir='ltr'><strong>per</strong></span> <span class='ocrx_word' id='word_1_140' title='bbox 1054 1935 1239 1999; x_wconf 87' lang='lat' dir='ltr'><strong>Deum,</strong></span> <span class='ocrx_word' id='word_1_141' title='bbox 1266 1937 1352 2002; x_wconf 87' lang='lat' dir='ltr'><strong>qui</strong></span> <span class='ocrx_word' id='word_1_142' title='bbox 1383 1950 1478 2004; x_wconf 93' lang='lat' dir='ltr'><strong>pro</strong></span> <span class='ocrx_word' id='word_1_143' title='bbox 1511 1949 1575 1988; x_wconf 89' lang='lat' dir='ltr'><strong>eo</strong></span> <span class='ocrx_word' id='word_1_144' title='bbox 1612 1935 1758 1988; x_wconf 85' lang='lat' dir='ltr'><strong>dedit</strong></span> <span class='ocrx_word' id='word_1_145' title='bbox 1785 1933 2162 2002; x_wconf 88' lang='lat' dir='ltr'><strong>placationem,</strong></span> <span class='ocrx_word' id='word_1_146' title='bbox 2193 1935 2237 1988; x_wconf 89' lang='lat' dir='ltr'><strong>is</strong></span> 
     </span>
    </p>
   </div>
   <div class='ocr_carea' id='block_1_22' title="bbox 681 2023 2236 2093">
    <p class='ocr_par' dir='ltr' id='par_1_22' title="bbox 681 2023 2236 2093">
     <span class='ocr_line' id='line_1_22' title="bbox 681 2023 2236 2093; baseline 0.001 -16"><span class='ocrx_word' id='word_1_147' title='bbox 681 2025 895 2093; x_wconf 90' lang='lat' dir='ltr'><strong>quidem</strong></span> <span class='ocrx_word' id='word_1_148' title='bbox 951 2025 1002 2079; x_wconf 92' lang='lat' dir='ltr'><strong>in</strong></span> <span class='ocrx_word' id='word_1_149' title='bbox 1030 2025 1130 2079; x_wconf 85' lang='lat' dir='ltr'><strong>hoc</strong></span> <span class='ocrx_word' id='word_1_150' title='bbox 1161 2025 1353 2084; x_wconf 82' lang='lat' dir='ltr'><strong>saeculo</strong></span> <span class='ocrx_word' id='word_1_151' title='bbox 1381 2026 1675 2089; x_wconf 84' lang='lat' dir='ltr'><strong>laboravit,</strong></span> <span class='ocrx_word' id='word_1_152' title='bbox 1722 2036 1903 2092; x_wconf 88' lang='lat' dir='ltr'><strong>postea</strong></span> <span class='ocrx_word' id='word_1_153' title='bbox 1939 2035 2064 2078; x_wconf 88' lang='lat' dir='ltr'><strong>vero</strong></span> <span class='ocrx_word' id='word_1_154' title='bbox 2093 2023 2236 2078; x_wconf 85' lang='lat' dir='ltr'><strong>vivet</strong></span> 
     </span>
    </p>
   </div>
   <div class='ocr_carea' id='block_1_23' title="bbox 683 2113 2235 2178">
    <p class='ocr_par' dir='ltr' id='par_1_23' title="bbox 683 2113 2235 2178">
     <span class='ocr_line' id='line_1_23' title="bbox 683 2113 2235 2178; baseline -0.003 -7"><span class='ocrx_word' id='word_1_155' title='bbox 683 2117 736 2171; x_wconf 91' lang='lat' dir='ltr'><strong>in</strong></span> <span class='ocrx_word' id='word_1_156' title='bbox 761 2116 943 2170; x_wconf 80' lang='lat' dir='ltr'><strong>linem.</strong></span> <span class='ocrx_word' id='word_1_157' title='bbox 963 2114 1058 2169; x_wconf 86' lang='lat' dir='ltr'><strong>Hic</strong></span> <span class='ocrx_word' id='word_1_158' title='bbox 1089 2118 1246 2170; x_wconf 80' lang='lat' dir='ltr'><strong>etiam</strong></span> <span class='ocrx_word' id='word_1_159' title='bbox 1276 2115 1398 2168; x_wconf 83' lang='lat' dir='ltr'><strong>Non</strong></span> <span class='ocrx_word' id='word_1_160' title='bbox 1430 2116 1617 2168; x_wconf 82' lang='lat' dir='ltr'><strong>videbit</strong></span> <span class='ocrx_word' id='word_1_161' title='bbox 1649 2115 1933 2178; x_wconf 86' lang='lat' dir='ltr'><strong>interitum,</strong></span> <span class='ocrx_word' id='word_1_162' title='bbox 1953 2129 2067 2166; x_wconf 87' lang='lat' dir='ltr'><strong>cum</strong></span> <span class='ocrx_word' id='word_1_163' title='bbox 2092 2113 2235 2167; x_wconf 84' lang='lat' dir='ltr'><strong>vide-</strong></span> 
     </span>
    </p>
   </div>
   <div class='ocr_carea' id='block_1_24' title="bbox 673 2207 2231 2277">
    <p class='ocr_par' dir='ltr' id='par_1_24' title="bbox 673 2207 2231 2277">
     <span class='ocr_line' id='line_1_24' title="bbox 673 2207 2231 2277; baseline -0.001 -16"><span class='ocrx_word' id='word_1_164' title='bbox 673 2210 740 2261; x_wconf 88' lang='lat' dir='ltr'><strong>rit</strong></span> <span class='ocrx_word' id='word_1_165' title='bbox 761 2212 1013 2276; x_wconf 70' lang='lat' dir='ltr'><strong>sapientes</strong></span> <span class='ocrx_word' id='word_1_166' title='bbox 1041 2210 1332 2262; x_wconf 80' lang='lat' dir='ltr'><strong>morientes.</strong></span> <span class='ocrx_word' id='word_1_167' title='bbox 1363 2207 1463 2273; x_wconf 85' lang='lat' dir='ltr'><strong>Qui</strong></span> <span class='ocrx_word' id='word_1_168' title='bbox 1510 2216 1789 2277; x_wconf 78' lang='lat' dir='ltr'><strong>angustam</strong></span> <span class='ocrx_word' id='word_1_169' title='bbox 1817 2216 1871 2262; x_wconf 90' lang='lat' dir='ltr'><strong>et</strong></span> <span class='ocrx_word' id='word_1_170' title='bbox 1904 2207 2231 2262; x_wconf 86' lang='lat' dir='ltr'><strong>laboriosam</strong></span> 
     </span>
    </p>
   </div>
   <div class='ocr_carea' id='block_1_25' title="bbox 669 2298 2234 2370">
    <p class='ocr_par' dir='ltr' id='par_1_25' title="bbox 669 2298 2234 2370">
     <span class='ocr_line' id='line_1_25' title="bbox 669 2298 2234 2370; baseline 0.001 -18"><span class='ocrx_word' id='word_1_171' title='bbox 669 2302 834 2354; x_wconf 87' lang='lat' dir='ltr'><strong>vitam</strong></span> <span class='ocrx_word' id='word_1_172' title='bbox 864 2315 970 2368; x_wconf 67' lang='lat' dir='ltr'><strong>prae</strong></span> <span class='ocrx_word' id='word_1_173' title='bbox 1000 2304 1155 2369; x_wconf 89' lang='lat' dir='ltr'><strong>plana</strong></span> <span class='ocrx_word' id='word_1_174' title='bbox 1199 2314 1261 2352; x_wconf 90' lang='lat' dir='ltr'><strong>ac</strong></span> <span class='ocrx_word' id='word_1_175' title='bbox 1302 2299 1445 2353; x_wconf 87' lang='lat' dir='ltr'><strong>molli</strong></span> <span class='ocrx_word' id='word_1_176' title='bbox 1476 2299 1796 2370; x_wconf 80' lang='lat' dir='ltr'><strong>elegerit,in</strong></span> <span class='ocrx_word' id='word_1_177' title='bbox 1834 2309 2074 2368; x_wconf 90' lang='lat' dir='ltr'><strong>tempore</strong></span> <span class='ocrx_word' id='word_1_178' title='bbox 2107 2298 2234 2353; x_wconf 89' lang='lat' dir='ltr'><strong>visi-</strong></span> 
     </span>
    </p>
   </div>
   <div class='ocr_carea' id='block_1_26' title="bbox 671 2389 2230 2460">
    <p class='ocr_par' dir='ltr' id='par_1_26' title="bbox 671 2389 2230 2460">
     <span class='ocr_line' id='line_1_26' title="bbox 671 2389 2230 2460; baseline 0 -14"><span class='ocrx_word' id='word_1_179' title='bbox 671 2392 886 2446; x_wconf 88' lang='lat' dir='ltr'><strong>tationis</strong></span> <span class='ocrx_word' id='word_1_180' title='bbox 930 2392 1058 2455; x_wconf 91' lang='lat' dir='ltr'><strong>Dei,</strong></span> <span class='ocrx_word' id='word_1_181' title='bbox 1088 2405 1209 2445; x_wconf 91' lang='lat' dir='ltr'><strong>cum</strong></span> <span class='ocrx_word' id='word_1_182' title='bbox 1246 2389 1576 2446; x_wconf 86' lang='lat' dir='ltr'><strong>abducentur</strong></span> <span class='ocrx_word' id='word_1_183' title='bbox 1604 2394 1670 2444; x_wconf 91' lang='lat' dir='ltr'><strong>ad</strong></span> <span class='ocrx_word' id='word_1_184' title='bbox 1710 2401 1968 2445; x_wconf 71' lang='lat' dir='ltr'><strong>aitet-nam</strong></span> <span class='ocrx_word' id='word_1_185' title='bbox 2017 2407 2230 2460; x_wconf 78' lang='lat' dir='ltr'><strong>pcenam</strong></span> 
     </span>
    </p>
   </div>
   <div class='ocr_carea' id='block_1_27' title="bbox 673 2482 2231 2553">
    <p class='ocr_par' dir='ltr' id='par_1_27' title="bbox 673 2482 2231 2553">
     <span class='ocr_line' id='line_1_27' title="bbox 673 2482 2231 2553; baseline 0 -17"><span class='ocrx_word' id='word_1_186' title='bbox 673 2485 709 2537; x_wconf 91' lang='lat' dir='ltr'><strong>ii</strong></span> <span class='ocrx_word' id='word_1_187' title='bbox 742 2483 860 2553; x_wconf 88' lang='lat' dir='ltr'><strong>qui,</strong></span> <span class='ocrx_word' id='word_1_188' title='bbox 898 2493 955 2536; x_wconf 91' lang='lat' dir='ltr'><strong>ut</strong></span> <span class='ocrx_word' id='word_1_189' title='bbox 987 2498 1090 2537; x_wconf 89' lang='lat' dir='ltr'><strong>non</strong></span> <span class='ocrx_word' id='word_1_190' title='bbox 1123 2483 1466 2538; x_wconf 88' lang='lat' dir='ltr'><strong>crediderunt</strong></span> <span class='ocrx_word' id='word_1_191' title='bbox 1489 2483 1666 2537; x_wconf 83' lang='lat' dir='ltr'><strong>verbis</strong></span> <span class='ocrx_word' id='word_1_192' title='bbox 1706 2482 1823 2548; x_wconf 88' lang='lat' dir='ltr'><strong>Dei,</strong></span> <span class='ocrx_word' id='word_1_193' title='bbox 1863 2484 1933 2537; x_wconf 91' lang='lat' dir='ltr'><strong>ita</strong></span> <span class='ocrx_word' id='word_1_194' title='bbox 1961 2493 2079 2551; x_wconf 91' lang='lat' dir='ltr'><strong>post</strong></span> <span class='ocrx_word' id='word_1_195' title='bbox 2109 2486 2231 2537; x_wconf 87' lang='lat' dir='ltr'><strong>vani</strong></span> 
     </span>
    </p>
   </div>
   <div class='ocr_carea' id='block_1_28' title="bbox 668 2572 2236 2637">
    <p class='ocr_par' dir='ltr' id='par_1_28' title="bbox 668 2572 2236 2637">
     <span class='ocr_line' id='line_1_28' title="bbox 668 2572 2236 2637; baseline -0.003 -7"><span class='ocrx_word' id='word_1_196' title='bbox 668 2575 748 2630; x_wconf 89' lang='lat' dir='ltr'><strong>sui</strong></span> <span class='ocrx_word' id='word_1_197' title='bbox 782 2575 958 2631; x_wconf 89' lang='lat' dir='ltr'><strong>cordis</strong></span> <span class='ocrx_word' id='word_1_198' title='bbox 989 2576 1248 2629; x_wconf 85' lang='lat' dir='ltr'><strong>desideria</strong></span> <span class='ocrx_word' id='word_1_199' title='bbox 1294 2572 1727 2637; x_wconf 82' lang='lat' dir='ltr'><strong>ambulaverunt,</strong></span> <span class='ocrx_word' id='word_1_200' title='bbox 1758 2572 1846 2626; x_wconf 89' lang='lat' dir='ltr'><strong>hic</strong></span> <span class='ocrx_word' id='word_1_201' title='bbox 1898 2588 2003 2625; x_wconf 92' lang='lat' dir='ltr'><strong>non</strong></span> <span class='ocrx_word' id='word_1_202' title='bbox 2035 2573 2236 2626; x_wconf 85' lang='lat' dir='ltr'><strong>videbit</strong></span> 
     </span>
    </p>
   </div>
   <div class='ocr_carea' id='block_1_29' title="bbox 668 2664 2234 2733">
    <p class='ocr_par' dir='ltr' id='par_1_29' title="bbox 668 2664 2234 2733">
     <span class='ocr_line' id='line_1_29' title="bbox 668 2664 2234 2733; baseline -0.003 -13"><span class='ocrx_word' id='word_1_203' title='bbox 668 2676 922 2722; x_wconf 60' lang='grc' dir='ltr'>πίει-ηοω</span> <span class='ocrx_word' id='word_1_204' title='bbox 954 2669 1260 2727; x_wconf 88' lang='lat' dir='ltr'><strong>interitum,</strong></span> <span class='ocrx_word' id='word_1_205' title='bbox 1289 2665 1627 2719; x_wconf 86' lang='lat' dir='ltr'><strong>atllictionem</strong></span> <span class='ocrx_word' id='word_1_206' title='bbox 1661 2664 1906 2718; x_wconf 81' lang='lat' dir='ltr'><strong>videlicet</strong></span> <span class='ocrx_word' id='word_1_207' title='bbox 1942 2664 2084 2717; x_wconf 86' lang='lat' dir='ltr'><strong>illam</strong></span> <span class='ocrx_word' id='word_1_208' title='bbox 2115 2680 2234 2733; x_wconf 85' lang='lat' dir='ltr'><strong>per-</strong></span> 
     </span>
    </p>
   </div>
   <div class='ocr_carea' id='block_1_30' title="bbox 668 2757 2232 2827">
    <p class='ocr_par' dir='ltr' id='par_1_30' title="bbox 668 2757 2232 2827">
     <span class='ocr_line' id='line_1_30' title="bbox 668 2757 2232 2827; baseline -0.001 -16"><span class='ocrx_word' id='word_1_209' title='bbox 668 2767 826 2827; x_wconf 90' lang='lat' dir='ltr'><strong>petuo</strong></span> <span class='ocrx_word' id='word_1_210' title='bbox 846 2759 1172 2812; x_wconf 85' lang='lat' dir='ltr'><strong>duraturam.</strong></span> <span class='ocrx_word' id='word_1_211' title='bbox 1211 2757 1493 2826; x_wconf 86' lang='lat' dir='ltr'><strong>Sapientes</strong></span> <span class='ocrx_word' id='word_1_212' title='bbox 1528 2767 1703 2811; x_wconf 86' lang='lat' dir='ltr'><strong>autem</strong></span> <span class='ocrx_word' id='word_1_213' title='bbox 1728 2757 1856 2811; x_wconf 90' lang='lat' dir='ltr'><strong>dicit</strong></span> <span class='ocrx_word' id='word_1_214' title='bbox 1894 2767 1984 2810; x_wconf 84' lang='lat' dir='ltr'><strong>aut</strong></span> <span class='ocrx_word' id='word_1_215' title='bbox 2011 2757 2060 2809; x_wconf 93' lang='lat' dir='ltr'><strong>in</strong></span> <span class='ocrx_word' id='word_1_216' title='bbox 2088 2768 2232 2810; x_wconf 82' lang='lat' dir='ltr'><strong>astu-</strong></span> 
     </span>
    </p>
   </div>
   <div class='ocr_carea' id='block_1_31' title="bbox 670 2849 2230 2918">
    <p class='ocr_par' dir='ltr' id='par_1_31' title="bbox 670 2849 2230 2918">
     <span class='ocr_line' id='line_1_31' title="bbox 670 2849 2230 2918; baseline 0.001 -17"><span class='ocrx_word' id='word_1_217' title='bbox 670 2850 739 2902; x_wconf 85' lang='lat' dir='ltr'><strong>tia</strong></span> <span class='ocrx_word' id='word_1_218' title='bbox 769 2849 1111 2912; x_wconf 82' lang='lat' dir='ltr'><strong>exercitatos,</strong></span> <span class='ocrx_word' id='word_1_219' title='bbox 1140 2849 1204 2903; x_wconf 92' lang='lat' dir='ltr'><strong>de</strong></span> <span class='ocrx_word' id='word_1_220' title='bbox 1245 2849 1441 2918; x_wconf 88' lang='lat' dir='ltr'><strong>quibus</strong></span> <span class='ocrx_word' id='word_1_221' title='bbox 1483 2849 1558 2902; x_wconf 86' lang='lat' dir='ltr'><strong>ait</strong></span> <span class='ocrx_word' id='word_1_222' title='bbox 1603 2849 1867 2903; x_wconf 83' lang='lat' dir='ltr'><strong>Jeremias</strong></span> <span class='ocrx_word' id='word_1_223' title='bbox 1902 2865 1914 2901; x_wconf 93' lang='lat'>:</span> <span class='ocrx_word' id='word_1_224' title='bbox 1959 2849 2230 2916; x_wconf 80' lang='lat' dir='ltr'><strong>Sapientes</strong></span> 
     </span>
    </p>
   </div>
   <div class='ocr_carea' id='block_1_32' title="bbox 665 2939 2227 3009">
    <p class='ocr_par' dir='ltr' id='par_1_32' title="bbox 665 2939 2227 3009">
     <span class='ocr_line' id='line_1_32' title="bbox 665 2939 2227 3009; baseline 0.003 -17"><span class='ocrx_word' id='word_1_225' title='bbox 665 2950 805 3007; x_wconf 71' lang='lat' dir='ltr'><strong>sunt,</strong></span> <span class='ocrx_word' id='word_1_226' title='bbox 828 2949 881 2992; x_wconf 88' lang='lat' dir='ltr'><strong>ut</strong></span> <span class='ocrx_word' id='word_1_227' title='bbox 907 2939 1101 3008; x_wconf 71' lang='lat' dir='ltr'><strong>faciant</strong></span> <span class='ocrx_word' id='word_1_228' title='bbox 1131 2940 1293 3002; x_wconf 82' lang='lat' dir='ltr'><strong>mala,</strong></span> <span class='ocrx_word' id='word_1_229' title='bbox 1325 2940 1447 2993; x_wconf 84' lang='lat' dir='ltr'><strong>bene</strong></span> <span class='ocrx_word' id='word_1_230' title='bbox 1479 2950 1652 2992; x_wconf 86' lang='lat' dir='ltr'><strong>autent</strong></span> <span class='ocrx_word' id='word_1_231' title='bbox 1685 2940 1856 3009; x_wconf 77' lang='lat' dir='ltr'><strong>facere</strong></span> <span class='ocrx_word' id='word_1_232' title='bbox 1883 2944 2116 2994; x_wconf 83' lang='lat' dir='ltr'><strong>nesciunt</strong></span> <span class='ocrx_word' id='word_1_233' title='bbox 2143 2941 2187 2973; x_wconf 78' lang='grc'><strong><em>⁸³</em></strong></span> <span class='ocrx_word' id='word_1_234' title='bbox 2211 2958 2227 2996; x_wconf 89' lang='lat'><strong>:</strong></span> 
     </span>
    </p>
   </div>
   <div class='ocr_carea' id='block_1_33' title="bbox 669 3030 2224 3100">
    <p class='ocr_par' dir='ltr' id='par_1_33' title="bbox 669 3030 2224 3100">
     <span class='ocr_line' id='line_1_33' title="bbox 669 3030 2224 3100; baseline 0.004 -18"><span class='ocrx_word' id='word_1_235' title='bbox 669 3042 763 3084; x_wconf 89' lang='lat' dir='ltr'><strong>aut</strong></span> <span class='ocrx_word' id='word_1_236' title='bbox 791 3031 1057 3099; x_wconf 87' lang='lat' dir='ltr'><strong>sapientes</strong></span> <span class='ocrx_word' id='word_1_237' title='bbox 1086 3030 1214 3084; x_wconf 89' lang='lat' dir='ltr'><strong>dicit</strong></span> <span class='ocrx_word' id='word_1_238' title='bbox 1244 3031 1404 3084; x_wconf 90' lang='lat' dir='ltr'><strong>etiam</strong></span> <span class='ocrx_word' id='word_1_239' title='bbox 1435 3032 1771 3099; x_wconf 88' lang='lat' dir='ltr'><strong>pereuntium</strong></span> <span class='ocrx_word' id='word_1_240' title='bbox 1799 3033 2095 3100; x_wconf 89' lang='lat' dir='ltr'><strong>principum</strong></span> <span class='ocrx_word' id='word_1_241' title='bbox 2129 3034 2224 3088; x_wconf 86' lang='lat' dir='ltr'><strong>hu-</strong></span> 
     </span>
    </p>
   </div>
   <div class='ocr_carea' id='block_1_34' title="bbox 2337 569 3899 652">
    <p class='ocr_par' dir='ltr' id='par_1_34' title="bbox 2337 569 3899 652">
     <span class='ocr_line' id='line_1_34' title="bbox 2337 569 3899 652; baseline 0.013 -33"><span class='ocrx_word' id='word_1_242' title='bbox 2337 569 2620 622; x_wconf 79' lang='grc' dir='ltr'>ἀναλαὸεῖν</span> <span class='ocrx_word' id='word_1_243' title='bbox 2643 571 2807 643; x_wconf 79' lang='grc' dir='ltr'>αὐτὴν</span> <span class='ocrx_word' id='word_1_244' title='bbox 2846 575 2902 625; x_wconf 79' lang='grc' dir='ltr'>ἐν</span> <span class='ocrx_word' id='word_1_245' title='bbox 2927 575 3112 639; x_wconf 86' lang='grc' dir='ltr'>κόποις</span> <span class='ocrx_word' id='word_1_246' title='bbox 3141 581 3542 652; x_wconf 82' lang='grc' dir='ltr'>περισσοτέρως</span> <span class='ocrx_word' id='word_1_247' title='bbox 3566 585 3899 650; x_wconf 75' lang='grc' dir='ltr'>ὲξετασθεὶς,</span> 
     </span>
    </p>
   </div>
   <div class='ocr_carea' id='block_1_35' title="bbox 2336 653 3903 738">
    <p class='ocr_par' dir='ltr' id='par_1_35' title="bbox 2336 653 3903 738">
     <span class='ocr_line' id='line_1_35' title="bbox 2336 653 3903 738; baseline 0.014 -27"><span class='ocrx_word' id='word_1_248' title='bbox 2336 653 2490 722; x_wconf 77' lang='grc' dir='ltr'>οὗτός</span> <span class='ocrx_word' id='word_1_249' title='bbox 2519 662 2664 714; x_wconf 80' lang='grc' dir='ltr'>ἐστιν</span> <span class='ocrx_word' id='word_1_250' title='bbox 2699 665 2728 714; x_wconf 99' lang='lat'><strong>6</strong></span> <span class='ocrx_word' id='word_1_251' title='bbox 2766 664 2949 734; x_wconf 82' lang='grc' dir='ltr'>ζήσειν</span> <span class='ocrx_word' id='word_1_252' title='bbox 2997 668 3203 736; x_wconf 80' lang='grc' dir='ltr'><strong>μέλλων</strong></span> <span class='ocrx_word' id='word_1_253' title='bbox 3237 672 3314 734; x_wconf 82' lang='grc' dir='ltr'><strong>εἰς</strong></span> <span class='ocrx_word' id='word_1_254' title='bbox 3342 674 3525 736; x_wconf 83' lang='grc' dir='ltr'>τέλος,</span> <span class='ocrx_word' id='word_1_255' title='bbox 3566 675 3644 738; x_wconf 81' lang='grc' dir='ltr'><strong>ῶς</strong></span> <span class='ocrx_word' id='word_1_256' title='bbox 3674 679 3702 729; x_wconf 87' lang='lat'><strong>6</strong></span> <span class='ocrx_word' id='word_1_257' title='bbox 3734 678 3903 733; x_wconf 69' lang='grc' dir='ltr'>πολὶὰ</span> 
     </span>
    </p>
   </div>
   <div class='ocr_carea' id='block_1_36' title="bbox 2337 752 3905 835">
    <p class='ocr_par' dir='ltr' id='par_1_36' title="bbox 2337 752 3905 835">
     <span class='ocr_line' id='line_1_36' title="bbox 2337 752 3905 835; baseline 0.012 -33"><span class='ocrx_word' id='word_1_258' title='bbox 2337 752 2604 816; x_wconf 84' lang='grc' dir='ltr'>κοπιάσας</span> <span class='ocrx_word' id='word_1_259' title='bbox 2623 756 2678 805; x_wconf 83' lang='grc' dir='ltr'><strong>ὲν</strong></span> <span class='ocrx_word' id='word_1_260' title='bbox 2709 754 2916 824; x_wconf 71' lang='grc' dir='ltr'>Ολίψεσι</span> <span class='ocrx_word' id='word_1_261' title='bbox 2949 759 3225 831; x_wconf 78' lang='grc' dir='ltr'>Λάζαρος·</span> <span class='ocrx_word' id='word_1_262' title='bbox 3249 762 3323 825; x_wconf 87' lang='grc' dir='ltr'>ὡς</span> <span class='ocrx_word' id='word_1_263' title='bbox 3350 765 3376 814; x_wconf 85' lang='lat'><strong>6</strong></span> <span class='ocrx_word' id='word_1_264' title='bbox 3404 766 3719 830; x_wconf 78' lang='grc' dir='ltr'>κατάκοπος</span> <span class='ocrx_word' id='word_1_265' title='bbox 3751 769 3905 835; x_wconf 66' lang='grc' dir='ltr'>γενό-</span> 
     </span>
    </p>
   </div>
   <div class='ocr_carea' id='block_1_37' title="bbox 2340 845 3900 922">
    <p class='ocr_par' dir='ltr' id='par_1_37' title="bbox 2340 845 3900 922">
     <span class='ocr_line' id='line_1_37' title="bbox 2340 845 3900 922; baseline 0.012 -29"><span class='ocrx_word' id='word_1_266' title='bbox 2340 860 2496 911; x_wconf 85' lang='grc' dir='ltr'>μενος</span> <span class='ocrx_word' id='word_1_267' title='bbox 2520 845 2575 896; x_wconf 81' lang='grc' dir='ltr'><strong>ἐν</strong></span> <span class='ocrx_word' id='word_1_268' title='bbox 2605 849 2716 908; x_wconf 86' lang='grc' dir='ltr'>τοῖς</span> <span class='ocrx_word' id='word_1_269' title='bbox 2748 849 2883 918; x_wconf 89' lang='grc' dir='ltr'>πρὸς</span> <span class='ocrx_word' id='word_1_270' title='bbox 2912 850 3002 902; x_wconf 83' lang='grc' dir='ltr'><strong>τὸν</strong></span> <span class='ocrx_word' id='word_1_271' title='bbox 3031 853 3269 904; x_wconf 84' lang='grc' dir='ltr'>ἐναντίον</span> <span class='ocrx_word' id='word_1_272' title='bbox 3295 855 3496 922; x_wconf 83' lang='grc' dir='ltr'>ἀγῶσιν</span> <span class='ocrx_word' id='word_1_273' title='bbox 3535 858 3680 911; x_wconf 78' lang='grc' dir='ltr'><strong>Ἰώϐ-</strong></span> <span class='ocrx_word' id='word_1_274' title='bbox 3732 861 3900 921; x_wconf 76' lang='grc' dir='ltr'>Ἐκεῖ,</span> 
     </span>
    </p>
   </div>
   <div class='ocr_carea' id='block_1_38' title="bbox 2334 934 3902 1005">
    <p class='ocr_par' dir='ltr' id='par_1_38' title="bbox 2334 934 3902 1005">
     <span class='ocr_line' id='line_1_38' title="bbox 2334 934 3902 1005; baseline 0.013 -20"><span class='ocrx_word' id='word_1_275' title='bbox 2334 934 2462 1002; x_wconf 78' lang='grc' dir='ltr'>γὰρ,</span> <span class='ocrx_word' id='word_1_276' title='bbox 2491 938 2642 1004; x_wconf 81' lang='grc' dir='ltr'>φησί,</span> <span class='ocrx_word' id='word_1_277' title='bbox 2671 939 2992 994; x_wconf 81' lang='grc' dir='ltr'><strong>κατάκοποι</strong></span> <span class='ocrx_word' id='word_1_278' title='bbox 3011 945 3447 1000; x_wconf 73' lang='grc' dir='ltr'><strong>ἀνεπαύσαντο.</strong></span> <span class='ocrx_word' id='word_1_279' title='bbox 3473 949 3564 1000; x_wconf 77' lang='grc' dir='ltr'><strong>Διῦ</strong></span> <span class='ocrx_word' id='word_1_280' title='bbox 3595 953 3693 1004; x_wconf 76' lang='grc' dir='ltr'><strong>καὶ</strong></span> <span class='ocrx_word' id='word_1_281' title='bbox 3722 953 3750 1003; x_wconf 88' lang='lat'><strong>6</strong></span> <span class='ocrx_word' id='word_1_282' title='bbox 3791 953 3902 1005; x_wconf 73' lang='grc' dir='ltr'><strong>Κύ-</strong></span> 
     </span>
    </p>
   </div>
   <div class='ocr_carea' id='block_1_39' title="bbox 2340 1029 3903 1108">
    <p class='ocr_par' dir='ltr' id='par_1_39' title="bbox 2340 1029 3903 1108">
     <span class='ocr_line' id='line_1_39' title="bbox 2340 1029 3903 1108; baseline 0.013 -32"><span class='ocrx_word' id='word_1_283' title='bbox 2340 1042 2450 1094; x_wconf 87' lang='grc' dir='ltr'>ριος</span> <span class='ocrx_word' id='word_1_284' title='bbox 2476 1029 2629 1081; x_wconf 83' lang='grc' dir='ltr'>καλεῖ</span> <span class='ocrx_word' id='word_1_285' title='bbox 2664 1029 2770 1099; x_wconf 71' lang='lat'><strong>(85)</strong></span> <span class='ocrx_word' id='word_1_286' title='bbox 2817 1034 2951 1103; x_wconf 82' lang='grc' dir='ltr'>πρὸς</span> <span class='ocrx_word' id='word_1_287' title='bbox 2980 1036 3072 1105; x_wconf 82' lang='grc' dir='ltr'>τὴν</span> <span class='ocrx_word' id='word_1_288' title='bbox 3104 1039 3404 1094; x_wconf 75' lang='grc' dir='ltr'><strong>ἀνάπαυσιν</strong></span> <span class='ocrx_word' id='word_1_289' title='bbox 3433 1042 3562 1103; x_wconf 71' lang='grc' dir='ltr'>τοὺς</span> <span class='ocrx_word' id='word_1_290' title='bbox 3592 1045 3903 1108; x_wconf 75' lang='grc' dir='ltr'>κοπιῶντας</span> 
     </span>
    </p>
   </div>
   <div class='ocr_carea' id='block_1_40' title="bbox 2338 1120 3906 1206">
    <p class='ocr_par' dir='ltr' id='par_1_40' title="bbox 2338 1120 3906 1206">
     <span class='ocr_line' id='line_1_40' title="bbox 2338 1120 3906 1206; baseline 0.012 -37"><span class='ocrx_word' id='word_1_291' title='bbox 2338 1120 2431 1170; x_wconf 74' lang='grc' dir='ltr'><strong>καὶ</strong></span> <span class='ocrx_word' id='word_1_292' title='bbox 2455 1123 2932 1193; x_wconf 74' lang='grc' dir='ltr'>πεφορτισμένους.</span> <span class='ocrx_word' id='word_1_293' title='bbox 2965 1129 3086 1190; x_wconf 83' lang='grc' dir='ltr'>Πῶς</span> <span class='ocrx_word' id='word_1_294' title='bbox 3115 1127 3203 1182; x_wconf 80' lang='grc' dir='ltr'><strong>οῦν</strong></span> <span class='ocrx_word' id='word_1_295' title='bbox 3233 1133 3281 1183; x_wconf 81' lang='grc' dir='ltr'>οἱ</span> <span class='ocrx_word' id='word_1_296' title='bbox 3315 1134 3613 1197; x_wconf 79' lang='grc' dir='ltr'><strong>κοπιῶντες</strong></span> <span class='ocrx_word' id='word_1_297' title='bbox 3631 1136 3690 1186; x_wconf 81' lang='grc' dir='ltr'><strong>ὲν</strong></span> <span class='ocrx_word' id='word_1_298' title='bbox 3723 1137 3906 1206; x_wconf 71' lang='grc' dir='ltr'>ἔργοις</span> 
     </span>
    </p>
   </div>
   <div class='ocr_carea' id='block_1_41' title="bbox 2339 1209 3906 1293">
    <p class='ocr_par' dir='ltr' id='par_1_41' title="bbox 2339 1209 3906 1293">
     <span class='ocr_line' id='line_1_41' title="bbox 2339 1209 3906 1293; baseline 0.013 -33"><span class='ocrx_word' id='word_1_299' title='bbox 2339 1209 2558 1276; x_wconf 75' lang='grc' dir='ltr'><strong>ἀγαθοῖς</strong></span> <span class='ocrx_word' id='word_1_300' title='bbox 2586 1217 3000 1287; x_wconf 74' lang='grc' dir='ltr'><strong>πεφορτισμένοι</strong></span> <span class='ocrx_word' id='word_1_301' title='bbox 3039 1219 3280 1288; x_wconf 79' lang='grc' dir='ltr'>λέγονται</span> <span class='ocrx_word' id='word_1_302' title='bbox 3305 1240 3316 1288; x_wconf 91' lang='grc'>;</span> <span class='ocrx_word' id='word_1_303' title='bbox 3354 1225 3473 1277; x_wconf 89' lang='grc' dir='ltr'><strong>Ὅτι</strong></span> <span class='ocrx_word' id='word_1_304' title='bbox 3503 1228 3906 1293; x_wconf 65' lang='grc' dir='ltr'>Πορευόμενει</span> 
     </span>
    </p>
   </div>
   <div class='ocr_carea' id='block_1_42' title="bbox 2336 1301 3910 1386">
    <p class='ocr_par' dir='ltr' id='par_1_42' title="bbox 2336 1301 3910 1386">
     <span class='ocr_line' id='line_1_42' title="bbox 2336 1301 3910 1386; baseline 0.013 -35"><span class='ocrx_word' id='word_1_305' title='bbox 2336 1301 2689 1369; x_wconf 72' lang='grc' dir='ltr'><strong>ἐπορεύοντο</strong></span> <span class='ocrx_word' id='word_1_306' title='bbox 2718 1311 2811 1362; x_wconf 69' lang='grc' dir='ltr'>καὶ</span> <span class='ocrx_word' id='word_1_307' title='bbox 2834 1311 3096 1374; x_wconf 69' lang='grc' dir='ltr'>ἔκλαιον,</span> <span class='ocrx_word' id='word_1_308' title='bbox 3116 1314 3451 1382; x_wconf 73' lang='grc' dir='ltr'><strong>,ϐάλλοντες</strong></span> <span class='ocrx_word' id='word_1_309' title='bbox 3489 1319 3560 1369; x_wconf 80' lang='grc' dir='ltr'><em>τὰ</em></span> <span class='ocrx_word' id='word_1_310' title='bbox 3593 1323 3910 1386; x_wconf 73' lang='grc' dir='ltr'>σπέρματα</span> 
     </span>
    </p>
   </div>
   <div class='ocr_carea' id='block_1_43' title="bbox 2336 1393 3910 1475">
    <p class='ocr_par' dir='ltr' id='par_1_43' title="bbox 2336 1393 3910 1475">
     <span class='ocr_line' id='line_1_43' title="bbox 2336 1393 3910 1475; baseline 0.011 -30"><span class='ocrx_word' id='word_1_311' title='bbox 2336 1393 2551 1448; x_wconf 69' lang='grc' dir='ltr'>αὐτῶν·</span> <span class='ocrx_word' id='word_1_312' title='bbox 2567 1397 2867 1466; x_wconf 68' lang='grc' dir='ltr'>ἐρχόμενοι</span> <span class='ocrx_word' id='word_1_313' title='bbox 2883 1402 2949 1455; x_wconf 85' lang='grc' dir='ltr'><strong>δὲ</strong></span> <span class='ocrx_word' id='word_1_314' title='bbox 2966 1403 3222 1470; x_wconf 73' lang='grc' dir='ltr'><strong>ἥξουσιν</strong></span> <span class='ocrx_word' id='word_1_315' title='bbox 3235 1407 3303 1457; x_wconf 77' lang='grc' dir='ltr'><em>ἐν</em></span> <span class='ocrx_word' id='word_1_316' title='bbox 3317 1407 3696 1475; x_wconf 68' lang='grc' dir='ltr'><strong>ἀγαλλιάσει,</strong></span> <span class='ocrx_word' id='word_1_317' title='bbox 3715 1411 3910 1475; x_wconf 62' lang='grc' dir='ltr'>αἱρετι-</span> 
     </span>
    </p>
   </div>
   <div class='ocr_carea' id='block_1_44' title="bbox 2337 1489 3903 1570">
    <p class='ocr_par' dir='ltr' id='par_1_44' title="bbox 2337 1489 3903 1570">
     <span class='ocr_line' id='line_1_44' title="bbox 2337 1489 3903 1570; baseline 0.011 -31"><span class='ocrx_word' id='word_1_318' title='bbox 2337 1504 2433 1552; x_wconf 85' lang='grc' dir='ltr'><strong>τες</strong></span> <span class='ocrx_word' id='word_1_319' title='bbox 2488 1489 2560 1540; x_wconf 85' lang='grc' dir='ltr'><em>τὰ</em></span> <span class='ocrx_word' id='word_1_320' title='bbox 2615 1489 2916 1561; x_wconf 70' lang='grc' dir='ltr'>δράγματα</span> <span class='ocrx_word' id='word_1_321' title='bbox 2961 1496 3159 1550; x_wconf 75' lang='grc' dir='ltr'>αὐτῶν</span> <span class='ocrx_word' id='word_1_322' title='bbox 3207 1501 3609 1570; x_wconf 69' lang='grc' dir='ltr'><strong>πεπληρωμένα</strong></span> <span class='ocrx_word' id='word_1_323' title='bbox 3649 1502 3903 1570; x_wconf 80' lang='grc' dir='ltr'>καρπῶν.</span> 
     </span>
    </p>
   </div>
   <div class='ocr_carea' id='block_1_45' title="bbox 2336 1579 3909 1660">
    <p class='ocr_par' dir='ltr' id='par_1_45' title="bbox 2336 1579 3909 1660">
     <span class='ocr_line' id='line_1_45' title="bbox 2336 1579 3909 1660; baseline 0.009 -30"><span class='ocrx_word' id='word_1_324' title='bbox 2336 1579 2444 1632; x_wconf 88' lang='grc' dir='ltr'><strong>τῶν</strong></span> <span class='ocrx_word' id='word_1_325' title='bbox 2464 1580 2604 1634; x_wconf 86' lang='grc' dir='ltr'>κατὰ</span> <span class='ocrx_word' id='word_1_326' title='bbox 2619 1581 2716 1653; x_wconf 82' lang='grc' dir='ltr'><strong>τὴν</strong></span> <span class='ocrx_word' id='word_1_327' title='bbox 2737 1585 3025 1654; x_wconf 76' lang='grc' dir='ltr'>ἀναλογίαν</span> <span class='ocrx_word' id='word_1_328' title='bbox 3043 1589 3399 1660; x_wconf 81' lang='grc' dir='ltr'>ὲσπαρμένων</span> <span class='ocrx_word' id='word_1_329' title='bbox 3416 1593 3788 1646; x_wconf 77' lang='grc' dir='ltr'>ἀποδοθέντων</span> <span class='ocrx_word' id='word_1_330' title='bbox 3810 1594 3909 1646; x_wconf 71' lang='grc' dir='ltr'><strong>αὖ-</strong></span> 
     </span>
    </p>
   </div>
   <div class='ocr_carea' id='block_1_46' title="bbox 2335 1671 3906 1754">
    <p class='ocr_par' dir='ltr' id='par_1_46' title="bbox 2335 1671 3906 1754">
     <span class='ocr_line' id='line_1_46' title="bbox 2335 1671 3906 1754; baseline 0.01 -35"><span class='ocrx_word' id='word_1_331' title='bbox 2335 1671 2463 1732; x_wconf 87' lang='grc' dir='ltr'>τοῖς,</span> <span class='ocrx_word' id='word_1_332' title='bbox 2496 1672 2916 1743; x_wconf 55' lang='grc' dir='ltr'>Πεξορτισμένοι</span> <span class='ocrx_word' id='word_1_333' title='bbox 2949 1673 3040 1730; x_wconf 81' lang='grc' dir='ltr'><strong>οῦν</strong></span> <span class='ocrx_word' id='word_1_334' title='bbox 3074 1677 3317 1747; x_wconf 85' lang='grc' dir='ltr'>λέγονται</span> <span class='ocrx_word' id='word_1_335' title='bbox 3349 1682 3434 1743; x_wconf 85' lang='grc' dir='ltr'><strong>οἰ,</strong></span> <span class='ocrx_word' id='word_1_336' title='bbox 3472 1682 3561 1733; x_wconf 75' lang='grc' dir='ltr'><strong>διὰ</strong></span> <span class='ocrx_word' id='word_1_337' title='bbox 3589 1685 3649 1736; x_wconf 76' lang='grc' dir='ltr'><strong>τὸ</strong></span> <span class='ocrx_word' id='word_1_338' title='bbox 3683 1688 3906 1754; x_wconf 79' lang='grc' dir='ltr'>σπεῖραι</span> 
     </span>
    </p>
   </div>
   <div class='ocr_carea' id='block_1_47' title="bbox 2337 1761 3901 1845">
    <p class='ocr_par' dir='ltr' id='par_1_47' title="bbox 2337 1761 3901 1845">
     <span class='ocr_line' id='line_1_47' title="bbox 2337 1761 3901 1845; baseline 0.011 -33"><span class='ocrx_word' id='word_1_339' title='bbox 2337 1761 2422 1812; x_wconf 77' lang='grc' dir='ltr'>ἐπ’</span> <span class='ocrx_word' id='word_1_340' title='bbox 2451 1762 2740 1830; x_wconf 82' lang='grc' dir='ltr'>εὐλογίαις,</span> <span class='ocrx_word' id='word_1_341' title='bbox 2779 1767 2864 1818; x_wconf 76' lang='grc' dir='ltr'><strong>ἐπ’</strong></span> <span class='ocrx_word' id='word_1_342' title='bbox 2888 1769 3154 1837; x_wconf 77' lang='grc' dir='ltr'>εὐλογίαις</span> <span class='ocrx_word' id='word_1_343' title='bbox 3171 1774 3262 1824; x_wconf 75' lang='grc' dir='ltr'><strong>καὶ</strong></span> <span class='ocrx_word' id='word_1_344' title='bbox 3291 1772 3598 1843; x_wconf 78' lang='grc' dir='ltr'>Θερίςοντες</span> <span class='ocrx_word' id='word_1_345' title='bbox 3629 1776 3766 1845; x_wconf 80' lang='lat'>(86),</span> <span class='ocrx_word' id='word_1_346' title='bbox 3809 1779 3901 1828; x_wconf 70' lang='lat' dir='ltr'><strong>au.&quot;</strong></span> 
     </span>
    </p>
   </div>
   <div class='ocr_carea' id='block_1_48' title="bbox 2341 1853 3908 1938">
    <p class='ocr_par' dir='ltr' id='par_1_48' title="bbox 2341 1853 3908 1938">
     <span class='ocr_line' id='line_1_48' title="bbox 2341 1853 3908 1938; baseline 0.01 -34"><span class='ocrx_word' id='word_1_347' title='bbox 2341 1853 2454 1922; x_wconf 78' lang='grc' dir='ltr'>μετ’</span> <span class='ocrx_word' id='word_1_348' title='bbox 2480 1856 2814 1927; x_wconf 78' lang='grc' dir='ltr'>εὐφροσύνης</span> <span class='ocrx_word' id='word_1_349' title='bbox 2843 1860 3060 1912; x_wconf 76' lang='grc' dir='ltr'>αἰωνίου</span> <span class='ocrx_word' id='word_1_350' title='bbox 3091 1862 3159 1915; x_wconf 79' lang='grc' dir='ltr'>τὰ</span> <span class='ocrx_word' id='word_1_351' title='bbox 3193 1865 3298 1919; x_wconf 89' lang='grc' dir='ltr'><strong>τῶν</strong></span> <span class='ocrx_word' id='word_1_352' title='bbox 3333 1868 3723 1937; x_wconf 68' lang='grc' dir='ltr'>πνευματικῶν</span> <span class='ocrx_word' id='word_1_353' title='bbox 3770 1886 3908 1938; x_wconf 86' lang='grc' dir='ltr'>καρ-</span> 
     </span>
    </p>
   </div>
   <div class='ocr_carea' id='block_1_49' title="bbox 2338 1945 3910 2030">
    <p class='ocr_par' dir='ltr' id='par_1_49' title="bbox 2338 1945 3910 2030">
     <span class='ocr_line' id='line_1_49' title="bbox 2338 1945 3910 2030; baseline 0.01 -32"><span class='ocrx_word' id='word_1_354' title='bbox 2338 1945 2452 1998; x_wconf 92' lang='grc' dir='ltr'><strong>πῶν</strong></span> <span class='ocrx_word' id='word_1_355' title='bbox 2479 1949 2687 2014; x_wconf 81' lang='grc' dir='ltr'>ἑαυτοῖς</span> <span class='ocrx_word' id='word_1_356' title='bbox 2717 1952 3110 2022; x_wconf 82' lang='grc' dir='ltr'>ἐπαναθέμενοι</span> <span class='ocrx_word' id='word_1_357' title='bbox 3139 1955 3442 2027; x_wconf 77' lang='grc' dir='ltr'>δράγματα.</span> <span class='ocrx_word' id='word_1_358' title='bbox 3487 1961 3544 2012; x_wconf 90' lang='grc' dir='ltr'>Ὁ</span> <span class='ocrx_word' id='word_1_359' title='bbox 3569 1955 3662 2012; x_wconf 77' lang='grc' dir='ltr'>οὖν</span> <span class='ocrx_word' id='word_1_360' title='bbox 3697 1959 3910 2030; x_wconf 77' lang='grc' dir='ltr'>λυτρω-</span> 
     </span>
    </p>
   </div>
   <div class='ocr_carea' id='block_1_50' title="bbox 2337 2035 3902 2120">
    <p class='ocr_par' dir='ltr' id='par_1_50' title="bbox 2337 2035 3902 2120">
     <span class='ocr_line' id='line_1_50' title="bbox 2337 2035 3902 2120; baseline 0.011 -32"><span class='ocrx_word' id='word_1_361' title='bbox 2337 2035 2448 2100; x_wconf 80' lang='grc' dir='ltr'>Θεὶς</span> <span class='ocrx_word' id='word_1_362' title='bbox 2475 2039 2561 2092; x_wconf 78' lang='grc' dir='ltr'>διὰ</span> <span class='ocrx_word' id='word_1_363' title='bbox 2606 2043 2698 2095; x_wconf 86' lang='grc' dir='ltr'><strong>τοῦ</strong></span> <span class='ocrx_word' id='word_1_364' title='bbox 2747 2043 3037 2108; x_wconf 85' lang='grc' dir='ltr'>δεδωκότος</span> <span class='ocrx_word' id='word_1_365' title='bbox 3069 2045 3202 2098; x_wconf 87' lang='grc' dir='ltr'>Θεοῦ</span> <span class='ocrx_word' id='word_1_366' title='bbox 3236 2049 3372 2120; x_wconf 82' lang='grc' dir='ltr'>ὑπὲρ</span> <span class='ocrx_word' id='word_1_367' title='bbox 3399 2049 3562 2103; x_wconf 73' lang='grc' dir='ltr'>αὑτοῦ</span> <span class='ocrx_word' id='word_1_368' title='bbox 3612 2051 3902 2120; x_wconf 75' lang='grc' dir='ltr'>ὲξίλασμα,</span> 
     </span>
    </p>
   </div>
   <div class='ocr_carea' id='block_1_51' title="bbox 2334 2121 3907 2208">
    <p class='ocr_par' dir='ltr' id='par_1_51' title="bbox 2334 2121 3907 2208">
     <span class='ocr_line' id='line_1_51' title="bbox 2334 2121 3907 2208; baseline 0.011 -28"><span class='ocrx_word' id='word_1_369' title='bbox 2334 2121 2488 2191; x_wconf 69' lang='grc' dir='ltr'>οὗτος</span> <span class='ocrx_word' id='word_1_370' title='bbox 2525 2131 2777 2187; x_wconf 82' lang='grc' dir='ltr'>ἐκοπίασε</span> <span class='ocrx_word' id='word_1_371' title='bbox 2828 2136 2923 2206; x_wconf 81' lang='grc' dir='ltr'><strong>μὲν</strong></span> <span class='ocrx_word' id='word_1_372' title='bbox 2972 2138 3050 2200; x_wconf 87' lang='grc' dir='ltr'><strong>εἰς</strong></span> <span class='ocrx_word' id='word_1_373' title='bbox 3081 2137 3171 2190; x_wconf 81' lang='grc' dir='ltr'><strong>τὸν</strong></span> <span class='ocrx_word' id='word_1_374' title='bbox 3197 2139 3364 2192; x_wconf 82' lang='grc' dir='ltr'>αἰῶνα</span> <span class='ocrx_word' id='word_1_375' title='bbox 3407 2143 3621 2208; x_wconf 85' lang='grc' dir='ltr'>τοῦτον,</span> <span class='ocrx_word' id='word_1_376' title='bbox 3655 2145 3796 2208; x_wconf 76' lang='grc' dir='ltr'>μετὰ</span> <span class='ocrx_word' id='word_1_377' title='bbox 3847 2145 3907 2196; x_wconf 72' lang='grc' dir='ltr'><strong>δὲ</strong></span> 
     </span>
    </p>
   </div>
   <div class='ocr_carea' id='block_1_52' title="bbox 2333 2221 3908 2303">
    <p class='ocr_par' dir='ltr' id='par_1_52' title="bbox 2333 2221 3908 2303">
     <span class='ocr_line' id='line_1_52' title="bbox 2333 2221 3908 2303; baseline 0.011 -30"><span class='ocrx_word' id='word_1_378' title='bbox 2333 2221 2506 2276; x_wconf 85' lang='grc' dir='ltr'>ταῦτα</span> <span class='ocrx_word' id='word_1_379' title='bbox 2538 2224 2757 2293; x_wconf 83' lang='grc' dir='ltr'>ζήσεται</span> <span class='ocrx_word' id='word_1_380' title='bbox 2786 2229 2863 2290; x_wconf 85' lang='grc' dir='ltr'><strong>εἰς</strong></span> <span class='ocrx_word' id='word_1_381' title='bbox 2887 2229 3055 2293; x_wconf 80' lang='grc' dir='ltr'>τέλος.</span> <span class='ocrx_word' id='word_1_382' title='bbox 3087 2226 3253 2293; x_wconf 76' lang='grc' dir='ltr'>Οὗτος</span> <span class='ocrx_word' id='word_1_383' title='bbox 3288 2233 3378 2284; x_wconf 81' lang='grc' dir='ltr'><strong>καὶ</strong></span> <span class='ocrx_word' id='word_1_384' title='bbox 3406 2237 3525 2286; x_wconf 85' lang='grc' dir='ltr'><strong>Οὐκ</strong></span> <span class='ocrx_word' id='word_1_385' title='bbox 3558 2237 3771 2303; x_wconf 69' lang='grc' dir='ltr'>ὄψεται</span> <span class='ocrx_word' id='word_1_386' title='bbox 3802 2253 3908 2290; x_wconf 67' lang='grc' dir='ltr'>κα-</span> 
     </span>
    </p>
   </div>
   <div class='ocr_carea' id='block_1_53' title="bbox 2333 2315 3909 2392">
    <p class='ocr_par' dir='ltr' id='par_1_53' title="bbox 2333 2315 3909 2392">
     <span class='ocr_line' id='line_1_53' title="bbox 2333 2315 3909 2392; baseline 0.009 -26"><span class='ocrx_word' id='word_1_387' title='bbox 2333 2315 2654 2383; x_wconf 65' lang='grc' dir='ltr'>ταφθορὰν,</span> <span class='ocrx_word' id='word_1_388' title='bbox 2690 2316 2834 2370; x_wconf 85' lang='grc' dir='ltr'><strong>ὅταν</strong></span> <span class='ocrx_word' id='word_1_389' title='bbox 2879 2319 2976 2388; x_wconf 78' lang='grc' dir='ltr'><strong>ἴδῃ</strong></span> <span class='ocrx_word' id='word_1_390' title='bbox 3022 2322 3252 2390; x_wconf 66' lang='grc' dir='ltr'>σοφοὺς</span> <span class='ocrx_word' id='word_1_391' title='bbox 3282 2323 3807 2392; x_wconf 71' lang='grc' dir='ltr'>ἀποθνήσκοντας.</span> <span class='ocrx_word' id='word_1_392' title='bbox 3849 2326 3909 2379; x_wconf 87' lang='grc' dir='ltr'>Ὀ</span> 
     </span>
    </p>
   </div>
   <div class='ocr_carea' id='block_1_54' title="bbox 2330 2407 3908 2485">
    <p class='ocr_par' dir='ltr' id='par_1_54' title="bbox 2330 2407 3908 2485">
     <span class='ocr_line' id='line_1_54' title="bbox 2330 2407 3908 2485; baseline 0.008 -27"><span class='ocrx_word' id='word_1_393' title='bbox 2330 2407 2426 2475; x_wconf 78' lang='grc' dir='ltr'>τὴν</span> <span class='ocrx_word' id='word_1_394' title='bbox 2457 2407 2645 2479; x_wconf 77' lang='grc' dir='ltr'>στενὴν</span> <span class='ocrx_word' id='word_1_395' title='bbox 2666 2409 2758 2462; x_wconf 77' lang='grc' dir='ltr'><strong>καί</strong></span> <span class='ocrx_word' id='word_1_396' title='bbox 2788 2409 3017 2478; x_wconf 82' lang='grc' dir='ltr'>ἔγκοπον</span> <span class='ocrx_word' id='word_1_397' title='bbox 3047 2414 3160 2468; x_wconf 76' lang='grc' dir='ltr'>ὁδὸν</span> <span class='ocrx_word' id='word_1_398' title='bbox 3195 2415 3299 2485; x_wconf 81' lang='grc' dir='ltr'><strong>πρὸ</strong></span> <span class='ocrx_word' id='word_1_399' title='bbox 3320 2417 3419 2485; x_wconf 78' lang='grc' dir='ltr'>τῆς</span> <span class='ocrx_word' id='word_1_400' title='bbox 3446 2415 3597 2480; x_wconf 78' lang='grc' dir='ltr'>λείας</span> <span class='ocrx_word' id='word_1_401' title='bbox 3634 2419 3732 2469; x_wconf 70' lang='grc' dir='ltr'><strong>καὶ</strong></span> <span class='ocrx_word' id='word_1_402' title='bbox 3761 2420 3908 2470; x_wconf 84' lang='grc' dir='ltr'>ἀνει-</span> 
     </span>
    </p>
   </div>
   <div class='ocr_carea' id='block_1_55' title="bbox 2336 2499 3904 2577">
    <p class='ocr_par' dir='ltr' id='par_1_55' title="bbox 2336 2499 3904 2577">
     <span class='ocr_line' id='line_1_55' title="bbox 2336 2499 3904 2577; baseline 0.007 -28"><span class='ocrx_word' id='word_1_403' title='bbox 2336 2499 2498 2568; x_wconf 80' lang='grc' dir='ltr'>μένης</span> <span class='ocrx_word' id='word_1_404' title='bbox 2533 2499 2906 2571; x_wconf 81' lang='grc' dir='ltr'>ἐκλεξάμενος,</span> <span class='ocrx_word' id='word_1_405' title='bbox 2943 2505 3000 2556; x_wconf 87' lang='grc' dir='ltr'>ὲν</span> <span class='ocrx_word' id='word_1_406' title='bbox 3034 2505 3109 2575; x_wconf 83' lang='grc' dir='ltr'>τῷ</span> <span class='ocrx_word' id='word_1_407' title='bbox 3141 2505 3317 2577; x_wconf 82' lang='grc' dir='ltr'>καιρῷ</span> <span class='ocrx_word' id='word_1_408' title='bbox 3337 2508 3435 2577; x_wconf 81' lang='grc' dir='ltr'>τῆς</span> <span class='ocrx_word' id='word_1_409' title='bbox 3465 2508 3779 2576; x_wconf 78' lang='grc' dir='ltr'>ἐπισκοπῆς</span> <span class='ocrx_word' id='word_1_410' title='bbox 3806 2509 3904 2560; x_wconf 78' lang='grc' dir='ltr'><strong>τοῦ</strong></span> 
     </span>
    </p>
   </div>
   <div class='ocr_carea' id='block_1_56' title="bbox 2333 2586 3909 2664">
    <p class='ocr_par' dir='ltr' id='par_1_56' title="bbox 2333 2586 3909 2664">
     <span class='ocr_line' id='line_1_56' title="bbox 2333 2586 3909 2664; baseline 0.008 -26"><span class='ocrx_word' id='word_1_411' title='bbox 2333 2586 2486 2652; x_wconf 82' lang='grc' dir='ltr'><strong>Θεοῦ,</strong></span> <span class='ocrx_word' id='word_1_412' title='bbox 2521 2589 2880 2659; x_wconf 82' lang='grc' dir='ltr'>ἀπαγομένων</span> <span class='ocrx_word' id='word_1_413' title='bbox 2907 2595 2987 2656; x_wconf 83' lang='grc' dir='ltr'><strong>εἰς</strong></span> <span class='ocrx_word' id='word_1_414' title='bbox 3024 2593 3120 2664; x_wconf 83' lang='grc' dir='ltr'><strong>τὴν</strong></span> <span class='ocrx_word' id='word_1_415' title='bbox 3146 2596 3366 2648; x_wconf 83' lang='grc' dir='ltr'>αἰωνίαν</span> <span class='ocrx_word' id='word_1_416' title='bbox 3396 2597 3618 2649; x_wconf 84' lang='grc' dir='ltr'>κόλασιν</span> <span class='ocrx_word' id='word_1_417' title='bbox 3644 2597 3757 2650; x_wconf 87' lang='grc' dir='ltr'><strong>τῶν</strong></span> <span class='ocrx_word' id='word_1_418' title='bbox 3785 2599 3909 2650; x_wconf 68' lang='grc' dir='ltr'>ἁπε-</span> 
     </span>
    </p>
   </div>
   <div class='ocr_carea' id='block_1_57' title="bbox 2335 2680 3909 2764">
    <p class='ocr_par' dir='ltr' id='par_1_57' title="bbox 2335 2680 3909 2764">
     <span class='ocr_line' id='line_1_57' title="bbox 2335 2680 3909 2764; baseline 0.01 -36"><span class='ocrx_word' id='word_1_419' title='bbox 2335 2680 2641 2747; x_wconf 85' lang='grc' dir='ltr'>στησάντων</span> <span class='ocrx_word' id='word_1_420' title='bbox 2678 2683 2775 2750; x_wconf 78' lang='grc' dir='ltr'><strong>μὲν</strong></span> <span class='ocrx_word' id='word_1_421' title='bbox 2820 2688 2933 2749; x_wconf 88' lang='grc' dir='ltr'>τοῖς</span> <span class='ocrx_word' id='word_1_422' title='bbox 2979 2687 3156 2755; x_wconf 86' lang='grc' dir='ltr'>λόγοις</span> <span class='ocrx_word' id='word_1_423' title='bbox 3186 2689 3277 2742; x_wconf 83' lang='grc' dir='ltr'><strong>τοῦ</strong></span> <span class='ocrx_word' id='word_1_424' title='bbox 3311 2691 3443 2744; x_wconf 82' lang='grc' dir='ltr'>Θεοῦ</span> <span class='ocrx_word' id='word_1_425' title='bbox 3467 2733 3481 2754; x_wconf 94' lang='grc'><strong>,</strong></span> <span class='ocrx_word' id='word_1_426' title='bbox 3523 2695 3909 2764; x_wconf 74' lang='grc' dir='ltr'>πορευθέντων</span> 
     </span>
    </p>
   </div>
   <div class='ocr_carea' id='block_1_58' title="bbox 2331 2768 3909 2852">
    <p class='ocr_par' dir='ltr' id='par_1_58' title="bbox 2331 2768 3909 2852">
     <span class='ocr_line' id='line_1_58' title="bbox 2331 2768 3909 2852; baseline 0.011 -34"><span class='ocrx_word' id='word_1_427' title='bbox 2331 2768 2387 2819; x_wconf 88' lang='grc' dir='ltr'>δὲ</span> <span class='ocrx_word' id='word_1_428' title='bbox 2413 2769 2586 2819; x_wconf 83' lang='grc' dir='ltr'>όπίσω</span> <span class='ocrx_word' id='word_1_429' title='bbox 2612 2769 2716 2820; x_wconf 88' lang='grc' dir='ltr'><strong>τῶν</strong></span> <span class='ocrx_word' id='word_1_430' title='bbox 2751 2771 3065 2843; x_wconf 86' lang='grc' dir='ltr'>Θελημὰτων</span> <span class='ocrx_word' id='word_1_431' title='bbox 3085 2777 3182 2846; x_wconf 80' lang='grc' dir='ltr'>τῆς</span> <span class='ocrx_word' id='word_1_432' title='bbox 3213 2779 3435 2850; x_wconf 80' lang='grc' dir='ltr'>καρδίας</span> <span class='ocrx_word' id='word_1_433' title='bbox 3456 2782 3634 2834; x_wconf 67' lang='grc' dir='ltr'>αὐτῶν</span> <span class='ocrx_word' id='word_1_434' title='bbox 3665 2783 3771 2852; x_wconf 74' lang='grc' dir='ltr'>τῆς</span> <span class='ocrx_word' id='word_1_435' title='bbox 3803 2801 3909 2852; x_wconf 83' lang='grc' dir='ltr'>μα-</span> 
     </span>
    </p>
   </div>
   <div class='ocr_carea' id='block_1_59' title="bbox 2330 2856 3908 2943">
    <p class='ocr_par' dir='ltr' id='par_1_59' title="bbox 2330 2856 3908 2943">
     <span class='ocr_line' id='line_1_59' title="bbox 2330 2856 3908 2943; baseline 0.005 -31"><span class='ocrx_word' id='word_1_436' title='bbox 2330 2860 2488 2922; x_wconf 85' lang='grc' dir='ltr'>ταίας</span> <span class='ocrx_word' id='word_1_437' title='bbox 2510 2861 2643 2933; x_wconf 82' lang='grc'>(87),</span> <span class='ocrx_word' id='word_1_438' title='bbox 2676 2856 2828 2924; x_wconf 72' lang='grc' dir='ltr'>οὗτος</span> <span class='ocrx_word' id='word_1_439' title='bbox 2842 2864 2938 2933; x_wconf 79' lang='grc' dir='ltr'><strong>τὴν</strong></span> <span class='ocrx_word' id='word_1_440' title='bbox 2966 2867 3176 2920; x_wconf 83' lang='grc' dir='ltr'>αἰώνιον</span> <span class='ocrx_word' id='word_1_441' title='bbox 3206 2873 3570 2943; x_wconf 68' lang='grc' dir='ltr'>καταφθορὰν,</span> <span class='ocrx_word' id='word_1_442' title='bbox 3602 2875 3703 2942; x_wconf 77' lang='grc' dir='ltr'><strong>τὴν</strong></span> <span class='ocrx_word' id='word_1_443' title='bbox 3731 2878 3812 2938; x_wconf 72' lang='grc' dir='ltr'><strong>εἰς</strong></span> <span class='ocrx_word' id='word_1_444' title='bbox 3848 2876 3908 2927; x_wconf 77' lang='grc' dir='ltr'><strong>τδ</strong></span> 
     </span>
    </p>
   </div>
   <div class='ocr_carea' id='block_1_60' title="bbox 2335 2953 3908 3032">
    <p class='ocr_par' dir='ltr' id='par_1_60' title="bbox 2335 2953 3908 3032">
     <span class='ocr_line' id='line_1_60' title="bbox 2335 2953 3908 3032; baseline 0.009 -28"><span class='ocrx_word' id='word_1_445' title='bbox 2335 2953 2583 3022; x_wconf 78' lang='grc' dir='ltr'>διηνεκὲς</span> <span class='ocrx_word' id='word_1_446' title='bbox 2628 2954 2995 3007; x_wconf 82' lang='grc' dir='ltr'>κακοπάθειαν</span> <span class='ocrx_word' id='word_1_447' title='bbox 3034 2957 3131 3008; x_wconf 78' lang='grc' dir='ltr'><strong>οὐκ</strong></span> <span class='ocrx_word' id='word_1_448' title='bbox 3171 2958 3376 3026; x_wconf 65' lang='grc' dir='ltr'>ὄψεται.</span> <span class='ocrx_word' id='word_1_449' title='bbox 3423 2963 3626 3028; x_wconf 67' lang='grc' dir='ltr'>Σοφοὺς</span> <span class='ocrx_word' id='word_1_450' title='bbox 3657 2965 3715 3015; x_wconf 79' lang='grc' dir='ltr'><strong>δὲ</strong></span> <span class='ocrx_word' id='word_1_451' title='bbox 3753 2965 3908 3032; x_wconf 81' lang='grc' dir='ltr'>λέγει</span> 
     </span>
    </p>
   </div>
   <div class='ocr_carea' id='block_1_61' title="bbox 2329 3045 3908 3127">
    <p class='ocr_par' dir='ltr' id='par_1_61' title="bbox 2329 3045 3908 3127">
     <span class='ocr_line' id='line_1_61' title="bbox 2329 3045 3908 3127; baseline 0.007 -30"><span class='ocrx_word' id='word_1_452' title='bbox 2329 3047 2446 3116; x_wconf 72' lang='grc' dir='ltr'>ἤτοι</span> <span class='ocrx_word' id='word_1_453' title='bbox 2469 3047 2592 3108; x_wconf 83' lang='grc' dir='ltr'>τοὺς</span> <span class='ocrx_word' id='word_1_454' title='bbox 2613 3046 2816 3110; x_wconf 81' lang='grc' dir='ltr'>δεινοὺς</span> <span class='ocrx_word' id='word_1_455' title='bbox 2846 3048 2902 3099; x_wconf 84' lang='grc' dir='ltr'><strong>ὲν</strong></span> <span class='ocrx_word' id='word_1_456' title='bbox 2933 3050 3258 3120; x_wconf 70' lang='grc' dir='ltr'>πανουργίᾳ,</span> <span class='ocrx_word' id='word_1_457' title='bbox 3287 3052 3413 3122; x_wconf 81' lang='grc' dir='ltr'><strong>περί</strong></span> <span class='ocrx_word' id='word_1_458' title='bbox 3457 3045 3529 3103; x_wconf 80' lang='grc' dir='ltr'>ὧν</span> <span class='ocrx_word' id='word_1_459' title='bbox 3568 3071 3704 3124; x_wconf 77' lang='grc' dir='ltr'>φησι</span> <span class='ocrx_word' id='word_1_460' title='bbox 3743 3055 3908 3127; x_wconf 74' lang='grc' dir='ltr'>Ἰερε-</span> 
     </span>
    </p>
   </div>
   <div class='ocr_carea' id='block_1_62' title="bbox 661 3121 2226 3207">
    <p class='ocr_par' dir='ltr' id='par_1_62' title="bbox 661 3121 2222 3191">
     <span class='ocr_line' id='line_1_62' title="bbox 661 3121 2222 3191; baseline 0.002 -16"><span class='ocrx_word' id='word_1_461' title='bbox 661 3121 748 3190; x_wconf 89' lang='lat' dir='ltr'><strong>jus</strong></span> <span class='ocrx_word' id='word_1_462' title='bbox 776 3123 950 3177; x_wconf 70' lang='lat' dir='ltr'><strong>saeculi</strong></span> <span class='ocrx_word' id='word_1_463' title='bbox 992 3122 1304 3190; x_wconf 86' lang='lat' dir='ltr'><strong>discipulos,</strong></span> <span class='ocrx_word' id='word_1_464' title='bbox 1328 3123 1420 3191; x_wconf 91' lang='lat' dir='ltr'><strong>qui</strong></span> <span class='ocrx_word' id='word_1_465' title='bbox 1449 3122 1687 3177; x_wconf 84' lang='lat' dir='ltr'><strong>Dicentes</strong></span> <span class='ocrx_word' id='word_1_466' title='bbox 1716 3139 1772 3175; x_wconf 81' lang='lat' dir='ltr'><strong>se</strong></span> <span class='ocrx_word' id='word_1_467' title='bbox 1802 3140 1912 3177; x_wconf 82' lang='lat' dir='ltr'><strong>esse</strong></span> <span class='ocrx_word' id='word_1_468' title='bbox 1944 3126 2222 3189; x_wconf 76' lang='lat' dir='ltr'><strong>sapientes,</strong></span> 
     </span>
    </p>
   </div>
   <div class='ocr_carea' id='block_1_63' title="bbox 2329 3121 3908 3207">
    <p class='ocr_par' dir='ltr' id='par_1_63' title="bbox 2331 3121 3908 3207">
     <span class='ocr_line' id='line_1_63' title="bbox 2331 3121 3908 3207; baseline 0.007 -21"><span class='ocrx_word' id='word_1_469' title='bbox 2331 3137 2459 3207; x_wconf 85' lang='grc' dir='ltr'>μίας</span> <span class='ocrx_word' id='word_1_470' title='bbox 2485 3136 2618 3206; x_wconf 89' lang='lat'><strong>(88),</strong></span> <span class='ocrx_word' id='word_1_471' title='bbox 2650 3139 2730 3191; x_wconf 84' lang='grc' dir='ltr'><strong>ὅτι</strong></span> <span class='ocrx_word' id='word_1_472' title='bbox 2767 3138 2950 3206; x_wconf 75' lang='grc' dir='ltr'><em>Σοφοί</em></span> <span class='ocrx_word' id='word_1_473' title='bbox 2969 3141 3085 3192; x_wconf 81' lang='grc' dir='ltr'>εἱσι</span> <span class='ocrx_word' id='word_1_474' title='bbox 3114 3139 3220 3194; x_wconf 83' lang='grc' dir='ltr'>τοῦ</span> <span class='ocrx_word' id='word_1_475' title='bbox 3253 3121 3679 3207; x_wconf 68' lang='grc' dir='ltr'>κακοποιῆσαι,</span> <span class='ocrx_word' id='word_1_476' title='bbox 3714 3144 3784 3196; x_wconf 77' lang='grc' dir='ltr'><strong>τὸ</strong></span> <span class='ocrx_word' id='word_1_477' title='bbox 3816 3121 3908 3197; x_wconf 54' lang='grc' dir='ltr'><strong>⁷δὲ</strong></span> 
     </span>
    </p>
   </div>
   <div class='ocr_carea' id='block_1_64' title="bbox 664 3215 2221 3287">
    <p class='ocr_par' dir='ltr' id='par_1_64' title="bbox 664 3215 2221 3287">
     <span class='ocr_line' id='line_1_64' title="bbox 664 3215 2221 3287; baseline 0.001 -18"><span class='ocrx_word' id='word_1_478' title='bbox 664 3217 810 3270; x_wconf 79' lang='lat' dir='ltr'><strong>stulti</strong></span> <span class='ocrx_word' id='word_1_479' title='bbox 843 3217 969 3286; x_wconf 78' lang='lat' dir='ltr'><strong>facti</strong></span> <span class='ocrx_word' id='word_1_480' title='bbox 1000 3226 1117 3270; x_wconf 84' lang='lat' dir='ltr'><strong>sunt</strong></span> <span class='ocrx_word' id='word_1_481' title='bbox 1135 3218 1200 3268; x_wconf 76' lang='grc'>⁸⁸.</span> <span class='ocrx_word' id='word_1_482' title='bbox 1232 3216 1361 3267; x_wconf 81' lang='lat' dir='ltr'><strong>Nam</strong></span> <span class='ocrx_word' id='word_1_483' title='bbox 1395 3215 1658 3284; x_wconf 83' lang='lat' dir='ltr'><strong>Sapientia</strong></span> <span class='ocrx_word' id='word_1_484' title='bbox 1686 3217 1840 3287; x_wconf 81' lang='lat' dir='ltr'><strong>hujus</strong></span> <span class='ocrx_word' id='word_1_485' title='bbox 1873 3220 2052 3272; x_wconf 86' lang='lat' dir='ltr'><strong>mundi</strong></span> <span class='ocrx_word' id='word_1_486' title='bbox 2090 3221 2221 3273; x_wconf 79' lang='lat' dir='ltr'><strong>stul-</strong></span> 
     </span>
    </p>
   </div>
   <div class='ocr_carea' id='block_1_65' title="bbox 667 3306 2223 3378">
    <p class='ocr_par' dir='ltr' id='par_1_65' title="bbox 667 3306 2223 3378">
     <span class='ocr_line' id='line_1_65' title="bbox 667 3306 2223 3378; baseline 0.002 -18"><span class='ocrx_word' id='word_1_487' title='bbox 667 3310 786 3362; x_wconf 86' lang='lat' dir='ltr'><strong>titia</strong></span> <span class='ocrx_word' id='word_1_488' title='bbox 809 3319 881 3361; x_wconf 84' lang='lat' dir='ltr'><strong>est</strong></span> <span class='ocrx_word' id='word_1_489' title='bbox 922 3309 1059 3373; x_wconf 77' lang='lat' dir='ltr'><strong>apud</strong></span> <span class='ocrx_word' id='word_1_490' title='bbox 1090 3306 1254 3359; x_wconf 85' lang='lat' dir='ltr'><strong>Deum</strong></span> <span class='ocrx_word' id='word_1_491' title='bbox 1284 3307 1346 3361; x_wconf 87' lang='grc'><strong>⁶⁷.</strong></span> <span class='ocrx_word' id='word_1_492' title='bbox 1378 3306 1444 3360; x_wconf 86' lang='grc' dir='ltr'>Ει</span> <span class='ocrx_word' id='word_1_493' title='bbox 1477 3309 1599 3375; x_wconf 89' lang='lat' dir='ltr'><strong>quia</strong></span> <span class='ocrx_word' id='word_1_494' title='bbox 1641 3311 1752 3373; x_wconf 59' lang='lat' dir='ltr'><strong>haec</strong></span> <span class='ocrx_word' id='word_1_495' title='bbox 1788 3311 2050 3378; x_wconf 86' lang='lat' dir='ltr'><strong>sapientia</strong></span> <span class='ocrx_word' id='word_1_496' title='bbox 2091 3311 2223 3363; x_wconf 90' lang='lat' dir='ltr'><strong>stul-</strong></span> 
     </span>
    </p>
   </div>
   <div class='ocr_carea' id='block_1_66' title="bbox 667 3397 2222 3469">
    <p class='ocr_par' dir='ltr' id='par_1_66' title="bbox 667 3397 2222 3469">
     <span class='ocr_line' id='line_1_66' title="bbox 667 3397 2222 3469; baseline 0.001 -18"><span class='ocrx_word' id='word_1_497' title='bbox 667 3409 750 3452; x_wconf 80' lang='lat' dir='ltr'><strong>tus</strong></span> <span class='ocrx_word' id='word_1_498' title='bbox 775 3398 922 3461; x_wconf 78' lang='lat' dir='ltr'><strong>facit,</strong></span> <span class='ocrx_word' id='word_1_499' title='bbox 948 3399 1066 3453; x_wconf 89' lang='lat' dir='ltr'><strong>ideo</strong></span> <span class='ocrx_word' id='word_1_500' title='bbox 1093 3397 1232 3453; x_wconf 88' lang='lat' dir='ltr'><strong>Deus</strong></span> <span class='ocrx_word' id='word_1_501' title='bbox 1263 3401 1592 3466; x_wconf 90' lang='lat' dir='ltr'><strong>perditurum</strong></span> <span class='ocrx_word' id='word_1_502' title='bbox 1627 3415 1685 3454; x_wconf 90' lang='lat' dir='ltr'><strong>se</strong></span> <span class='ocrx_word' id='word_1_503' title='bbox 1711 3415 1828 3454; x_wconf 82' lang='lat' dir='ltr'><strong>esse</strong></span> <span class='ocrx_word' id='word_1_504' title='bbox 1856 3402 1983 3453; x_wconf 88' lang='lat' dir='ltr'><strong>dicit</strong></span> <span class='ocrx_word' id='word_1_505' title='bbox 2010 3402 2222 3469; x_wconf 89' lang='lat' dir='ltr'><strong>sapien-</strong></span> 
     </span>
    </p>
   </div>
   <div class='ocr_carea' id='block_1_67' title="bbox 666 3489 2228 3560">
    <p class='ocr_par' dir='ltr' id='par_1_67' title="bbox 666 3489 2228 3560">
     <span class='ocr_line' id='line_1_67' title="bbox 666 3489 2228 3560; baseline -0.001 -16"><span class='ocrx_word' id='word_1_506' title='bbox 666 3491 791 3544; x_wconf 86' lang='lat' dir='ltr'><strong>tiam</strong></span> <span class='ocrx_word' id='word_1_507' title='bbox 834 3489 1176 3560; x_wconf 84' lang='lat' dir='ltr'><strong>sapientium,</strong></span> <span class='ocrx_word' id='word_1_508' title='bbox 1214 3499 1266 3543; x_wconf 90' lang='lat' dir='ltr'><strong>et</strong></span> <span class='ocrx_word' id='word_1_509' title='bbox 1310 3491 1646 3557; x_wconf 91' lang='lat' dir='ltr'><strong>prudentiam</strong></span> <span class='ocrx_word' id='word_1_510' title='bbox 1684 3491 2022 3557; x_wconf 85' lang='lat' dir='ltr'><strong>prudentium</strong></span> <span class='ocrx_word' id='word_1_511' title='bbox 2050 3505 2228 3558; x_wconf 85' lang='lat' dir='ltr'><strong>repro-</strong></span> 
     </span>
    </p>
   </div>
   <div class='ocr_carea' id='block_1_68' title="bbox 664 3581 2224 3650">
    <p class='ocr_par' dir='ltr' id='par_1_68' title="bbox 664 3581 2224 3650">
     <span class='ocr_line' id='line_1_68' title="bbox 664 3581 2224 3650; baseline 0.003 -16"><span class='ocrx_word' id='word_1_512' title='bbox 664 3581 908 3637; x_wconf 88' lang='lat' dir='ltr'><strong>baturum</strong></span> <span class='ocrx_word' id='word_1_513' title='bbox 941 3582 1008 3637; x_wconf 78' lang='lat'><strong>“&#39;.</strong></span> <span class='ocrx_word' id='word_1_514' title='bbox 1041 3581 1426 3637; x_wconf 87' lang='lat' dir='ltr'><strong>Persuasiones</strong></span> <span class='ocrx_word' id='word_1_515' title='bbox 1453 3581 1614 3647; x_wconf 76' lang='lat' dir='ltr'><strong>igitur</strong></span> <span class='ocrx_word' id='word_1_516' title='bbox 1638 3581 1791 3650; x_wconf 88' lang='lat' dir='ltr'><strong>hujus</strong></span> <span class='ocrx_word' id='word_1_517' title='bbox 1828 3581 2067 3636; x_wconf 64' lang='lat' dir='ltr'><strong>scientiae</strong></span> <span class='ocrx_word' id='word_1_518' title='bbox 2091 3581 2224 3638; x_wconf 80' lang='lat' dir='ltr'><strong>falso</strong></span> 
     </span>
    </p>
   </div>
   <div class='ocr_carea' id='block_1_69' title="bbox 663 3670 2219 3741">
    <p class='ocr_par' dir='ltr' id='par_1_69' title="bbox 663 3670 2219 3741">
     <span class='ocr_line' id='line_1_69' title="bbox 663 3670 2219 3741; baseline 0.004 -19"><span class='ocrx_word' id='word_1_519' title='bbox 663 3670 970 3734; x_wconf 63' lang='lat' dir='ltr'><strong>nominatis,</strong></span> <span class='ocrx_word' id='word_1_520' title='bbox 999 3672 1085 3733; x_wconf 92' lang='lat' dir='ltr'><strong>iis,</strong></span> <span class='ocrx_word' id='word_1_521' title='bbox 1130 3675 1219 3740; x_wconf 89' lang='lat' dir='ltr'><strong>qui</strong></span> <span class='ocrx_word' id='word_1_522' title='bbox 1265 3686 1358 3724; x_wconf 87' lang='lat' dir='ltr'><strong>eas</strong></span> <span class='ocrx_word' id='word_1_523' title='bbox 1403 3671 1729 3741; x_wconf 81' lang='lat' dir='ltr'><strong>exceperint,</strong></span> <span class='ocrx_word' id='word_1_524' title='bbox 1773 3671 1960 3726; x_wconf 90' lang='lat' dir='ltr'><strong>mortis</strong></span> <span class='ocrx_word' id='word_1_525' title='bbox 2002 3687 2219 3729; x_wconf 84' lang='lat' dir='ltr'><strong>causam</strong></span> 
     </span>
    </p>
   </div>
   <div class='ocr_carea' id='block_1_70' title="bbox 664 3760 2220 3836">
    <p class='ocr_par' dir='ltr' id='par_1_70' title="bbox 664 3760 2220 3836">
     <span class='ocr_line' id='line_1_70' title="bbox 664 3760 2220 3836; baseline 0.005 -23"><span class='ocrx_word' id='word_1_526' title='bbox 664 3760 890 3816; x_wconf 74' lang='lat' dir='ltr'><strong>aiierunt</strong></span> <span class='ocrx_word' id='word_1_527' title='bbox 916 3782 928 3816; x_wconf 89' lang='lat'><strong>:</strong></span> <span class='ocrx_word' id='word_1_528' title='bbox 955 3779 1112 3832; x_wconf 82' lang='lat' dir='ltr'><strong>quam</strong></span> <span class='ocrx_word' id='word_1_529' title='bbox 1149 3773 1377 3817; x_wconf 88' lang='lat' dir='ltr'><strong>mortem</strong></span> <span class='ocrx_word' id='word_1_530' title='bbox 1418 3779 1522 3817; x_wconf 87' lang='lat' dir='ltr'><strong>non</strong></span> <span class='ocrx_word' id='word_1_531' title='bbox 1567 3764 1768 3817; x_wconf 89' lang='lat' dir='ltr'><strong>videbit</strong></span> <span class='ocrx_word' id='word_1_532' title='bbox 1799 3765 1886 3833; x_wconf 90' lang='lat' dir='ltr'><strong>qui</strong></span> <span class='ocrx_word' id='word_1_533' title='bbox 1916 3765 2220 3836; x_wconf 85' lang='lat' dir='ltr'><strong>redemptus</strong></span> 
     </span>
    </p>
   </div>
   <div class='ocr_carea' id='block_1_71' title="bbox 662 3853 2216 3925">
    <p class='ocr_par' dir='ltr' id='par_1_71' title="bbox 662 3853 2216 3925">
     <span class='ocr_line' id='line_1_71' title="bbox 662 3853 2216 3925; baseline 0.005 -19"><span class='ocrx_word' id='word_1_534' title='bbox 662 3861 747 3906; x_wconf 87' lang='lat' dir='ltr'><strong>est</strong></span> <span class='ocrx_word' id='word_1_535' title='bbox 788 3853 868 3905; x_wconf 69' lang='lat' dir='ltr'><strong>ab.</strong></span> <span class='ocrx_word' id='word_1_536' title='bbox 896 3869 983 3917; x_wconf 89' lang='lat' dir='ltr'><strong>eo,</strong></span> <span class='ocrx_word' id='word_1_537' title='bbox 1025 3857 1108 3907; x_wconf 86' lang='lat' dir='ltr'><strong>cui</strong></span> <span class='ocrx_word' id='word_1_538' title='bbox 1141 3856 1310 3908; x_wconf 90' lang='lat' dir='ltr'><strong>visum</strong></span> <span class='ocrx_word' id='word_1_539' title='bbox 1342 3866 1427 3910; x_wconf 89' lang='lat' dir='ltr'><strong>est</strong></span> <span class='ocrx_word' id='word_1_540' title='bbox 1457 3858 1510 3909; x_wconf 90' lang='lat' dir='ltr'><strong>in</strong></span> <span class='ocrx_word' id='word_1_541' title='bbox 1562 3856 1959 3925; x_wconf 61' lang='lat' dir='ltr'><strong>pradicationis</strong></span> <span class='ocrx_word' id='word_1_542' title='bbox 1993 3859 2216 3913; x_wconf 85' lang='lat' dir='ltr'><strong>stultitia</strong></span> 
     </span>
    </p>
   </div>
   <div class='ocr_carea' id='block_1_72' title="bbox 661 3943 1206 3998">
    <p class='ocr_par' dir='ltr' id='par_1_72' title="bbox 661 3943 1206 3998">
     <span class='ocr_line' id='line_1_72' title="bbox 661 3943 1206 3998; baseline -0.002 -1"><span class='ocrx_word' id='word_1_543' title='bbox 661 3946 942 3998; x_wconf 88' lang='lat' dir='ltr'><strong>credentes</strong></span> <span class='ocrx_word' id='word_1_544' title='bbox 981 3943 1206 3997; x_wconf 75' lang='lat' dir='ltr'><strong>saIVare.</strong></span> 
     </span>
    </p>
   </div>
   <div class='ocr_carea' id='block_1_73' title="bbox 2326 3229 3908 3304">
    <p class='ocr_par' dir='ltr' id='par_1_73' title="bbox 2326 3229 3908 3304">
     <span class='ocr_line' id='line_1_73' title="bbox 2326 3229 3908 3304; baseline 0.006 -24"><span class='ocrx_word' id='word_1_545' title='bbox 2326 3229 2517 3281; x_wconf 76' lang='grc' dir='ltr'>καλὸν</span> <span class='ocrx_word' id='word_1_546' title='bbox 2532 3229 2779 3298; x_wconf 83' lang='grc' dir='ltr'>ποιῆσαι</span> <span class='ocrx_word' id='word_1_547' title='bbox 2805 3233 2874 3284; x_wconf 86' lang='grc' dir='ltr'><strong>οὐ</strong></span> <span class='ocrx_word' id='word_1_548' title='bbox 2903 3230 3320 3300; x_wconf 74' lang='grc' dir='ltr'>γινώσκουσιν·</span> <span class='ocrx_word' id='word_1_549' title='bbox 3348 3234 3378 3303; x_wconf 79' lang='grc' dir='ltr'><strong>ἦ</strong></span> <span class='ocrx_word' id='word_1_550' title='bbox 3415 3236 3609 3304; x_wconf 72' lang='grc' dir='ltr'>σοφοὺς</span> <span class='ocrx_word' id='word_1_551' title='bbox 3629 3236 3785 3303; x_wconf 78' lang='grc' dir='ltr'>λέγει</span> <span class='ocrx_word' id='word_1_552' title='bbox 3811 3243 3908 3290; x_wconf 74' lang='grc' dir='ltr'><strong>καὶ</strong></span> 
     </span>
    </p>
   </div>
   <div class='ocr_carea' id='block_1_74' title="bbox 2324 3321 3909 3393">
    <p class='ocr_par' dir='ltr' id='par_1_74' title="bbox 2324 3321 3909 3393">
     <span class='ocr_line' id='line_1_74' title="bbox 2324 3321 3909 3393; baseline 0.009 -24"><span class='ocrx_word' id='word_1_553' title='bbox 2324 3321 2450 3380; x_wconf 80' lang='grc' dir='ltr'>τοὺς</span> <span class='ocrx_word' id='word_1_554' title='bbox 2486 3321 2731 3390; x_wconf 81' lang='grc' dir='ltr'>μαθητὰς</span> <span class='ocrx_word' id='word_1_555' title='bbox 2763 3322 2868 3374; x_wconf 90' lang='grc' dir='ltr'><strong>τῶν</strong></span> <span class='ocrx_word' id='word_1_556' title='bbox 2917 3325 3189 3393; x_wconf 84' lang='grc' dir='ltr'>ἀρχόντων</span> <span class='ocrx_word' id='word_1_557' title='bbox 3219 3327 3310 3379; x_wconf 80' lang='grc' dir='ltr'><strong>τοῦ</strong></span> <span class='ocrx_word' id='word_1_558' title='bbox 3347 3329 3533 3390; x_wconf 83' lang='grc' dir='ltr'>αἰῶνος</span> <span class='ocrx_word' id='word_1_559' title='bbox 3563 3330 3758 3382; x_wconf 73' lang='grc' dir='ltr'>τούτου</span> <span class='ocrx_word' id='word_1_560' title='bbox 3795 3332 3909 3383; x_wconf 75' lang='grc' dir='ltr'><strong>τῶν</strong></span> 
     </span>
    </p>
   </div>
   <div class='ocr_carea' id='block_1_75' title="bbox 2330 3410 3903 3491">
    <p class='ocr_par' dir='ltr' id='par_1_75' title="bbox 2330 3410 3903 3491">
     <span class='ocr_line' id='line_1_75' title="bbox 2330 3410 3903 3491; baseline 0.01 -34"><span class='ocrx_word' id='word_1_561' title='bbox 2330 3410 2804 3478; x_wconf 84' lang='grc' dir='ltr'>καταργουμένων,</span> <span class='ocrx_word' id='word_1_562' title='bbox 2835 3414 3046 3478; x_wconf 78' lang='grc' dir='ltr'>οἵτινες,</span> <span class='ocrx_word' id='word_1_563' title='bbox 3094 3417 3436 3484; x_wconf 77' lang='grc' dir='ltr'>Φάσκοντες</span> <span class='ocrx_word' id='word_1_564' title='bbox 3485 3418 3632 3474; x_wconf 81' lang='grc' dir='ltr'>εἶναι</span> <span class='ocrx_word' id='word_1_565' title='bbox 3685 3427 3903 3491; x_wconf 52' lang='grc' dir='ltr'>σοφοὶ,</span> 
     </span>
    </p>
   </div>
   <div class='ocr_carea' id='block_1_76' title="bbox 2329 3499 3905 3578">
    <p class='ocr_par' dir='ltr' id='par_1_76' title="bbox 2329 3499 3905 3578">
     <span class='ocr_line' id='line_1_76' title="bbox 2329 3499 3905 3578; baseline 0.009 -26"><span class='ocrx_word' id='word_1_566' title='bbox 2329 3499 2776 3568; x_wconf 71' lang='grc' dir='ltr'><strong>ἐμωράνθησαν.</strong></span> <span class='ocrx_word' id='word_1_567' title='bbox 2806 3503 2946 3554; x_wconf 88' lang='grc' dir='ltr'>Διότι</span> <span class='ocrx_word' id='word_1_568' title='bbox 2979 3505 3040 3559; x_wconf 86' lang='grc' dir='ltr'><strong><em>Ἡ</em></strong></span> <span class='ocrx_word' id='word_1_569' title='bbox 3083 3508 3265 3573; x_wconf 56' lang='grc' dir='ltr'>σοφία</span> <span class='ocrx_word' id='word_1_570' title='bbox 3291 3508 3396 3560; x_wconf 86' lang='grc' dir='ltr'>τοῦ</span> <span class='ocrx_word' id='word_1_571' title='bbox 3424 3513 3646 3578; x_wconf 75' lang='grc' dir='ltr'>κόσμου</span> <span class='ocrx_word' id='word_1_572' title='bbox 3672 3515 3859 3565; x_wconf 69' lang='grc' dir='ltr'>τοῦτο</span> <span class='ocrx_word' id='word_1_573' title='bbox 3871 3533 3905 3566; x_wconf 73' lang='grc' dir='ltr'><strong>υ</strong></span> 
     </span>
    </p>
   </div>
   <div class='ocr_carea' id='block_1_77' title="bbox 2325 3590 3905 3674">
    <p class='ocr_par' dir='ltr' id='par_1_77' title="bbox 2325 3590 3905 3674">
     <span class='ocr_line' id='line_1_77' title="bbox 2325 3590 3905 3674; baseline 0.01 -35"><span class='ocrx_word' id='word_1_574' title='bbox 2325 3590 2514 3658; x_wconf 83' lang='grc' dir='ltr'>μωρία</span> <span class='ocrx_word' id='word_1_575' title='bbox 2545 3591 2701 3658; x_wconf 78' lang='grc' dir='ltr'>παρὰ</span> <span class='ocrx_word' id='word_1_576' title='bbox 2734 3591 2813 3656; x_wconf 85' lang='grc' dir='ltr'><strong>τῷ</strong></span> <span class='ocrx_word' id='word_1_577' title='bbox 2859 3593 2998 3657; x_wconf 85' lang='grc' dir='ltr'><strong>Θεῷ.</strong></span> <span class='ocrx_word' id='word_1_578' title='bbox 3041 3595 3148 3646; x_wconf 74' lang='grc' dir='ltr'><strong>Καὶ</strong></span> <span class='ocrx_word' id='word_1_579' title='bbox 3182 3595 3266 3647; x_wconf 79' lang='grc' dir='ltr'><strong>διὰ</strong></span> <span class='ocrx_word' id='word_1_580' title='bbox 3301 3599 3361 3650; x_wconf 86' lang='grc' dir='ltr'><strong>τὸ</strong></span> <span class='ocrx_word' id='word_1_581' title='bbox 3402 3595 3533 3652; x_wconf 80' lang='grc' dir='ltr'>εἶναι</span> <span class='ocrx_word' id='word_1_582' title='bbox 3581 3607 3905 3674; x_wconf 65' lang='grc' dir='ltr'>μωροποιὲν</span> 
     </span>
    </p>
   </div>
   <div class='ocr_carea' id='block_1_78' title="bbox 2327 3679 3904 3765">
    <p class='ocr_par' dir='ltr' id='par_1_78' title="bbox 2327 3679 3904 3765">
     <span class='ocr_line' id='line_1_78' title="bbox 2327 3679 3904 3765; baseline 0.008 -33"><span class='ocrx_word' id='word_1_583' title='bbox 2327 3679 2424 3751; x_wconf 81' lang='grc' dir='ltr'>τὴν</span> <span class='ocrx_word' id='word_1_584' title='bbox 2462 3681 2648 3750; x_wconf 81' lang='grc' dir='ltr'>σοφίαν</span> <span class='ocrx_word' id='word_1_585' title='bbox 2677 3682 2896 3753; x_wconf 84' lang='grc' dir='ltr'>ταύτην,</span> <span class='ocrx_word' id='word_1_586' title='bbox 2934 3684 3215 3737; x_wconf 83' lang='grc' dir='ltr'>ἀπολέσειν</span> <span class='ocrx_word' id='word_1_587' title='bbox 3248 3689 3410 3755; x_wconf 68' lang='grc' dir='ltr'>φησὶν</span> <span class='ocrx_word' id='word_1_588' title='bbox 3443 3692 3469 3740; x_wconf 90' lang='lat'><strong>6</strong></span> <span class='ocrx_word' id='word_1_589' title='bbox 3497 3691 3623 3755; x_wconf 82' lang='grc' dir='ltr'>Θεὸς</span> <span class='ocrx_word' id='word_1_590' title='bbox 3651 3695 3775 3764; x_wconf 84' lang='grc'>(89)</span> <span class='ocrx_word' id='word_1_591' title='bbox 3803 3697 3904 3765; x_wconf 72' lang='grc' dir='ltr'>τὴν</span> 
     </span>
    </p>
   </div>
   <div class='ocr_carea' id='block_1_79' title="bbox 2329 3772 3904 3846">
    <p class='ocr_par' dir='ltr' id='par_1_79' title="bbox 2329 3772 3904 3846">
     <span class='ocr_line' id='line_1_79' title="bbox 2329 3772 3904 3846; baseline 0.008 -26"><span class='ocrx_word' id='word_1_592' title='bbox 2329 3773 2518 3841; x_wconf 67' lang='grc' dir='ltr'>σοφίαν</span> <span class='ocrx_word' id='word_1_593' title='bbox 2550 3772 2657 3825; x_wconf 88' lang='grc' dir='ltr'><strong>τῶν</strong></span> <span class='ocrx_word' id='word_1_594' title='bbox 2707 3775 2903 3843; x_wconf 75' lang='grc' dir='ltr'>σοφῶν,</span> <span class='ocrx_word' id='word_1_595' title='bbox 2962 3779 3053 3827; x_wconf 82' lang='grc' dir='ltr'><strong>καί</strong></span> <span class='ocrx_word' id='word_1_596' title='bbox 3091 3777 3187 3846; x_wconf 79' lang='grc' dir='ltr'><strong>τὴν</strong></span> <span class='ocrx_word' id='word_1_597' title='bbox 3245 3776 3455 3829; x_wconf 76' lang='grc' dir='ltr'>σύνεσιν</span> <span class='ocrx_word' id='word_1_598' title='bbox 3499 3780 3602 3831; x_wconf 85' lang='grc' dir='ltr'><strong>τῶν</strong></span> <span class='ocrx_word' id='word_1_599' title='bbox 3646 3788 3904 3838; x_wconf 68' lang='grc' dir='ltr'>συνετῶν</span> 
     </span>
    </p>
   </div>
   <div class='ocr_carea' id='block_1_80' title="bbox 2324 3863 3898 3944">
    <p class='ocr_par' dir='ltr' id='par_1_80' title="bbox 2324 3863 3898 3944">
     <span class='ocr_line' id='line_1_80' title="bbox 2324 3863 3898 3944; baseline 0.008 -28"><span class='ocrx_word' id='word_1_600' title='bbox 2324 3864 2626 3934; x_wconf 85' lang='grc' dir='ltr'>ἀθετήσειν.</span> <span class='ocrx_word' id='word_1_601' title='bbox 2659 3867 2722 3919; x_wconf 76' lang='grc' dir='ltr'>Αἰ</span> <span class='ocrx_word' id='word_1_602' title='bbox 2754 3863 2846 3920; x_wconf 78' lang='grc' dir='ltr'><strong>οὖν</strong></span> <span class='ocrx_word' id='word_1_603' title='bbox 2872 3866 3220 3939; x_wconf 81' lang='grc' dir='ltr'>πιθανότητες</span> <span class='ocrx_word' id='word_1_604' title='bbox 3245 3870 3342 3940; x_wconf 81' lang='grc' dir='ltr'>τῆς</span> <span class='ocrx_word' id='word_1_605' title='bbox 3365 3872 3713 3941; x_wconf 52' lang='grc' dir='ltr'>ψευδωνύῳυ</span> <span class='ocrx_word' id='word_1_606' title='bbox 3749 3878 3898 3944; x_wconf 76' lang='grc' dir='ltr'>γνῶ-</span> 
     </span>
    </p>
   </div>
   <div class='ocr_carea' id='block_1_81' title="bbox 2325 3959 3899 4041">
    <p class='ocr_par' dir='ltr' id='par_1_81' title="bbox 2325 3959 3899 4041">
     <span class='ocr_line' id='line_1_81' title="bbox 2325 3959 3899 4041; baseline 0.009 -32"><span class='ocrx_word' id='word_1_607' title='bbox 2325 3976 2478 4023; x_wconf 87' lang='grc' dir='ltr'>σεως,</span> <span class='ocrx_word' id='word_1_608' title='bbox 2509 3959 2736 4014; x_wconf 77' lang='grc' dir='ltr'>θανάτου</span> <span class='ocrx_word' id='word_1_609' title='bbox 2783 3962 2959 4017; x_wconf 82' lang='grc' dir='ltr'>αἰτίαν</span> <span class='ocrx_word' id='word_1_610' title='bbox 2987 3967 3097 4026; x_wconf 87' lang='grc' dir='ltr'>τοῖς</span> <span class='ocrx_word' id='word_1_611' title='bbox 3133 3966 3586 4037; x_wconf 81' lang='grc' dir='ltr'>παραδεξαμένοις</span> <span class='ocrx_word' id='word_1_612' title='bbox 3613 3973 3899 4041; x_wconf 67' lang='grc' dir='ltr'>παρέχον-</span> 
     </span>
    </p>
   </div>
   <div class='ocr_carea' id='block_1_82' title="bbox 659 4036 3900 4136">
    <p class='ocr_par' dir='ltr' id='par_1_82' title="bbox 659 4036 3900 4136">
     <span class='ocr_line' id='line_1_82' title="bbox 659 4036 3900 4136; baseline 0.007 -46"><span class='ocrx_word' id='word_1_613' title='bbox 659 4054 745 4092; x_wconf 82' lang='grc' dir='ltr'><strong>ται</strong></span> <span class='ocrx_word' id='word_1_614' title='bbox 767 4056 780 4067; x_wconf 75' lang='grc' dir='ltr'><strong>ο</strong></span> <span class='ocrx_word' id='word_1_615' title='bbox 813 4039 992 4093; x_wconf 82' lang='grc' dir='ltr'>ὅντινα</span> <span class='ocrx_word' id='word_1_616' title='bbox 1012 4036 1235 4091; x_wconf 78' lang='grc' dir='ltr'>Θάνατον</span> <span class='ocrx_word' id='word_1_617' title='bbox 1271 4037 1369 4089; x_wconf 77' lang='grc' dir='ltr'><strong>οὐκ</strong></span> <span class='ocrx_word' id='word_1_618' title='bbox 1390 4037 1574 4106; x_wconf 72' lang='grc' dir='ltr'>ὄψεται</span> <span class='ocrx_word' id='word_1_619' title='bbox 1609 4040 1636 4090; x_wconf 90' lang='lat'><strong>6</strong></span> <span class='ocrx_word' id='word_1_620' title='bbox 1667 4038 1956 4108; x_wconf 79' lang='grc' dir='ltr'>λυτρωθεὶς</span> <span class='ocrx_word' id='word_1_621' title='bbox 1989 4038 2092 4090; x_wconf 81' lang='grc' dir='ltr'><strong>ὑπὸ</strong></span> <span class='ocrx_word' id='word_1_622' title='bbox 2146 4039 2240 4136; x_wconf 57' lang='grc' dir='ltr'><strong>τοῦ</strong></span> <span class='ocrx_word' id='word_1_623' title='bbox 2278 4047 2663 4118; x_wconf 80' lang='grc' dir='ltr'>εὐδοκήσαντος</span> <span class='ocrx_word' id='word_1_624' title='bbox 2729 4053 2784 4102; x_wconf 81' lang='grc' dir='ltr'><strong>ὲν</strong></span> <span class='ocrx_word' id='word_1_625' title='bbox 2845 4053 2910 4120; x_wconf 84' lang='grc' dir='ltr'>τῇ</span> <span class='ocrx_word' id='word_1_626' title='bbox 2963 4052 3140 4123; x_wconf 82' lang='grc' dir='ltr'>μωρίᾳ</span> <span class='ocrx_word' id='word_1_627' title='bbox 3185 4036 3277 4107; x_wconf 84' lang='grc' dir='ltr'><strong>τοῦ</strong></span> <span class='ocrx_word' id='word_1_628' title='bbox 3322 4036 3662 4126; x_wconf 79' lang='grc' dir='ltr'>κηρύγματος</span> <span class='ocrx_word' id='word_1_629' title='bbox 3699 4036 3900 4112; x_wconf 44' lang='grc' dir='ltr'>’σῶσαι</span> 
     </span>
    </p>
   </div>
   <div class='ocr_carea' id='block_1_83' title="bbox 658 4130 1177 4193">
    <p class='ocr_par' dir='ltr' id='par_1_83' title="bbox 658 4130 1177 4193">
     <span class='ocr_line' id='line_1_83' title="bbox 658 4130 1177 4193; baseline 0.004 -11"><span class='ocrx_word' id='word_1_630' title='bbox 658 4132 781 4192; x_wconf 80' lang='grc' dir='ltr'>τοὺς</span> <span class='ocrx_word' id='word_1_631' title='bbox 809 4130 1177 4193; x_wconf 87' lang='grc' dir='ltr'>πιστεύοντας.</span> 
     </span>
    </p>
   </div>
   <div class='ocr_carea' id='block_1_84' title="bbox 730 4221 2216 4292">
    <p class='ocr_par' dir='ltr' id='par_1_84' title="bbox 730 4221 2216 4292">
     <span class='ocr_line' id='line_1_84' title="bbox 730 4221 2216 4292; baseline 0.001 -16"><span class='ocrx_word' id='word_1_632' title='bbox 730 4223 782 4276; x_wconf 87' lang='grc'><strong>6.</strong></span> <span class='ocrx_word' id='word_1_633' title='bbox 819 4221 986 4276; x_wconf 76' lang='lat' dir='ltr'><strong>Simul</strong></span> <span class='ocrx_word' id='word_1_634' title='bbox 1006 4223 1248 4290; x_wconf 77' lang='lat' dir='ltr'><strong>insipiens</strong></span> <span class='ocrx_word' id='word_1_635' title='bbox 1265 4231 1310 4275; x_wconf 88' lang='lat' dir='ltr'><strong>et</strong></span> <span class='ocrx_word' id='word_1_636' title='bbox 1339 4223 1529 4276; x_wconf 82' lang='lat' dir='ltr'><strong>stultus</strong></span> <span class='ocrx_word' id='word_1_637' title='bbox 1553 4222 1812 4288; x_wconf 84' lang='lat' dir='ltr'><strong>peribunt,</strong></span> <span class='ocrx_word' id='word_1_638' title='bbox 1841 4230 1890 4276; x_wconf 89' lang='lat' dir='ltr'><strong>et</strong></span> <span class='ocrx_word' id='word_1_639' title='bbox 1929 4223 2216 4292; x_wconf 75' lang='lat' dir='ltr'><strong>relinquent</strong></span> 
     </span>
    </p>
   </div>
   <div class='ocr_carea' id='block_1_85' title="bbox 662 4313 2214 4384">
    <p class='ocr_par' dir='ltr' id='par_1_85' title="bbox 662 4313 2214 4384">
     <span class='ocr_line' id='line_1_85' title="bbox 662 4313 2214 4384; baseline 0.002 -19"><span class='ocrx_word' id='word_1_640' title='bbox 662 4313 847 4366; x_wconf 81' lang='lat' dir='ltr'><strong>alienis</strong></span> <span class='ocrx_word' id='word_1_641' title='bbox 881 4313 1084 4366; x_wconf 82' lang='lat' dir='ltr'><strong>divitias</strong></span> <span class='ocrx_word' id='word_1_642' title='bbox 1117 4330 1238 4366; x_wconf 81' lang='lat' dir='ltr'><strong>suas</strong></span> <span class='ocrx_word' id='word_1_643' title='bbox 1268 4328 1286 4364; x_wconf 93' lang='lat'><em>:</em></span> <span class='ocrx_word' id='word_1_644' title='bbox 1324 4313 1491 4378; x_wconf 66' lang='lat' dir='ltr'><strong>(vasus.</strong></span> <span class='ocrx_word' id='word_1_645' title='bbox 1529 4314 1615 4383; x_wconf 83' lang='lat' dir='ltr'><strong>l2)</strong></span> <span class='ocrx_word' id='word_1_646' title='bbox 1659 4325 1705 4367; x_wconf 87' lang='lat' dir='ltr'><strong>et</strong></span> <span class='ocrx_word' id='word_1_647' title='bbox 1745 4316 1978 4384; x_wconf 83' lang='lat' dir='ltr'><strong>sepulcra</strong></span> <span class='ocrx_word' id='word_1_648' title='bbox 2016 4331 2214 4380; x_wconf 87' lang='lat' dir='ltr'><strong>eorum,</strong></span> 
     </span>
    </p>
   </div>
   <div class='ocr_carea' id='block_1_86' title="bbox 2394 4228 3889 4306">
    <p class='ocr_par' dir='ltr' id='par_1_86' title="bbox 2394 4228 3889 4306">
     <span class='ocr_line' id='line_1_86' title="bbox 2394 4228 3889 4306; baseline 0.01 -25"><span class='ocrx_word' id='word_1_649' title='bbox 2394 4228 2444 4281; x_wconf 88' lang='lat'>6.</span> <span class='ocrx_word' id='word_1_650' title='bbox 2496 4228 2624 4280; x_wconf 85' lang='grc' dir='ltr'><strong>Ἐπὶ</strong></span> <span class='ocrx_word' id='word_1_651' title='bbox 2646 4228 2710 4278; x_wconf 82' lang='grc' dir='ltr'><em>τὸ</em></span> <span class='ocrx_word' id='word_1_652' title='bbox 2741 4229 2885 4281; x_wconf 86' lang='grc' dir='ltr'><strong>αὐτὸ</strong></span> <span class='ocrx_word' id='word_1_653' title='bbox 2916 4229 3118 4296; x_wconf 62' lang='grc' dir='ltr'>ἇςιξρων</span> <span class='ocrx_word' id='word_1_654' title='bbox 3147 4233 3244 4285; x_wconf 84' lang='grc' dir='ltr'><strong>καί</strong></span> <span class='ocrx_word' id='word_1_655' title='bbox 3276 4235 3458 4301; x_wconf 77' lang='grc' dir='ltr'><em>ἄνους</em></span> <span class='ocrx_word' id='word_1_656' title='bbox 3485 4238 3889 4306; x_wconf 48' lang='grc' dir='ltr'>ἀπολωτιεῖ-αι,</span> 
     </span>
    </p>
   </div>
   <div class='ocr_carea' id='block_1_87' title="bbox 2322 4321 3897 4390">
    <p class='ocr_par' dir='ltr' id='par_1_87' title="bbox 2322 4321 3897 4390">
     <span class='ocr_line' id='line_1_87' title="bbox 2322 4321 3897 4390; baseline 0.004 -18"><span class='ocrx_word' id='word_1_657' title='bbox 2322 4321 2419 4372; x_wconf 77' lang='grc' dir='ltr'>καὶ</span> <span class='ocrx_word' id='word_1_658' title='bbox 2458 4321 2932 4385; x_wconf 70' lang='grc' dir='ltr'>καταλείψουσιν</span> <span class='ocrx_word' id='word_1_659' title='bbox 2971 4321 3306 4390; x_wconf 64' lang='grc' dir='ltr'>ἀλλοτρίοις</span> <span class='ocrx_word' id='word_1_660' title='bbox 3337 4326 3445 4379; x_wconf 84' lang='grc' dir='ltr'><em>τὸν</em></span> <span class='ocrx_word' id='word_1_661' title='bbox 3481 4329 3756 4382; x_wconf 64' lang='grc' dir='ltr'>πλοῦτον</span> <span class='ocrx_word' id='word_1_662' title='bbox 3790 4338 3897 4390; x_wconf 73' lang='grc' dir='ltr'>αίι.</span> 
     </span>
    </p>
   </div>
   <div class='ocr_carea' id='block_1_88' title="bbox 663 4401 2226 4492">
    <p class='ocr_par' dir='ltr' id='par_1_88' title="bbox 663 4401 2215 4459">
     <span class='ocr_line' id='line_1_88' title="bbox 663 4401 2215 4459; baseline 0.003 -4"><span class='ocrx_word' id='word_1_663' title='bbox 663 4402 846 4457; x_wconf 80' lang='lat' dir='ltr'><strong>domus</strong></span> <span class='ocrx_word' id='word_1_664' title='bbox 890 4403 1099 4456; x_wconf 78' lang='lat' dir='ltr'><strong>illorum</strong></span> <span class='ocrx_word' id='word_1_665' title='bbox 1149 4405 1201 4456; x_wconf 90' lang='lat' dir='ltr'><strong>in</strong></span> <span class='ocrx_word' id='word_1_666' title='bbox 1238 4415 1506 4457; x_wconf 71' lang='lat' dir='ltr'><strong>aeternum.</strong></span> <span class='ocrx_word' id='word_1_667' title='bbox 1545 4401 1897 4458; x_wconf 82' lang='lat' dir='ltr'><strong>Tabernacula</strong></span> <span class='ocrx_word' id='word_1_668' title='bbox 1943 4423 2118 4459; x_wconf 83' lang='lat' dir='ltr'><strong>eorum</strong></span> <span class='ocrx_word' id='word_1_669' title='bbox 2163 4409 2215 4459; x_wconf 86' lang='lat' dir='ltr'><strong>in</strong></span> 
     </span>
    </p>
   </div>
   <div class='ocr_carea' id='block_1_89' title="bbox 2329 4401 3897 4492">
    <p class='ocr_par' dir='ltr' id='par_1_89' title="bbox 2329 4411 3897 4492">
     <span class='ocr_line' id='line_1_89' title="bbox 2329 4411 3897 4492; baseline 0.013 -29"><span class='ocrx_word' id='word_1_670' title='bbox 2329 4411 2451 4464; x_wconf 66' lang='grc' dir='ltr'>τῶν.</span> <span class='ocrx_word' id='word_1_671' title='bbox 2504 4411 2610 4464; x_wconf 81' lang='grc' dir='ltr'><strong>Καὶ</strong></span> <span class='ocrx_word' id='word_1_672' title='bbox 2648 4415 2702 4465; x_wconf 77' lang='grc' dir='ltr'><strong>οἱ</strong></span> <span class='ocrx_word' id='word_1_673' title='bbox 2734 4413 2905 4482; x_wconf 71' lang='grc' dir='ltr'><em>τάφοι</em></span> <span class='ocrx_word' id='word_1_674' title='bbox 2943 4415 3142 4468; x_wconf 84' lang='grc' dir='ltr'>αὐτῶν</span> <span class='ocrx_word' id='word_1_675' title='bbox 3186 4420 3364 4472; x_wconf 72' lang='grc' dir='ltr'>οἰκίαι</span> <span class='ocrx_word' id='word_1_676' title='bbox 3403 4420 3594 4475; x_wconf 76' lang='grc' dir='ltr'>αὐτῶν</span> <span class='ocrx_word' id='word_1_677' title='bbox 3637 4427 3734 4492; x_wconf 81' lang='grc' dir='ltr'><strong>εἰς</strong></span> <span class='ocrx_word' id='word_1_678' title='bbox 3789 4432 3897 4483; x_wconf 71' lang='grc' dir='ltr'><em>τὸν</em></span> 
     </span>
    </p>
   </div>
   <div class='ocr_carea' id='block_1_90' title="bbox 661 4493 2214 4562">
    <p class='ocr_par' dir='ltr' id='par_1_90' title="bbox 661 4493 2214 4562">
     <span class='ocr_line' id='line_1_90' title="bbox 661 4493 2214 4562; baseline 0.004 -20"><span class='ocrx_word' id='word_1_679' title='bbox 661 4493 950 4559; x_wconf 86' lang='lat' dir='ltr'><strong>progeniem</strong></span> <span class='ocrx_word' id='word_1_680' title='bbox 987 4502 1034 4546; x_wconf 82' lang='lat' dir='ltr'><strong>et</strong></span> <span class='ocrx_word' id='word_1_681' title='bbox 1075 4493 1401 4562; x_wconf 83' lang='lat' dir='ltr'><strong>progeniem,</strong></span> <span class='ocrx_word' id='word_1_682' title='bbox 1436 4500 1742 4546; x_wconf 84' lang='lat' dir='ltr'><strong>vocaverunt</strong></span> <span class='ocrx_word' id='word_1_683' title='bbox 1788 4494 1996 4546; x_wconf 88' lang='lat' dir='ltr'><strong>nomina</strong></span> <span class='ocrx_word' id='word_1_684' title='bbox 2028 4511 2122 4548; x_wconf 82' lang='lat' dir='ltr'><strong>sna</strong></span> <span class='ocrx_word' id='word_1_685' title='bbox 2158 4497 2214 4548; x_wconf 86' lang='lat' dir='ltr'><strong>in</strong></span> 
     </span>
    </p>
   </div>
   <div class='ocr_carea' id='block_1_91' title="bbox 659 4582 2211 4654">
    <p class='ocr_par' dir='ltr' id='par_1_91' title="bbox 659 4582 2211 4654">
     <span class='ocr_line' id='line_1_91' title="bbox 659 4582 2211 4654; baseline 0.005 -21"><span class='ocrx_word' id='word_1_686' title='bbox 659 4585 826 4636; x_wconf 81' lang='lat' dir='ltr'><strong>terris.</strong></span> <span class='ocrx_word' id='word_1_687' title='bbox 873 4582 929 4636; x_wconf 96' lang='lat' dir='ltr'><strong>ln</strong></span> <span class='ocrx_word' id='word_1_688' title='bbox 958 4583 1324 4652; x_wconf 90' lang='lat' dir='ltr'><strong>superioribus</strong></span> <span class='ocrx_word' id='word_1_689' title='bbox 1359 4599 1461 4639; x_wconf 90' lang='lat' dir='ltr'><strong>uno</strong></span> <span class='ocrx_word' id='word_1_690' title='bbox 1501 4583 1734 4650; x_wconf 72' lang='lat' dir='ltr'><strong>generali</strong></span> <span class='ocrx_word' id='word_1_691' title='bbox 1767 4584 1979 4638; x_wconf 87' lang='lat' dir='ltr'><strong>nomine</strong></span> <span class='ocrx_word' id='word_1_692' title='bbox 2002 4587 2211 4654; x_wconf 90' lang='lat' dir='ltr'><strong>sapien-</strong></span> 
     </span>
    </p>
   </div>
   <div class='ocr_carea' id='block_1_92' title="bbox 662 4672 2214 4742">
    <p class='ocr_par' dir='ltr' id='par_1_92' title="bbox 662 4672 2214 4742">
     <span class='ocr_line' id='line_1_92' title="bbox 662 4672 2214 4742; baseline 0.004 -18"><span class='ocrx_word' id='word_1_693' title='bbox 662 4681 740 4724; x_wconf 90' lang='lat' dir='ltr'><strong>tes</strong></span> <span class='ocrx_word' id='word_1_694' title='bbox 779 4672 1009 4734; x_wconf 87' lang='lat' dir='ltr'><strong>vocavit,</strong></span> <span class='ocrx_word' id='word_1_695' title='bbox 1046 4686 1180 4740; x_wconf 91' lang='lat' dir='ltr'><strong>quos</strong></span> <span class='ocrx_word' id='word_1_696' title='bbox 1233 4689 1374 4728; x_wconf 89' lang='lat' dir='ltr'><strong>nunc</strong></span> <span class='ocrx_word' id='word_1_697' title='bbox 1414 4675 1679 4739; x_wconf 85' lang='lat' dir='ltr'><strong>dividens,</strong></span> <span class='ocrx_word' id='word_1_698' title='bbox 1715 4674 2031 4742; x_wconf 89' lang='lat' dir='ltr'><strong>insipientes</strong></span> <span class='ocrx_word' id='word_1_699' title='bbox 2085 4677 2214 4730; x_wconf 88' lang='lat' dir='ltr'><strong>dicit</strong></span> 
     </span>
    </p>
   </div>
   <div class='ocr_carea' id='block_1_93' title="bbox 659 4762 2209 4836">
    <p class='ocr_par' dir='ltr' id='par_1_93' title="bbox 659 4762 2209 4836">
     <span class='ocr_line' id='line_1_93' title="bbox 659 4762 2209 4836; baseline 0.003 -21"><span class='ocrx_word' id='word_1_700' title='bbox 659 4772 713 4815; x_wconf 90' lang='lat' dir='ltr'><strong>et</strong></span> <span class='ocrx_word' id='word_1_701' title='bbox 733 4762 941 4819; x_wconf 87' lang='lat' dir='ltr'><strong>stultos.</strong></span> <span class='ocrx_word' id='word_1_702' title='bbox 974 4763 1152 4818; x_wconf 89' lang='lat' dir='ltr'><strong>Palam</strong></span> <span class='ocrx_word' id='word_1_703' title='bbox 1195 4774 1277 4819; x_wconf 89' lang='lat' dir='ltr'><strong>est</strong></span> <span class='ocrx_word' id='word_1_704' title='bbox 1309 4766 1481 4833; x_wconf 87' lang='lat' dir='ltr'><strong>ipsum</strong></span> <span class='ocrx_word' id='word_1_705' title='bbox 1532 4782 1624 4820; x_wconf 91' lang='lat' dir='ltr'><strong>eos</strong></span> <span class='ocrx_word' id='word_1_706' title='bbox 1659 4767 1929 4836; x_wconf 87' lang='lat' dir='ltr'><strong>sapientes</strong></span> <span class='ocrx_word' id='word_1_707' title='bbox 1965 4781 2209 4834; x_wconf 87' lang='lat' dir='ltr'><strong>vocasse,</strong></span> 
     </span>
    </p>
   </div>
   <div class='ocr_carea' id='block_1_94' title="bbox 659 4855 2210 4925">
    <p class='ocr_par' dir='ltr' id='par_1_94' title="bbox 659 4855 2210 4925">
     <span class='ocr_line' id='line_1_94' title="bbox 659 4855 2210 4925; baseline 0.005 -19"><span class='ocrx_word' id='word_1_708' title='bbox 659 4855 760 4908; x_wconf 86' lang='lat' dir='ltr'><strong>hoc</strong></span> <span class='ocrx_word' id='word_1_709' title='bbox 794 4855 1009 4909; x_wconf 90' lang='lat' dir='ltr'><strong>nomine</strong></span> <span class='ocrx_word' id='word_1_710' title='bbox 1035 4871 1099 4910; x_wconf 82' lang='lat' dir='ltr'><strong>ex</strong></span> <span class='ocrx_word' id='word_1_711' title='bbox 1131 4870 1317 4911; x_wconf 89' lang='lat' dir='ltr'><strong>eorum</strong></span> <span class='ocrx_word' id='word_1_712' title='bbox 1345 4857 1598 4925; x_wconf 90' lang='lat' dir='ltr'><strong>opinione</strong></span> <span class='ocrx_word' id='word_1_713' title='bbox 1639 4873 1817 4914; x_wconf 92' lang='lat' dir='ltr'><strong>usum.</strong></span> <span class='ocrx_word' id='word_1_714' title='bbox 1850 4858 2210 4924; x_wconf 88' lang='lat' dir='ltr'><strong>Quemadmo-</strong></span> 
     </span>
    </p>
   </div>
   <div class='ocr_carea' id='block_1_95' title="bbox 658 4946 2212 5018">
    <p class='ocr_par' dir='ltr' id='par_1_95' title="bbox 658 4946 2212 5018">
     <span class='ocr_line' id='line_1_95' title="bbox 658 4946 2212 5018; baseline 0.006 -23"><span class='ocrx_word' id='word_1_715' title='bbox 658 4948 782 4998; x_wconf 79' lang='lat' dir='ltr'><strong>dum</strong></span> <span class='ocrx_word' id='word_1_716' title='bbox 810 4953 864 5000; x_wconf 90' lang='lat' dir='ltr'><strong>et</strong></span> <span class='ocrx_word' id='word_1_717' title='bbox 896 4947 1137 5002; x_wconf 88' lang='lat' dir='ltr'><strong>nominat</strong></span> <span class='ocrx_word' id='word_1_718' title='bbox 1163 4950 1311 5012; x_wconf 86' lang='lat' dir='ltr'><strong>deos,</strong></span> <span class='ocrx_word' id='word_1_719' title='bbox 1346 4948 1438 5018; x_wconf 92' lang='lat' dir='ltr'><strong>qui</strong></span> <span class='ocrx_word' id='word_1_720' title='bbox 1486 4946 1558 5001; x_wconf 90' lang='lat' dir='ltr'><strong>dii</strong></span> <span class='ocrx_word' id='word_1_721' title='bbox 1594 4963 1697 5002; x_wconf 92' lang='lat' dir='ltr'><strong>non</strong></span> <span class='ocrx_word' id='word_1_722' title='bbox 1736 4961 1861 5002; x_wconf 91' lang='lat' dir='ltr'><strong>sunt</strong></span> <span class='ocrx_word' id='word_1_723' title='bbox 1891 4961 2108 5016; x_wconf 83' lang='lat' dir='ltr'><strong>natura,</strong></span> <span class='ocrx_word' id='word_1_724' title='bbox 2132 4965 2212 5004; x_wconf 89' lang='lat' dir='ltr'><strong>er—</strong></span> 
     </span>
    </p>
   </div>
   <div class='ocr_carea' id='block_1_96' title="bbox 727 5054 1834 5130">
    <p class='ocr_par' dir='ltr' id='par_1_96' title="bbox 727 5054 1834 5130">
     <span class='ocr_line' id='line_1_96' title="bbox 727 5054 1834 5130; baseline 0.007 -23"><span class='ocrx_word' id='word_1_725' title='bbox 727 5055 772 5088; x_wconf 82' lang='grc'><strong>⁶⁶</strong></span> <span class='ocrx_word' id='word_1_726' title='bbox 812 5054 941 5130; x_wconf 62' lang='lat' dir='ltr'><strong>Luc.</strong></span> <span class='ocrx_word' id='word_1_727' title='bbox 968 5073 1079 5121; x_wconf 80' lang='lat' dir='ltr'><strong>xvi,</strong></span> <span class='ocrx_word' id='word_1_728' title='bbox 1107 5058 1176 5112; x_wconf 92' lang='lat'><strong>20</strong></span> <span class='ocrx_word' id='word_1_729' title='bbox 1204 5075 1353 5130; x_wconf 90' lang='lat' dir='ltr'><strong>seqq.</strong></span> <span class='ocrx_word' id='word_1_730' title='bbox 1429 5061 1471 5093; x_wconf 81' lang='lat'>“</span> <span class='ocrx_word' id='word_1_731' title='bbox 1496 5059 1595 5115; x_wconf 79' lang='lat' dir='ltr'><strong>Job</strong></span> <span class='ocrx_word' id='word_1_732' title='bbox 1630 5075 1713 5122; x_wconf 89' lang='grc' dir='ltr'>ιιι,</span> <span class='ocrx_word' id='word_1_733' title='bbox 1749 5062 1834 5115; x_wconf 87' lang='lat' dir='ltr'><strong>l7.</strong></span> 
     </span>
    </p>
   </div>
   <div class='ocr_carea' id='block_1_97' title="bbox 653 5124 1798 5194">
    <p class='ocr_par' dir='ltr' id='par_1_97' title="bbox 653 5124 1798 5194">
     <span class='ocr_line' id='line_1_97' title="bbox 653 5124 1798 5194; baseline 0.005 -16"><span class='ocrx_word' id='word_1_734' title='bbox 653 5124 741 5180; x_wconf 82' lang='lat'><strong>22.</strong></span> <span class='ocrx_word' id='word_1_735' title='bbox 819 5126 864 5156; x_wconf 84' lang='lat'><strong>“</strong></span> <span class='ocrx_word' id='word_1_736' title='bbox 895 5125 1047 5181; x_wconf 81' lang='lat' dir='ltr'><strong>Rom.</strong></span> <span class='ocrx_word' id='word_1_737' title='bbox 1087 5143 1128 5194; x_wconf 88' lang='grc' dir='ltr'><strong>ι,</strong></span> <span class='ocrx_word' id='word_1_738' title='bbox 1163 5130 1251 5183; x_wconf 88' lang='lat'><strong>22.</strong></span> <span class='ocrx_word' id='word_1_739' title='bbox 1281 5124 1294 5130; x_wconf 82' lang='grc'><em>’</em></span> <span class='ocrx_word' id='word_1_740' title='bbox 1318 5124 1372 5162; x_wconf 75' lang='grc'><strong>’⁸⁷</strong></span> <span class='ocrx_word' id='word_1_741' title='bbox 1401 5130 1421 5184; x_wconf 91' lang='lat' dir='ltr'><strong>l</strong></span> <span class='ocrx_word' id='word_1_742' title='bbox 1449 5131 1573 5185; x_wconf 84' lang='lat' dir='ltr'><strong>Cor.</strong></span> <span class='ocrx_word' id='word_1_743' title='bbox 1602 5145 1683 5192; x_wconf 85' lang='grc' dir='ltr'>ιιι,</span> <span class='ocrx_word' id='word_1_744' title='bbox 1712 5131 1798 5184; x_wconf 84' lang='lat' dir='ltr'><strong>l9.</strong></span> 
     </span>
    </p>
   </div>
   <div class='ocr_carea' id='block_1_98' title="bbox 732 5261 744 5276">
    <p class='ocr_par' dir='ltr' id='par_1_98' title="bbox 732 5261 744 5276">
     <span class='ocr_line' id='line_1_98' title="bbox 732 5261 744 5276; baseline 0 0"><span class='ocrx_word' id='word_1_745' title='bbox 732 5261 744 5276; x_wconf 76' lang='grc' dir='ltr'><strong><em>Ι</em></strong></span> 
     </span>
    </p>
   </div>
   <div class='ocr_carea' id='block_1_99' title="bbox 749 5259 1966 5334">
    <p class='ocr_par' dir='ltr' id='par_1_99' title="bbox 749 5259 1966 5334">
     <span class='ocr_line' id='line_1_99' title="bbox 749 5259 1966 5334; baseline 0.004 -21"><span class='ocrx_word' id='word_1_746' title='bbox 860 5260 936 5334; x_wconf 64' lang='lat' dir='ltr'><strong>lia</strong></span> <span class='ocrx_word' id='word_1_747' title='bbox 975 5271 1358 5334; x_wconf 84' lang='lat' dir='ltr'><strong>m_ss._septem.</strong></span> <span class='ocrx_word' id='word_1_748' title='bbox 1394 5263 1528 5317; x_wconf 84' lang='lat' dir='ltr'><strong>Edili</strong></span> <span class='ocrx_word' id='word_1_749' title='bbox 1560 5280 1966 5334; x_wconf 72' lang='grc' dir='ltr'>προσκαλειται.</span> 
     </span>
    </p>
   </div>
   <div class='ocr_carea' id='block_1_100' title="bbox 726 5290 2200 5402">
    <p class='ocr_par' dir='ltr' id='par_1_100' title="bbox 726 5290 2200 5402">
     <span class='ocr_line' id='line_1_100' title="bbox 749 5290 1966 5334; baseline 0.002 -19"><span class='ocrx_word' id='word_1_750' title='bbox 749 5290 816 5315; x_wconf 77' lang='grc' dir='ltr'><strong>ου</strong></span> <span class='ocrx_word' id='word_1_751' title='bbox 860 5290 936 5314; x_wconf 72' lang='lat' dir='ltr'><strong>ua</strong></span> <span class='ocrx_word' id='word_1_752' title='bbox 975 5290 1104 5315; x_wconf 68' lang='grc' dir='ltr'><strong>ΙΙΙδθο</strong></span> <span class='ocrx_word' id='word_1_753' title='bbox 1136 5290 1358 5329; x_wconf 67' lang='grc' dir='ltr'>θεμιειιιο</span> <span class='ocrx_word' id='word_1_754' title='bbox 1395 5290 1528 5317; x_wconf 72' lang='grc' dir='ltr'><strong>ΙῖδυΙιΙ</strong></span> <span class='ocrx_word' id='word_1_755' title='bbox 1560 5290 1966 5334; x_wconf 63' lang='grc' dir='ltr'>πρυῡιαΛξιτα-ι.</span> 
     </span>
     <span class='ocr_line' id='line_1_101' title="bbox 726 5290 2200 5402; baseline 0.004 -18"><span class='ocrx_word' id='word_1_756' title='bbox 726 5290 838 5401; x_wconf 64' lang='grc'>(86)</span> <span class='ocrx_word' id='word_1_757' title='bbox 875 5330 980 5402; x_wconf 82' lang='lat' dir='ltr'><strong>Sic</strong></span> <span class='ocrx_word' id='word_1_758' title='bbox 1009 5331 1189 5402; x_wconf 22' lang='lat' dir='ltr'><strong>Regii”</strong></span> <span class='ocrx_word' id='word_1_759' title='bbox 1217 5334 1425 5397; x_wconf 89' lang='lat' dir='ltr'><strong>tertius,</strong></span> <span class='ocrx_word' id='word_1_760' title='bbox 1469 5347 1693 5402; x_wconf 89' lang='lat' dir='ltr'><strong>quartus</strong></span> <span class='ocrx_word' id='word_1_761' title='bbox 1745 5342 1798 5386; x_wconf 87' lang='lat' dir='ltr'><strong>et</strong></span> <span class='ocrx_word' id='word_1_762' title='bbox 1854 5346 2038 5390; x_wconf 77' lang='lat' dir='ltr'><strong>sextus</strong></span> <span class='ocrx_word' id='word_1_763' title='bbox 2081 5351 2200 5390; x_wconf 90' lang='lat' dir='ltr'><strong>cum</strong></span> 
     </span>
    </p>
   </div>
   <div class='ocr_carea' id='block_1_101' title="bbox 655 5401 2207 5459">
    <p class='ocr_par' dir='ltr' id='par_1_101' title="bbox 655 5401 2207 5459">
     <span class='ocr_line' id='line_1_102' title="bbox 655 5401 2207 5459; baseline 0.005 -7"><span class='ocrx_word' id='word_1_764' title='bbox 655 5401 863 5455; x_wconf 89' lang='lat' dir='ltr'><strong>duobus</strong></span> <span class='ocrx_word' id='word_1_765' title='bbox 919 5401 1036 5455; x_wconf 87' lang='lat' dir='ltr'><strong>aliis</strong></span> <span class='ocrx_word' id='word_1_766' title='bbox 1083 5401 1400 5456; x_wconf 80' lang='lat' dir='ltr'><strong>Colbertinis</strong></span> <span class='ocrx_word' id='word_1_767' title='bbox 1426 5401 1643 5457; x_wconf 83' lang='lat' dir='ltr'><strong>etcum</strong></span> <span class='ocrx_word' id='word_1_768' title='bbox 1690 5403 1855 5456; x_wconf 80' lang='lat' dir='ltr'><strong>Cois].</strong></span> <span class='ocrx_word' id='word_1_769' title='bbox 1885 5406 1954 5457; x_wconf 85' lang='lat' dir='ltr'><strong>At</strong></span> <span class='ocrx_word' id='word_1_770' title='bbox 1994 5406 2118 5458; x_wconf 88' lang='lat' dir='ltr'><strong>editi</strong></span> <span class='ocrx_word' id='word_1_771' title='bbox 2154 5418 2207 5459; x_wconf 90' lang='lat' dir='ltr'><strong>et</strong></span> 
     </span>
    </p>
   </div>
   <div class='ocr_carea' id='block_1_102' title="bbox 657 5469 2207 5600">
    <p class='ocr_par' dir='ltr' id='par_1_102' title="bbox 657 5469 2207 5600">
     <span class='ocr_line' id='line_1_103' title="bbox 657 5469 2207 5600; baseline 0.005 -79"><span class='ocrx_word' id='word_1_772' title='bbox 657 5469 891 5600; x_wconf 58' lang='grc' dir='ltr'>ιιοέιιιιιιιί</span> <span class='ocrx_word' id='word_1_773' title='bbox 937 5485 1067 5525; x_wconf 79' lang='lat' dir='ltr'><strong>mss.</strong></span> <span class='ocrx_word' id='word_1_774' title='bbox 1095 5471 1260 5524; x_wconf 81' lang='grc' dir='ltr'>διὰτὸ</span> <span class='ocrx_word' id='word_1_775' title='bbox 1295 5474 1508 5542; x_wconf 83' lang='grc' dir='ltr'>σπεῖραι</span> <span class='ocrx_word' id='word_1_776' title='bbox 1545 5475 1628 5525; x_wconf 73' lang='grc' dir='ltr'><strong>ἐπ’</strong></span> <span class='ocrx_word' id='word_1_777' title='bbox 1664 5472 1964 5541; x_wconf 81' lang='grc' dir='ltr'>εὐλογίαις,</span> <span class='ocrx_word' id='word_1_778' title='bbox 1999 5476 2091 5528; x_wconf 78' lang='grc' dir='ltr'><strong>καὶ</strong></span> <span class='ocrx_word' id='word_1_779' title='bbox 2121 5475 2207 5528; x_wconf 80' lang='grc' dir='ltr'><strong>θε-</strong></span> 
     </span>
     <span class='ocr_line' id='line_1_104' title="bbox 658 5555 912 5600; baseline 0.012 -11"><span class='ocrx_word' id='word_1_780' title='bbox 658 5555 710 5600; x_wconf 84' lang='grc' dir='ltr'>ρι</span> <span class='ocrx_word' id='word_1_781' title='bbox 746 5556 912 5600; x_wconf 88' lang='grc' dir='ltr'>οντες.</span> 
     </span>
    </p>
   </div>
   <div class='ocr_carea' id='block_1_103' title="bbox 693 5555 912 5603">
    <p class='ocr_par' dir='ltr' id='par_1_103' title="bbox 693 5555 912 5603">
     <span class='ocr_line' id='line_1_105' title="bbox 693 5555 912 5603; baseline 0.014 -14"><span class='ocrx_word' id='word_1_782' title='bbox 693 5555 912 5603; x_wconf 69' lang='grc' dir='ltr'>ιςοντες·.</span> 
     </span>
    </p>
   </div>
   <div class='ocr_carea' id='block_1_104' title="bbox 658 5557 2199 5683">
    <p class='ocr_par' dir='ltr' id='par_1_104' title="bbox 658 5557 2199 5683">
     <span class='ocr_line' id='line_1_106' title="bbox 658 5557 912 5610; baseline 0.012 -21"><span class='ocrx_word' id='word_1_783' title='bbox 658 5557 912 5610; x_wconf 65' lang='grc' dir='ltr'>ριςοντες.</span> 
     </span>
     <span class='ocr_line' id='line_1_107' title="bbox 659 5609 2199 5683; baseline 0.006 -23"><span class='ocrx_word' id='word_1_784' title='bbox 659 5681 665 5683; x_wconf 88' lang='lat'>_</span> <span class='ocrx_word' id='word_1_785' title='bbox 728 5609 836 5676; x_wconf 81' lang='lat'><strong>(87)</strong></span> <span class='ocrx_word' id='word_1_786' title='bbox 865 5610 990 5683; x_wconf 74' lang='lat' dir='ltr'><strong>Reg.</strong></span> <span class='ocrx_word' id='word_1_787' title='bbox 1035 5612 1221 5683; x_wconf 78' lang='lat' dir='ltr'><strong>tertius</strong></span> <span class='ocrx_word' id='word_1_788' title='bbox 1242 5610 1349 5683; x_wconf 84' lang='grc' dir='ltr'><strong>τῶν</strong></span> <span class='ocrx_word' id='word_1_789' title='bbox 1400 5611 1659 5683; x_wconf 81' lang='grc' dir='ltr'>ματαίων,</span> <span class='ocrx_word' id='word_1_790' title='bbox 1700 5612 1899 5667; x_wconf 89' lang='lat' dir='ltr'><strong>Ibidem</strong></span> <span class='ocrx_word' id='word_1_791' title='bbox 1925 5612 1975 5666; x_wconf 90' lang='lat' dir='ltr'><strong>in</strong></span> <span class='ocrx_word' id='word_1_792' title='bbox 2006 5614 2199 5683; x_wconf 87' lang='lat' dir='ltr'><strong>aliqui-</strong></span> 
     </span>
    </p>
   </div>
   <div class='ocr_carea' id='block_1_105' title="bbox 657 5680 1899 5748">
    <p class='ocr_par' dir='ltr' id='par_1_105' title="bbox 657 5680 1899 5748">
     <span class='ocr_line' id='line_1_108' title="bbox 657 5680 1899 5748; baseline 0.002 -17"><span class='ocrx_word' id='word_1_793' title='bbox 657 5681 753 5731; x_wconf 78' lang='lat' dir='ltr'><strong>bus</strong></span> <span class='ocrx_word' id='word_1_794' title='bbox 792 5694 917 5734; x_wconf 86' lang='lat' dir='ltr'><strong>mss.</strong></span> <span class='ocrx_word' id='word_1_795' title='bbox 955 5680 1143 5748; x_wconf 75' lang='lat' dir='ltr'><strong>legitur</strong></span> <span class='ocrx_word' id='word_1_796' title='bbox 1163 5682 1397 5743; x_wconf 85' lang='grc' dir='ltr'>αἰώνιον,</span> <span class='ocrx_word' id='word_1_797' title='bbox 1422 5683 1472 5733; x_wconf 92' lang='lat' dir='ltr'><strong>in</strong></span> <span class='ocrx_word' id='word_1_798' title='bbox 1505 5680 1621 5736; x_wconf 86' lang='lat' dir='ltr'><strong>aliis</strong></span> <span class='ocrx_word' id='word_1_799' title='bbox 1659 5684 1899 5736; x_wconf 84' lang='grc' dir='ltr'>αἰωνίαν.</span> 
     </span>
    </p>
   </div>
   <div class='ocr_carea' id='block_1_106' title="bbox 726 5750 2196 5819">
    <p class='ocr_par' dir='ltr' id='par_1_106' title="bbox 726 5750 2196 5819">
     <span class='ocr_line' id='line_1_109' title="bbox 726 5750 2196 5819; baseline 0.005 -15"><span class='ocrx_word' id='word_1_800' title='bbox 726 5750 831 5810; x_wconf 68' lang='lat'><strong>£88)</strong></span> <span class='ocrx_word' id='word_1_801' title='bbox 869 5750 1038 5805; x_wconf 77' lang='lat' dir='ltr'><strong>Editio</strong></span> <span class='ocrx_word' id='word_1_802' title='bbox 1065 5750 1230 5806; x_wconf 77' lang='lat' dir='ltr'><strong>Paris.</strong></span> <span class='ocrx_word' id='word_1_803' title='bbox 1259 5755 1285 5804; x_wconf 86' lang='grc' dir='ltr'>ὁ</span> <span class='ocrx_word' id='word_1_804' title='bbox 1327 5750 1612 5819; x_wconf 82' lang='grc' dir='ltr'>Ἱερεμίας.</span> <span class='ocrx_word' id='word_1_805' title='bbox 1643 5753 1800 5809; x_wconf 87' lang='lat' dir='ltr'><strong>Deest</strong></span> <span class='ocrx_word' id='word_1_806' title='bbox 1851 5753 2108 5810; x_wconf 86' lang='lat' dir='ltr'><strong>articulus</strong></span> <span class='ocrx_word' id='word_1_807' title='bbox 2145 5756 2196 5811; x_wconf 91' lang='lat' dir='ltr'><strong>in</strong></span> 
     </span>
    </p>
   </div>
   <div class='ocr_carea' id='block_1_107' title="bbox 2318 4499 3890 4584">
    <p class='ocr_par' dir='ltr' id='par_1_107' title="bbox 2318 4499 3890 4584">
     <span class='ocr_line' id='line_1_110' title="bbox 2318 4499 3890 4584; baseline 0.014 -32"><span class='ocrx_word' id='word_1_808' title='bbox 2318 4499 2517 4553; x_wconf 73' lang='grc' dir='ltr'>αἰῶνα.</span> <span class='ocrx_word' id='word_1_809' title='bbox 2553 4501 2914 4573; x_wconf 81' lang='grc' dir='ltr'>Σκηνώματα</span> <span class='ocrx_word' id='word_1_810' title='bbox 2938 4506 3133 4561; x_wconf 81' lang='grc' dir='ltr'>αὐτῶν</span> <span class='ocrx_word' id='word_1_811' title='bbox 3155 4509 3241 4575; x_wconf 76' lang='grc' dir='ltr'><strong>εἰς</strong></span> <span class='ocrx_word' id='word_1_812' title='bbox 3267 4511 3477 4579; x_wconf 79' lang='grc' dir='ltr'>γενεὰν</span> <span class='ocrx_word' id='word_1_813' title='bbox 3512 4514 3606 4566; x_wconf 78' lang='grc' dir='ltr'>καὶ</span> <span class='ocrx_word' id='word_1_814' title='bbox 3638 4521 3890 4584; x_wconf 61' lang='grc' dir='ltr'>γενεάν.</span> 
     </span>
    </p>
   </div>
   <div class='ocr_carea' id='block_1_108' title="bbox 2330 4591 3888 4674">
    <p class='ocr_par' dir='ltr' id='par_1_108' title="bbox 2330 4591 3888 4674">
     <span class='ocr_line' id='line_1_111' title="bbox 2330 4591 3888 4674; baseline 0.012 -32"><span class='ocrx_word' id='word_1_815' title='bbox 2330 4591 2795 4648; x_wconf 77' lang='grc' dir='ltr'>Ἐπεκαλέσαντο</span> <span class='ocrx_word' id='word_1_816' title='bbox 2823 4595 2893 4648; x_wconf 89' lang='grc' dir='ltr'><strong>τὰ</strong></span> <span class='ocrx_word' id='word_1_817' title='bbox 2927 4598 3183 4666; x_wconf 73' lang='grc' dir='ltr'>ὀνόματα</span> <span class='ocrx_word' id='word_1_818' title='bbox 3214 4600 3409 4655; x_wconf 81' lang='grc' dir='ltr'>αὐτῶν</span> <span class='ocrx_word' id='word_1_819' title='bbox 3421 4603 3513 4655; x_wconf 79' lang='grc' dir='ltr'><strong>ἐπὶ</strong></span> <span class='ocrx_word' id='word_1_820' title='bbox 3534 4604 3653 4656; x_wconf 71' lang='grc' dir='ltr'><strong>τῶν</strong></span> <span class='ocrx_word' id='word_1_821' title='bbox 3676 4608 3888 4674; x_wconf 66' lang='grc' dir='ltr'>τριῶν.</span> 
     </span>
    </p>
   </div>
   <div class='ocr_carea' id='block_1_109' title="bbox 2321 4682 3888 4764">
    <p class='ocr_par' dir='ltr' id='par_1_109' title="bbox 2321 4682 3888 4764">
     <span class='ocr_line' id='line_1_112' title="bbox 2321 4682 3888 4764; baseline 0.011 -31"><span class='ocrx_word' id='word_1_822' title='bbox 2321 4682 2463 4734; x_wconf 80' lang='grc' dir='ltr'>Ἀνω</span> <span class='ocrx_word' id='word_1_823' title='bbox 2502 4684 2581 4736; x_wconf 77' lang='grc' dir='ltr'><strong>ἐνὶ</strong></span> <span class='ocrx_word' id='word_1_824' title='bbox 2621 4684 2843 4756; x_wconf 85' lang='grc' dir='ltr'>ὀνόματι</span> <span class='ocrx_word' id='word_1_825' title='bbox 2869 4687 2946 4756; x_wconf 85' lang='grc' dir='ltr'>τῷ</span> <span class='ocrx_word' id='word_1_826' title='bbox 2978 4689 3177 4757; x_wconf 83' lang='grc' dir='ltr'>γενικῷ</span> <span class='ocrx_word' id='word_1_827' title='bbox 3217 4693 3625 4762; x_wconf 85' lang='grc' dir='ltr'>προσηγόρευσε</span> <span class='ocrx_word' id='word_1_828' title='bbox 3662 4699 3888 4764; x_wconf 68' lang='grc' dir='ltr'>σοφοὺς,</span> 
     </span>
    </p>
   </div>
   <div class='ocr_carea' id='block_1_110' title="bbox 2309 4771 3887 4856">
    <p class='ocr_par' dir='ltr' id='par_1_110' title="bbox 2309 4771 3887 4856">
     <span class='ocr_line' id='line_1_113' title="bbox 2309 4771 3887 4856; baseline 0.01 -32"><span class='ocrx_word' id='word_1_829' title='bbox 2309 4771 2400 4835; x_wconf 82' lang='grc' dir='ltr'><strong>οὒς</strong></span> <span class='ocrx_word' id='word_1_830' title='bbox 2431 4773 2523 4826; x_wconf 86' lang='grc' dir='ltr'><strong>νῦν</strong></span> <span class='ocrx_word' id='word_1_831' title='bbox 2568 4776 2924 4846; x_wconf 84' lang='grc' dir='ltr'>ὑποδιαιρῶν,</span> <span class='ocrx_word' id='word_1_832' title='bbox 2966 4778 3207 4848; x_wconf 77' lang='grc' dir='ltr'>ἄφρονας</span> <span class='ocrx_word' id='word_1_833' title='bbox 3238 4781 3331 4831; x_wconf 69' lang='grc' dir='ltr'><strong>και)⁵</strong></span> <span class='ocrx_word' id='word_1_834' title='bbox 3368 4780 3524 4844; x_wconf 85' lang='grc' dir='ltr'>ἄνους</span> <span class='ocrx_word' id='word_1_835' title='bbox 3551 4782 3707 4852; x_wconf 83' lang='grc' dir='ltr'>λέγει</span> <span class='ocrx_word' id='word_1_836' title='bbox 3751 4790 3887 4856; x_wconf 82' lang='grc'>(90).</span> 
     </span>
    </p>
   </div>
   <div class='ocr_carea' id='block_1_111' title="bbox 2315 4864 3888 4948">
    <p class='ocr_par' dir='ltr' id='par_1_111' title="bbox 2315 4864 3888 4948">
     <span class='ocr_line' id='line_1_114' title="bbox 2315 4864 3888 4948; baseline 0.008 -33"><span class='ocrx_word' id='word_1_837' title='bbox 2315 4864 2477 4934; x_wconf 79' lang='grc' dir='ltr'>Δῆλον</span> <span class='ocrx_word' id='word_1_838' title='bbox 2501 4866 2581 4918; x_wconf 85' lang='grc' dir='ltr'>ὅτι</span> <span class='ocrx_word' id='word_1_839' title='bbox 2631 4868 2826 4934; x_wconf 78' lang='grc' dir='ltr'>σοφοὺς</span> <span class='ocrx_word' id='word_1_840' title='bbox 2856 4867 2953 4936; x_wconf 80' lang='grc' dir='ltr'><strong>μὲν</strong></span> <span class='ocrx_word' id='word_1_841' title='bbox 2985 4867 3179 4931; x_wconf 84' lang='grc' dir='ltr'>αὐτοὺς</span> <span class='ocrx_word' id='word_1_842' title='bbox 3207 4864 3376 4934; x_wconf 82' lang='grc' dir='ltr'>εἶπεν,</span> <span class='ocrx_word' id='word_1_843' title='bbox 3397 4873 3500 4926; x_wconf 79' lang='grc' dir='ltr'><strong>ἀπὸ</strong></span> <span class='ocrx_word' id='word_1_844' title='bbox 3528 4877 3626 4944; x_wconf 81' lang='grc' dir='ltr'>τῆς</span> <span class='ocrx_word' id='word_1_845' title='bbox 3652 4879 3888 4948; x_wconf 73' lang='grc' dir='ltr'>οἰήσεως</span> 
     </span>
    </p>
   </div>
   <div class='ocr_carea' id='block_1_112' title="bbox 2314 4957 3887 5036">
    <p class='ocr_par' dir='ltr' id='par_1_112' title="bbox 2314 4957 3887 5036">
     <span class='ocr_line' id='line_1_115' title="bbox 2314 4957 3887 5036; baseline 0.01 -30"><span class='ocrx_word' id='word_1_846' title='bbox 2314 4957 2413 5026; x_wconf 78' lang='grc' dir='ltr'>τῆς</span> <span class='ocrx_word' id='word_1_847' title='bbox 2453 4959 2675 5010; x_wconf 84' lang='grc' dir='ltr'>ἐκείνων</span> <span class='ocrx_word' id='word_1_848' title='bbox 2727 4958 3172 5028; x_wconf 84' lang='grc' dir='ltr'>συγχρησάμενος</span> <span class='ocrx_word' id='word_1_849' title='bbox 3220 4961 3297 5033; x_wconf 84' lang='grc' dir='ltr'>τῷ</span> <span class='ocrx_word' id='word_1_850' title='bbox 3346 4965 3581 5036; x_wconf 82' lang='grc' dir='ltr'>ὀνόματι.</span> <span class='ocrx_word' id='word_1_851' title='bbox 3645 4969 3736 5030; x_wconf 83' lang='grc' dir='ltr'>Ὧς</span> <span class='ocrx_word' id='word_1_852' title='bbox 3792 4972 3887 5020; x_wconf 64' lang='grc' dir='ltr'><strong>καὶ</strong></span> 
     </span>
    </p>
   </div>
   <div class='ocr_carea' id='block_1_113' title="bbox 1927 5064 2416 5126">
    <p class='ocr_par' dir='ltr' id='par_1_113' title="bbox 1927 5064 2416 5126">
     <span class='ocr_line' id='line_1_116' title="bbox 1927 5064 2416 5126; baseline 0.014 -10"><span class='ocrx_word' id='word_1_853' title='bbox 1927 5064 1970 5094; x_wconf 71' lang='grc' dir='ltr'><strong>θ’</strong></span> <span class='ocrx_word' id='word_1_854' title='bbox 1994 5065 2178 5118; x_wconf 83' lang='lat' dir='ltr'><strong>Matth.</strong></span> <span class='ocrx_word' id='word_1_855' title='bbox 2214 5082 2292 5126; x_wconf 75' lang='grc' dir='ltr'>ιιι,</span> <span class='ocrx_word' id='word_1_856' title='bbox 2327 5069 2416 5123; x_wconf 83' lang='lat'><strong>28.</strong></span> 
     </span>
    </p>
   </div>
   <div class='ocr_carea' id='block_1_114' title="bbox 1875 5134 2754 5206">
    <p class='ocr_par' dir='ltr' id='par_1_114' title="bbox 1875 5134 2754 5206">
     <span class='ocr_line' id='line_1_117' title="bbox 1875 5134 2754 5206; baseline 0.008 -20"><span class='ocrx_word' id='word_1_857' title='bbox 1875 5134 1918 5164; x_wconf 70' lang='grc'><strong>⁸⁸</strong></span> <span class='ocrx_word' id='word_1_858' title='bbox 1952 5135 2056 5190; x_wconf 91' lang='lat' dir='ltr'><strong>lsa.</strong></span> <span class='ocrx_word' id='word_1_859' title='bbox 2078 5151 2228 5203; x_wconf 67' lang='grc' dir='ltr'>χχιιι,</span> <span class='ocrx_word' id='word_1_860' title='bbox 2259 5140 2358 5203; x_wconf 72' lang='lat' dir='ltr'><strong>ll;</strong></span> <span class='ocrx_word' id='word_1_861' title='bbox 2402 5141 2417 5192; x_wconf 91' lang='grc' dir='ltr'><strong>Ι</strong></span> <span class='ocrx_word' id='word_1_862' title='bbox 2448 5141 2570 5194; x_wconf 88' lang='lat' dir='ltr'><strong>Cor.</strong></span> <span class='ocrx_word' id='word_1_863' title='bbox 2608 5155 2646 5206; x_wconf 88' lang='grc' dir='ltr'><strong>ι,</strong></span> <span class='ocrx_word' id='word_1_864' title='bbox 2675 5140 2754 5194; x_wconf 88' lang='grc'><strong>19.</strong></span> 
     </span>
    </p>
   </div>
   <div class='ocr_carea' id='block_1_115' title="bbox 2494 5069 2986 5135">
    <p class='ocr_par' dir='ltr' id='par_1_115' title="bbox 2494 5069 2986 5135">
     <span class='ocr_line' id='line_1_118' title="bbox 2494 5069 2986 5135; baseline 0.004 -13"><span class='ocrx_word' id='word_1_865' title='bbox 2494 5071 2538 5101; x_wconf 82' lang='grc'><strong>⁸³</strong></span> <span class='ocrx_word' id='word_1_866' title='bbox 2574 5069 2711 5123; x_wconf 85' lang='lat' dir='ltr'><strong>Psal.</strong></span> <span class='ocrx_word' id='word_1_867' title='bbox 2742 5086 2901 5135; x_wconf 83' lang='lat' dir='ltr'><strong>cxxv,</strong></span> <span class='ocrx_word' id='word_1_868' title='bbox 2935 5069 2986 5125; x_wconf 90' lang='lat'>6.</span> 
     </span>
    </p>
   </div>
   <div class='ocr_carea' id='block_1_116' title="bbox 3063 5073 3885 5146">
    <p class='ocr_par' dir='ltr' id='par_1_116' title="bbox 3063 5073 3885 5146">
     <span class='ocr_line' id='line_1_119' title="bbox 3063 5073 3885 5146; baseline 0.006 -19"><span class='ocrx_word' id='word_1_869' title='bbox 3063 5073 3109 5104; x_wconf 76' lang='lat'><strong>“</strong></span> <span class='ocrx_word' id='word_1_870' title='bbox 3135 5073 3179 5128; x_wconf 86' lang='lat' dir='ltr'><strong>Il</strong></span> <span class='ocrx_word' id='word_1_871' title='bbox 3203 5074 3326 5129; x_wconf 86' lang='lat' dir='ltr'><strong>Cor.</strong></span> <span class='ocrx_word' id='word_1_872' title='bbox 3351 5094 3425 5144; x_wconf 82' lang='lat' dir='ltr'><strong>Ix,</strong></span> <span class='ocrx_word' id='word_1_873' title='bbox 3454 5078 3507 5131; x_wconf 90' lang='lat'>6.</span> <span class='ocrx_word' id='word_1_874' title='bbox 3581 5080 3630 5109; x_wconf 68' lang='grc'><strong>⁸⁵</strong></span> <span class='ocrx_word' id='word_1_875' title='bbox 3661 5078 3778 5134; x_wconf 83' lang='lat' dir='ltr'><strong>Jer.</strong></span> <span class='ocrx_word' id='word_1_876' title='bbox 3814 5099 3885 5146; x_wconf 80' lang='lat' dir='ltr'><strong>Iv,</strong></span> 
     </span>
    </p>
   </div>
   <div class='ocr_carea' id='block_1_117' title="bbox 2316 5276 3885 5342">
    <p class='ocr_par' dir='ltr' id='par_1_117' title="bbox 2316 5276 3885 5342">
     <span class='ocr_line' id='line_1_120' title="bbox 2316 5276 3885 5342; baseline 0.01 -15"><span class='ocrx_word' id='word_1_877' title='bbox 2316 5292 2445 5330; x_wconf 88' lang='lat' dir='ltr'><strong>mss.</strong></span> <span class='ocrx_word' id='word_1_878' title='bbox 2472 5287 2525 5330; x_wconf 89' lang='lat' dir='ltr'><strong>et</strong></span> <span class='ocrx_word' id='word_1_879' title='bbox 2556 5277 2606 5329; x_wconf 90' lang='lat' dir='ltr'><strong>in</strong></span> <span class='ocrx_word' id='word_1_880' title='bbox 2637 5276 2869 5334; x_wconf 86' lang='lat' dir='ltr'><strong>editione</strong></span> <span class='ocrx_word' id='word_1_881' title='bbox 2905 5279 3068 5334; x_wconf 87' lang='lat' dir='ltr'><strong>Basil.</strong></span> <span class='ocrx_word' id='word_1_882' title='bbox 3105 5281 3300 5336; x_wconf 90' lang='lat' dir='ltr'><strong>Statim</strong></span> <span class='ocrx_word' id='word_1_883' title='bbox 3347 5283 3511 5336; x_wconf 82' lang='lat' dir='ltr'><strong>editio</strong></span> <span class='ocrx_word' id='word_1_884' title='bbox 3553 5283 3734 5341; x_wconf 85' lang='lat' dir='ltr'><strong>Paris.</strong></span> <span class='ocrx_word' id='word_1_885' title='bbox 3782 5309 3885 5342; x_wconf 79' lang='lat' dir='ltr'><strong>nuo</strong></span> 
     </span>
    </p>
   </div>
   <div class='ocr_carea' id='block_1_118' title="bbox 2310 5346 3882 5419">
    <p class='ocr_par' dir='ltr' id='par_1_118' title="bbox 2310 5346 3882 5419">
     <span class='ocr_line' id='line_1_121' title="bbox 2310 5346 3882 5419; baseline 0.01 -22"><span class='ocrx_word' id='word_1_886' title='bbox 2310 5348 2471 5419; x_wconf 78' lang='lat' dir='ltr'><strong>verbo</strong></span> <span class='ocrx_word' id='word_1_887' title='bbox 2522 5346 2898 5419; x_wconf 77' lang='grc' dir='ltr'>καλοποιῆσαι.</span> <span class='ocrx_word' id='word_1_888' title='bbox 2930 5351 3105 5404; x_wconf 85' lang='lat' dir='ltr'><strong>Editio</strong></span> <span class='ocrx_word' id='word_1_889' title='bbox 3153 5369 3282 5406; x_wconf 86' lang='lat' dir='ltr'><strong>vero</strong></span> <span class='ocrx_word' id='word_1_890' title='bbox 3331 5351 3490 5406; x_wconf 86' lang='lat' dir='ltr'><strong>Basil.</strong></span> <span class='ocrx_word' id='word_1_891' title='bbox 3529 5366 3580 5409; x_wconf 92' lang='lat' dir='ltr'><strong>et</strong></span> <span class='ocrx_word' id='word_1_892' title='bbox 3604 5371 3705 5411; x_wconf 83' lang='lat' dir='ltr'><strong>sex</strong></span> <span class='ocrx_word' id='word_1_893' title='bbox 3748 5376 3882 5414; x_wconf 86' lang='lat' dir='ltr'><strong>mss.</strong></span> 
     </span>
    </p>
   </div>
   <div class='ocr_carea' id='block_1_119' title="bbox 2308 5417 3211 5490">
    <p class='ocr_par' dir='ltr' id='par_1_119' title="bbox 2308 5417 3211 5490">
     <span class='ocr_line' id='line_1_122' title="bbox 2308 5417 3211 5490; baseline 0.009 -23"><span class='ocrx_word' id='word_1_894' title='bbox 2308 5417 2514 5490; x_wconf 70' lang='lat' dir='ltr'><strong>duabus</strong></span> <span class='ocrx_word' id='word_1_895' title='bbox 2526 5418 2753 5490; x_wconf 55' lang='lat' dir='ltr'><strong>vocibus</strong></span> <span class='ocrx_word' id='word_1_896' title='bbox 2773 5417 2939 5473; x_wconf 80' lang='grc' dir='ltr'>καλὸν</span> <span class='ocrx_word' id='word_1_897' title='bbox 2967 5423 3211 5490; x_wconf 81' lang='grc' dir='ltr'>ποιῆσαι.</span> 
     </span>
    </p>
   </div>
   <div class='ocr_carea' id='block_1_120' title="bbox 2378 5485 3882 5559">
    <p class='ocr_par' dir='ltr' id='par_1_120' title="bbox 2378 5485 3882 5559">
     <span class='ocr_line' id='line_1_123' title="bbox 2378 5485 3882 5559; baseline 0.011 -23"><span class='ocrx_word' id='word_1_898' title='bbox 2378 5486 2487 5559; x_wconf 73' lang='lat'><strong>(89)</strong></span> <span class='ocrx_word' id='word_1_899' title='bbox 2523 5486 2612 5540; x_wconf 91' lang='lat' dir='ltr'><strong>Sic</strong></span> <span class='ocrx_word' id='word_1_900' title='bbox 2656 5485 2947 5544; x_wconf 89' lang='lat' dir='ltr'><strong>Colbertini</strong></span> <span class='ocrx_word' id='word_1_901' title='bbox 2995 5485 3221 5557; x_wconf 84' lang='lat' dir='ltr'><strong>primus.</strong></span> <span class='ocrx_word' id='word_1_902' title='bbox 3269 5491 3508 5559; x_wconf 90' lang='lat' dir='ltr'><strong>quintus,</strong></span> <span class='ocrx_word' id='word_1_903' title='bbox 3569 5509 3769 5551; x_wconf 70' lang='lat' dir='ltr'><strong>sextus</strong></span> <span class='ocrx_word' id='word_1_904' title='bbox 3827 5509 3882 5553; x_wconf 85' lang='lat' dir='ltr'><strong>et</strong></span> 
     </span>
    </p>
   </div>
   <div class='ocr_carea' id='block_1_121' title="bbox 2312 5557 3876 5629">
    <p class='ocr_par' dir='ltr' id='par_1_121' title="bbox 2312 5557 3876 5629">
     <span class='ocr_line' id='line_1_124' title="bbox 2312 5557 3876 5629; baseline 0.015 -28"><span class='ocrx_word' id='word_1_905' title='bbox 2312 5557 2575 5629; x_wconf 51' lang='lat' dir='ltr'><strong>septimus</strong></span> <span class='ocrx_word' id='word_1_906' title='bbox 2633 5572 2753 5610; x_wconf 89' lang='lat' dir='ltr'><strong>cum</strong></span> <span class='ocrx_word' id='word_1_907' title='bbox 2791 5559 2908 5614; x_wconf 89' lang='lat' dir='ltr'><strong>aliis</strong></span> <span class='ocrx_word' id='word_1_908' title='bbox 2963 5562 3134 5614; x_wconf 86' lang='lat' dir='ltr'><strong>tribus</strong></span> <span class='ocrx_word' id='word_1_909' title='bbox 3189 5557 3373 5629; x_wconf 56' lang='lat' dir='ltr'><strong>Regiis</strong></span> <span class='ocrx_word' id='word_1_910' title='bbox 3425 5572 3477 5614; x_wconf 87' lang='lat' dir='ltr'><strong>et</strong></span> <span class='ocrx_word' id='word_1_911' title='bbox 3543 5580 3664 5618; x_wconf 87' lang='lat' dir='ltr'><strong>cum</strong></span> <span class='ocrx_word' id='word_1_912' title='bbox 3702 5568 3876 5625; x_wconf 72' lang='lat' dir='ltr'><strong>(Zoisl.</strong></span> 
     </span>
    </p>
   </div>
   <div class='ocr_carea' id='block_1_122' title="bbox 2309 5623 3808 5698">
    <p class='ocr_par' dir='ltr' id='par_1_122' title="bbox 2309 5623 3808 5698">
     <span class='ocr_line' id='line_1_125' title="bbox 2309 5623 3808 5698; baseline 0.009 -23"><span class='ocrx_word' id='word_1_913' title='bbox 2309 5623 2459 5698; x_wconf 28' lang='lat' dir='ltr'><strong>Ed‘iti.</strong></span> <span class='ocrx_word' id='word_1_914' title='bbox 2474 5641 2601 5698; x_wconf 76' lang='lat' dir='ltr'><strong>vero</strong></span> <span class='ocrx_word' id='word_1_915' title='bbox 2623 5641 2742 5678; x_wconf 88' lang='lat' dir='ltr'><strong>cum</strong></span> <span class='ocrx_word' id='word_1_916' title='bbox 2776 5644 2880 5681; x_wconf 90' lang='lat' dir='ltr'><strong>uno</strong></span> <span class='ocrx_word' id='word_1_917' title='bbox 2912 5640 2996 5681; x_wconf 89' lang='lat' dir='ltr'><strong>aut</strong></span> <span class='ocrx_word' id='word_1_918' title='bbox 3026 5630 3195 5683; x_wconf 84' lang='lat' dir='ltr'><strong>altero</strong></span> <span class='ocrx_word' id='word_1_919' title='bbox 3224 5623 3322 5683; x_wconf 73' lang='lat' dir='ltr'><strong>ms.</strong></span> <span class='ocrx_word' id='word_1_920' title='bbox 3367 5634 3497 5698; x_wconf 81' lang='grc' dir='ltr'><strong>φησί</strong></span> <span class='ocrx_word' id='word_1_921' title='bbox 3525 5636 3614 5687; x_wconf 84' lang='grc' dir='ltr'><strong>τὸν</strong></span> <span class='ocrx_word' id='word_1_922' title='bbox 3641 5636 3808 5695; x_wconf 63' lang='grc' dir='ltr'>Θεὸν.</span> 
     </span>
    </p>
   </div>
   <div class='ocr_carea' id='block_1_123' title="bbox 2379 5693 3456 5765">
    <p class='ocr_par' dir='ltr' id='par_1_123' title="bbox 2379 5693 3456 5765">
     <span class='ocr_line' id='line_1_126' title="bbox 2379 5693 3456 5765; baseline 0.006 -17"><span class='ocrx_word' id='word_1_923' title='bbox 2379 5693 2490 5765; x_wconf 86' lang='grc'>(90)</span> <span class='ocrx_word' id='word_1_924' title='bbox 2526 5693 2603 5749; x_wconf 87' lang='lat' dir='ltr'><strong>lta</strong></span> <span class='ocrx_word' id='word_1_925' title='bbox 2637 5711 2763 5752; x_wconf 89' lang='lat' dir='ltr'><strong>mss.</strong></span> <span class='ocrx_word' id='word_1_926' title='bbox 2791 5713 2904 5754; x_wconf 86' lang='lat' dir='ltr'><strong>sex.</strong></span> <span class='ocrx_word' id='word_1_927' title='bbox 2936 5700 3070 5755; x_wconf 84' lang='lat' dir='ltr'><strong>Editi</strong></span> <span class='ocrx_word' id='word_1_928' title='bbox 3099 5701 3257 5763; x_wconf 78' lang='grc' dir='ltr'>ἄνους</span> <span class='ocrx_word' id='word_1_929' title='bbox 3287 5693 3456 5756; x_wconf 70' lang='grc' dir='ltr'>καλεῖ.</span> 
     </span>
    </p>
   </div>
  </div>
