4068 6318
186 346 293 400 ΗΒ

1274 340 1548 396 HOMILIA
1590 339 1657 394 IN
1694 339 2015 396 PSALMUM
2054 339 2283 396 XLVIII.

3303 341 3409 398 446

184 457 344 520 θεοὺς
375 455 626 525 ὀνομάζει
660 457 782 518 τοὺς
819 453 893 525 μὴ
925 453 1082 522 φύσει
1132 457 1309 520 ὂντας,
1366 461 1432 527 τῇ
1484 456 1736 527 συνηθείᾳ

1847 458 2078 512 rantium
2134 464 2347 512 secutus
2392 459 2882 515 consuetudinem:
2932 460 3004 515 ita
3057 475 3268 531 quoque
3322 476 3410 516 sa-

184 551 296 604 τῶν
327 550 689 619 ἠπατημένων
738 549 1036 618 ἑπόμενος,
1075 550 1213 602 οὕτω
1245 551 1337 603 καὶ
1382 551 1576 618 σοφοὺς
1621 545 1740 604 εἷπε

182 643 312 704 τοὺς
340 642 574 710 ἄφρονας
610 640 702 691 καὶ
733 641 1007 711 ἀνοήτους.
1053 641 1280 692 Δυνατὸν
1323 636 1412 694 οὖν
1440 645 1504 711 τῇ
1535 643 1744 712 ἐπινοίᾳ

181 733 375 784 διελεῖν
405 731 492 782 τὸν
518 733 722 801 ἄφρονα
751 732 858 784 ἀπὸ
886 732 976 785 τοῦ
1000 733 1243 802 ἀνοήτου.
1269 734 1486 802 ’Ἄφρων
1517 733 1612 801 μέν
1637 733 1742 800 γάρ

181 825 335 875 ἐστιν
365 823 392 874 6
422 823 778 892 ἐστερημένος
809 825 1136 893 φρονήσεως,
1166 825 1257 875 καὶ
1281 826 1307 875 6
1336 825 1470 893 πρὸς
1498 825 1562 876 τὰ
1591 824 1741 876 κοινά

183 917 282 967 καὶ
325 914 634 985 ἀνθρώπινα
673 915 987 985 διορατικῶς
1043 915 1118 984 μὴ
1174 914 1328 985 ἔχων.
1373 915 1525 967 Οὕτω
1569 917 1659 967 καὶ
1706 917 1738 985 ὴ

183 1006 440 1076 συνήθεια
474 1007 762 1076 φρονίμους
795 1005 948 1059 καλεῖ
967 1009 1089 1070 τοὺς
1121 1009 1176 1060 ἐν
1211 1009 1321 1070 τοῖς
1348 1008 1483 1059 κατὰ
1510 1007 1598 1058 τὸν
1630 1006 1740 1073 βίον

183 1095 471 1165 πράγμασι
503 1097 561 1148 τὸ
591 1095 860 1163 ὠφέλιμον
889 1095 984 1146 καὶ
1019 1094 1276 1165 βλαϐερὸν
1301 1096 1407 1164 (91)
1443 1095 1739 1164 διακρίνον-

181 1202 313 1247 τας·
344 1185 474 1238 καθὸ
496 1185 704 1256 εἴρηται
734 1184 826 1236 καὶ
853 1185 908 1237 ἐν
941 1184 1018 1253 τῷ
1036 1185 1363 1254 Εὐαγγελίῳ·
1391 1184 1517 1236 Ὅτι
1544 1187 1593 1235 οἱ
1624 1183 1739 1236 υἱοὶ

183 1276 296 1330 τοῦ
351 1275 560 1340 αἰῶνος
615 1276 828 1328 τούτου
887 1276 1302 1345 φρονιμώτεροι
1374 1275 1525 1341 ὑπὲρ
1602 1274 1742 1340 τοὺς

181 1367 358 1432 υἱοὺς
401 1366 503 1419 τοῦ
557 1365 746 1432 φωτὸς
804 1367 890 1431 εὶς
937 1366 1051 1433 τὴν
1099 1365 1308 1434 γενεὰν
1363 1364 1475 1430 τὴν
1515 1361 1741 1417 ἑαυτῶν

175 1462 364 1511 εἰσιν.
411 1457 482 1508 Οὐ
525 1457 631 1527 γὰρ
679 1457 863 1519 ἁπλῶς
914 1457 1326 1529 φρονιμώτεροι,
1373 1458 1484 1510 ἀλλ’
1517 1459 1594 1518 είς
1642 1456 1740 1525 τὴν

181 1551 517 1618 διεξαγωγὴν
544 1550 640 1619 τῆς
679 1550 823 1617 ζωῆς
849 1551 1047 1620 ταύτης
1092 1549 1189 1618 τῆς
1233 1551 1290 1601 ἐν
1319 1551 1382 1618 τῇ
1414 1549 1572 1618 σαρκί
1608 1547 1734 1616 (92).

182 1638 347 1694 Οὗτοι
379 1641 433 1694 δὲ
466 1641 558 1694 καὶ
579 1642 844 1711 οἰκονόμοι
875 1641 1082 1704 ἀδικίας
1108 1642 1370 1709 λέγονται,
1407 1639 1492 1692 διὰ
1529 1639 1587 1691 τὸ
1616 1638 1738 1709 φρό-

180 1748 340 1802 νιμον
371 1731 470 1800 τῆς
502 1732 628 1802 περ)¹
675 1732 764 1784 τὸν
811 1731 1011 1784 ἐαυτῶν
1053 1731 1166 1801 βίον
1202 1729 1526 1799 οίκονομίας.
1582 1727 1740 1780 Κατὰ

1843 548 2082 616 pientes,
2142 549 2455 618 insipientes
2501 559 2554 604 et
2608 550 2804 604 stultos
2854 551 3006 605 dixit.
3064 552 3409 620 lnsipientem

1843 639 2007 708 igitur
2047 656 2074 692 a
2109 642 2270 695 stulto
2309 642 2634 712 cogitatione
2670 643 2794 696 licet
2845 643 3194 710 distinguere.
3227 641 3411 714 Siqui-

1842 732 1960 783 dem
2004 732 2256 798 insipiens
2291 743 2372 787 est
2427 735 2517 801 qui
2555 733 2834 801 prudentia
2866 735 3131 802 privatus,
3165 735 3215 790 in
3253 750 3407 789 corn-

1843 821 2091 874 munibus
2126 837 2189 875 ac
2232 824 2482 878 humanis
2524 825 2682 878 rebus
2732 828 3014 894 perspicax
3045 840 3278 885 nonest.
3315 830 3407 884 Sic

1842 907 2001 960 etiam
2035 913 2366 966 consuetudo
2413 913 2700 981 prudentes
2729 927 2881 968 vocat
2920 931 3033 982 eos,
3072 919 3160 987 qui
3201 921 3250 972 in
3283 921 3408 974 vitae

1842 1001 2089 1068 negotiis,
2118 1003 2249 1055 utile
2271 1015 2323 1057 et
2357 1006 2575 1058 noxium
2614 1007 2940 1070 discernunt,
2965 1009 3118 1078 juxta
3155 1013 3292 1080 quod
3325 1013 3403 1065 di-

1842 1098 1983 1142 ctum
2015 1098 2096 1142 est
2136 1099 2186 1143 et
2226 1091 2276 1142 in
2332 1090 2660 1160 Evangelio:
2705 1096 2839 1160 Quia
2879 1097 2978 1164 [iiii
3023 1100 3180 1169 hujus
3220 1108 3400 1159 saxuli

1841 1180 2198 1243 prudentiores
2216 1181 2340 1248 ﬁliis
2371 1184 2500 1236 lucis
2519 1187 2569 1236 in
2593 1190 2919 1254 generatione
2939 1207 3033 1242 sua
3061 1205 3182 1247 sunt
3209 1195 3270 1248 δν.
3292 1198 3405 1254 Non

1843 1270 1985 1324 enim
2012 1272 2383 1340 prudentiores
2427 1288 2548 1330 sunt
2593 1277 2929 1345 simpliciter,
2965 1284 3058 1337 sed
3107 1287 3173 1340 ad
3203 1289 3406 1354 degen-

1842 1361 1962 1414 dam
2004 1363 2140 1418 hanc
2195 1365 2244 1418 in
2281 1381 2442 1422 carne
2482 1369 2664 1423 vitam.
2703 1370 2905 1426 Rursus
2950 1384 3004 1427 et
3047 1377 3206 1432 villici
3248 1382 3405 1452 183

1841 1452 1915 1506 illi
1960 1454 2259 1524 iniquitatis
2295 1460 2580 1526 prudentes
2617 1463 2887 1526 dicuntur,
2926 1471 3065 1530 quod
3116 1475 3407 1539 prudenter

1839 1545 2005 1597 vitam
2031 1560 2182 1600 suam
2221 1549 2522 1604 instituant.
2559 1551 2856 1609 Prudentes
2877 1571 3086 1626 quoque
3135 1575 3258 1618 sunt
3286 1581 3406 1620 ser‘

1839 1638 2113 1704 pentes",
2153 1642 2445 1694 secundum
2505 1643 2645 1697 hanc
2700 1647 3166 1715 significationem,
3211 1659 3408 1726 quippe

1840 1726 1928 1794 qui
1961 1726 2060 1779 sibi
2093 1727 2221 1794 ipsis
2245 1739 2429 1797 parent
2455 1730 2694 1798 latibula,
2717 1743 2878 1802 atque
2907 1737 2958 1789 in
2980 1740 3229 1805 periculis
3258 1743 3405 1796 omni

179 1823 339 1874 τοῦτο
368 1824 426 1874 τὸ
456 1824 866 1892 σημαινόμενον,
901 1823 1148 1894 φρόνιμοί
1177 1823 1312 1873 εἰσιν
1351 1820 1442 1872 καὶ
1478 1821 1525 1873 οἱ
1561 1820 1734 1888 δφεις,

1841 1819 1996 1872 modo
2032 1819 2214 1890 plagas
2254 1823 2445 1890 capitis
2490 1826 2711 1879 evitent.
2754 1826 2958 1883 Stultus
2992 1841 3170 1887 autem
3202 1835 3246 1888 is
3274 1836 3406 1891 dici-

179 1914 502 1978 καταδύσεις
527 1916 733 1978 ἑαυτοῖς
767 1914 1197 1983 εὐτρεπίζοντες,
1222 1912 1313 1964 καὶ
1342 1913 1398 1966 ἐν
1425 1915 1536 1976 τοῖς
1563 1911 1740 1965 κινδύ-

179 2025 298 2070 νοις
327 2009 485 2059 παντὶ
509 2006 688 2076 τρόπῳ
716 2005 810 2067 τὰς
845 2005 934 2056 ἐπὶ
965 2003 1060 2074 τὴν
1102 2003 1338 2074 κεφαλὴν
1364 2004 1575 2074 πληγὰς
1604 2004 1740 2056 ἁποο

179 2098 490 2166 φεύγοντες.
532 2100 720 2159 Ἀνους
745 2096 799 2146 δὲ
831 2095 1043 2161 λέγεται
1073 2096 1101 2146 ὁ
1127 2095 1223 2147 οὑκ
1257 2095 1393 2164 ἔχων
1427 2097 1492 2149 τὰ
1532 2096 1625 2149 τοῦ
1656 2097 1741 2149 ἀν-

179 2188 404 2260 θρώπου
433 2187 695 2257 ἐξαίρετα.
727 2185 906 2236 Ταῦτα
934 2186 989 2238 δέ
1021 2187 1134 2238 ἐστι
1167 2185 1298 2238 Θεοῦ
1331 2187 1540 2258 Πατρὸς
1579 2206 1740 2241 κατα-

178 2282 387 2350 νόησις,
419 2281 510 2332 καὶ
539 2282 570 2347 ή
607 2275 699 2329 τοῦ
722 2278 779 2329 ἐν
809 2277 949 2348 ἀρχῇ
972 2277 1122 2339 ὄντος
1152 2277 1284 2346 πρὸς
1300 2278 1388 2330 τὸν
1418 2277 1546 2329 Θεὸν
1568 2279 1737 2346 Λόγου

179 2371 460 2441 παραδοχή
496 2368 641 2439 (95)·
689 2370 782 2421 καὶ
827 2372 855 2421 6
906 2370 1058 2440 παρά
1089 2371 1180 2423 τοῦ
1220 2371 1374 2436 ἁγίου
1428 2369 1740 2438 Πνεύματος

179 2462 527 2531 ἐγγινόμενος
565 2461 866 2531 φωτισμὸς⁶
896 2463 1076 2514 ὅντινα
1109 2461 1228 2512 νοῦν
1257 2459 1466 2529 ἔχουσιν
1493 2461 1541 2512 οἱ
1579 2463 1738 2514 δυνά-

181 2571 336 2625 μενοι
388 2554 523 2624 μετὰ
571 2553 780 2606 Παύλου
830 2551 1036 2618 λέγειν’
1080 2550 1266 2620 Ἡμεῖς
1322 2551 1390 2603 δὲ
1434 2553 1581 2605 γοῦν
1612 2556 1742 2620 Χρι-

178 2649 334 2703 στοῦ
385 2649 617 2716 ἔχομεν.
677 2646 955 2716 Κέχρηται
1015 2647 1196 2716 μέντοι
1253 2648 1346 2701 καὶ
1408 2648 1740 2720 ἐνηλλαγμέ-

175 2757 287 2802 νως
334 2742 443 2800 τοῖς
494 2739 696 2807 ῥήμασι
724 2736 990 2808 τούτοιςή
1029 2739 1281 2810 συνήθεια
1329 2739 1428 2808 τῆς
1475 2742 1713 2811 Γραφῆς,

175 2828 270 2881 τὸν
294 2829 392 2898 μὲν
420 2827 572 2880 ἄθεον
601 2827 805 2898 ἄφρονα
835 2827 1064 2897 λέγουσα
1092 2832 1148 2882 ἐν
1182 2831 1257 2900 τῷ
1276 2869 1291 2894 ,
1331 2832 1376 2882 Ε
1382 2828 1516 2884 her
1543 2833 1742 2900 ἄφρων

175 2921 248 2971 ἐν
277 2917 486 2984 καρδίᾳ
517 2918 728 2970 αὐτοῦ·
773 2919 892 2970 Οὐκ
938 2917 1066 2971 ἔστι
1097 2920 1239 2984 Θεός
1266 2935 1280 2948 ·
1330 2921 1422 2972 καὶ
1475 2921 1633 2972 πάλιν
1682 2920 1740 2971 τὸ

180 3013 311 3083 περὶ
366 3012 463 3082 τὴν
528 3011 670 3081 ζωὴν
738 3012 998 3082 βλαϐερὸν
1066 3012 1289 3082 ἀνόητον
1361 3013 1735 3082 ὀνομάζουσαν

176 3106 256 3166 ὼς
284 3106 312 3157 6
357 3103 674 3166 Ἀπόστολος
723 3103 849 3172 περ).
881 3102 988 3153 τῶν
1014 3102 1391 3171 ἐμπιπτόντων
1436 3104 1515 3166 είς
1553 3104 1741 3156 ἐπιθυ-

180 3197 311 3265 μίας
345 3195 602 3262 ἀνοήτους
649 3193 741 3244 καὶ
777 3191 1062 3261 βλαϐεράς.
1118 3190 1272 3244 Οὕτω
1336 3193 1518 3261 μέντοι
1569 3194 1680 3266 (94)
1709 3198 1738 3249 ὁ

177 3289 370 3355 ἄφρων
413 3284 504 3335 καὶ
534 3285 562 3334 6
595 3282 750 3344 ἄνους
784 3281 916 3352 πρὸς
957 3282 1012 3333 ἓν
1054 3282 1228 3336 κοινὸν
1261 3283 1411 3348 τέλος
1458 3287 1555 3357 τὴν
1592 3287 1740 3339 ἀπώ-

175 3377 326 3428 λειαν
355 3373 768 3443 καταφέρονται.
801 3372 1032 3427 Δύναται
1077 3374 1133 3427 δέ
1187 3392 1270 3438 τις
1315 3378 1484 3428 εἰπεῖν
1533 3377 1737 3445 ἄφρονα

179 3470 280 3539 μὲν
331 3465 640 3535 ὠνομάσθαι
687 3465 778 3519 τὸν
824 3465 1050 3527 ἐθνικῶς
1095 3465 1299 3528 ζῶντα,
1342 3466 1501 3518 ἄνουν
1546 3466 1600 3518 δὲ
1649 3466 1739 3522 τὸν

187 3559 492 3623 Ἰουδαϊκῶς
523 3558 659 3612 κατὰ
684 3558 779 3629 τὴν
817 3557 976 3627 ψιλὴν
1011 3556 1103 3608 τοῦ
1130 3557 1294 3628 νρμου
1323 3559 1550 3628 τήρησιν
1586 3557 1736 3611 πολι-

172 3653 484 3722 τευόμενον.
525 3651 708 3719 Τούτῳ
745 3649 851 3720 γὰρ
884 3648 959 3716 τῷ
997 3648 1190 3718 ἄφρονι
1224 3646 1375 3703 εἶπεν
1417 3652 1445 3703 ὁ
1478 3650 1607 3712 Θεὸς
1652 3651 1739 3706 διὰ

171 3749 276 3816 τὴν
346 3746 746 3813 ἐνυπάρχουσαν
816 3740 961 3811 αὐτῷ
1032 3741 1328 3812 ἀθεότητα·
1383 3745 1618 3811 Ἀφρον,
1672 3745 1740 3796 ἑν

172 3839 366 3904 ταύτῃ
399 3835 473 3903 τῇ
507 3834 677 3888 νυκτὶ
702 3833 815 3902 τὴν
843 3831 1054 3900 ψυχήν
1083 3847 1198 3886 σου
1227 3834 1589 3901 ἀέαιροῦσιν
1621 3834 1736 3888 ἀπὸ

172 3934 294 3987 σοῦ
339 3933 469 4002 (95).
516 3932 707 3992 ’Λνους
739 3931 793 3982 δὲ
824 3931 850 3980 6
892 3928 1033 3982 κατὰ
1072 3927 1249 3997 σάρκα
1284 3929 1492 3998 Ἰσραὴλ
1527 3929 1738 3998 ὠνόμα-

173 4043 300 4079 σται
339 4023 475 4076 κατά
513 4025 602 4074 τὸν
633 4021 933 4090 προφήτην,
959 4021 1018 4082 ὃς
1051 4037 1209 4088 φησι·
1247 4019 1353 4073 Καὶ
1385 4015 1464 4088 ἦν
1497 4020 1738 4087 Ἐφραῖμ

172 4121 254 4183 ὡς
288 4114 602 4183 περιστερὰ
637 4113 852 4179 ἄνους·
886 4112 1188 4180 Αῖγυπτον
1217 4111 1562 4167 ἐπεκαλεῖτο
1603 4112 1734 4183 (96),

173 4211 273 4264 καὶ
326 4210 412 4272 είς
453 4207 794 4274 Ἀσσυρίους
837 4203 1169 4274 ἐπορεύετο.
1202 4206 1416 4258 Τούτων
1456 4201 1545 4258 οὖν
1585 4209 1734 4277 κοινῇ

172 4302 406 4371 ὑπὸτῆς
447 4299 579 4361 ἰδίας
618 4298 838 4367 ἀγνοίας
881 4297 1332 4367 συντριϐομένων,
1362 4300 1520 4366 ἡμεῖς
1553 4300 1600 4350 οἱ
1640 4300 1734 4351 ἀλ-

171 4394 375 4464 λότριοι
401 4391 574 4445 αὐτῶν
599 4390 918 4460 κληρονόμοι
947 4388 1037 4440 τοῦ
1063 4390 1290 4441 πλούτου
1321 4390 1580 4459 γινόμεθα
1605 4391 1730 4459 (97).

1843 1917 1948 1971 tur,
1973 1912 2061 1978 qui
2091 1926 2194 1963 non
2234 1912 2394 1967 habet
2423 1930 2505 1978 ea,
2550 1933 2668 1985 qua:
2698 1929 2821 1973 sunt
2853 1921 3085 1976 hominis
3117 1927 3402 1994 przecipua.

1840 1997 1966 2053 lizec
1992 2010 2167 2055 autem
2220 2011 2362 2069 sunt,
2403 2002 2494 2059 Dei
2527 2005 2702 2062 Patris
2729 2012 2936 2078 notitia,
2965 2023 3020 2066 et
3049 2013 3227 2079 Verbi,
3262 2019 3405 2085 quod

1840 2099 1958 2145 erat
1988 2091 2040 2145 in
2102 2093 2366 2164 principio
2399 2099 2537 2163 apud
2573 2098 2737 2155 Deum
2761 2103 2826 2169 “,
2857 2104 3100 2162 doctrina
3125 2125 3152 2162 a
3182 2111 3403 2177 majori-

1840 2181 1938 2235 bus
1966 2195 2207 2252 accepta,
2231 2195 2284 2238 et
2311 2201 2339 2238 a
2382 2199 2565 2241 sancto
2594 2190 2795 2257 Spiritu
2835 2199 3126 2262 procedens
3168 2201 3400 2257 illustra-

1843 2273 1915 2324 tio
1944 2291 1956 2324 :
1989 2288 2149 2341 quam
2181 2286 2411 2331 mentem
2458 2281 2677 2347 habent,
2706 2285 2796 2352 qui
2829 2299 3051 2354 possunt
3081 2307 3200 2347 cum
3241 2293 3403 2349 Paulo

1840 2365 2019 2420 dicere
2050 2386 2062 2420 :
2109 2367 2219 2421 Nos
2250 2381 2420 2424 autem
2458 2385 2677 2429 mentem
2712 2376 2905 2432 Christi
2931 2380 3178 2436 habemus
3200 2387 3268 2440 τ’.
3299 2389 3400 2441 Αι-

1843 2464 2018 2509 tamen
2061 2457 2143 2512 his
2173 2462 2390 2516 vocibus
2427 2464 2666 2519 Vicissim
2709 2482 2772 2524 ac
2808 2473 3116 2539 promiscue
3153 2478 3227 2530 uti
3268 2479 3403 2534 solet

1841 2547 2137 2616 Scriptura,
2181 2561 2364 2619 utpote
2399 2568 2517 2622 quae
2577 2558 2795 2624 impium
2842 2573 2995 2617 vocet
3035 2565 3397 2636 insipientem,

1839 2639 2085 2696 videlicet
2137 2642 2254 2698 loco
2300 2645 2422 2712 illo,
2469 2648 2614 2702 Dixit
2669 2651 2917 2720 insipiens
2950 2656 3003 2708 in
3053 2661 3207 2712 corde
3253 2677 3346 2713 suo
3383 2678 3403 2716 :

1842 2731 1963 2786 Non
2011 2744 2086 2786 est
2135 2736 2272 2789 Deus
2299 2737 2363 2789 ⁷³.
2417 2737 2482 2790 Et
2530 2740 2722 2793 iterum
2761 2743 2832 2807 id,
2864 2747 3004 2812 quod
3053 2750 3176 2802 vita:
3225 2763 3399 2817 nocet,

1841 2823 2061 2878 stultum
2115 2828 2394 2894 nominat;
2421 2831 2866 2897 quemadmodum
2918 2835 3204 2903 Apostolus
3234 2841 3298 2895 de
3335 2843 3401 2895 iis

1840 2916 1928 2983 qui
1960 2917 2012 2970 in
2054 2919 2518 2988 concupiscentias
2552 2924 2742 2978 stultas
2770 2935 2822 2978 et
2865 2931 3053 2983 noxias
3079 2931 3398 2990 incidunt“.

1841 3007 1950 3062 lloc
1983 3010 2168 3078 utique
2201 3022 2354 3079 pacto
2390 3013 2646 3082 insipiens
2685 3023 2738 3067 et
2771 3017 2964 3071 stultus
2991 3020 3306 3076 deferuntur
3336 3026 3402 3077 ad

1843 3115 2006 3154 unum
2053 3117 2391 3156 communem
2428 3105 2586 3158 tinem
2617 3146 2631 3171 ,
2663 3106 3016 3174 perditionem
3042 3111 3085 3140 ⁷⁵
3123 3113 3396 3170 videlicet.

1765 3169 1806 3226 θ
1839 3195 2199 3251 Possitetiam
2230 3200 2350 3267 quis
2383 3201 2590 3266 dicere,
2641 3202 2984 3274 insipientem
3040 3209 3256 3276 quidem
3310 3229 3403 3283 ap-

1839 3286 2090 3352 pellatum
2147 3303 2266 3343 esse
2320 3306 2478 3357 eum,
2547 3294 2636 3362 qui
2702 3309 2849 3350 more
2906 3297 3037 3351 vivit
3102 3302 3399 3375 gentium;

1839 3375 2062 3431 stultum
2115 3392 2246 3432 vero
2297 3395 2440 3447 eum,
2478 3383 2566 3451 qui
2630 3398 2779 3438 more
2827 3383 3048 3442 Judaico
3101 3393 3396 3449 secundum

1839 3467 2033 3519 nudam
2061 3467 2190 3537 legis
2224 3470 2653 3524 observationem
2698 3474 2860 3527 vitam
2887 3475 3053 3546 degit.
3091 3478 3228 3536 Huic
3255 3486 3402 3540 enim

1842 3555 2110 3623 insipienti
2176 3559 2310 3613 dixit
2367 3561 2530 3623 Deus,
2583 3563 2651 3617 ob
2698 3579 2816 3619 eam
2866 3583 2984 3636 quae
3020 3571 3072 3624 in
3111 3573 3226 3643 ipso
3285 3590 3404 3632 erat

1838 3646 2165 3714 impietatem
2213 3668 2225 3704 :
2277 3649 2570 3719 lnsipicns,
2631 3655 2729 3708 hac
2765 3671 2908 3711 nocte
2967 3670 3109 3716 luam
3171 3668 3402 3722 animam

1839 3737 2082 3805 auferunt
2118 3756 2149 3794 a
2193 3750 2241 3795 te
2273 3742 2338 3794 ⁷⁸.
2368 3742 2530 3799 lsracl
2570 3758 2768 3815 autem,
2810 3751 2900 3818 qui
2943 3757 3234 3811 secundum
3278 3775 3401 3814 car-

1839 3844 1958 3882 nem
2015 3841 2138 3896 est,
2191 3843 2410 3888 vocatus
2467 3847 2549 3889 est
2610 3840 2821 3902 stultus,
2881 3843 3033 3910 juxta
3085 3849 3400 3916 prephetam

1839 3921 2103 3975 dicentem
2139 3941 2153 3976 :
2201 3922 2267 3975 Et
2308 3935 2418 3977 crat
2449 3926 2699 3994 Ephraim
2735 3935 2886 4000 quasi
2923 3936 3158 3991 columba
3186 3942 3349 3996 stulta
3379 3959 3399 3996 :

1838 4013 2126 4083 AEgypmm
2177 4017 2486 4086 inuocabat,
2540 4033 2588 4076 et
2640 4024 2707 4076 ad
2759 4027 3000 4096 Assyrios
3046 4031 3151 4083 ibat
3201 4034 3265 4090 ⁷⁷.
3305 4035 3398 4091 His

1839 4106 1998 4174 igitur
2029 4124 2125 4177 per
2155 4125 2304 4164 suam
2339 4115 2578 4180 ipsorum
2619 4117 2881 4170 inscitiam
2915 4121 3072 4173 simul
3107 4127 3354 4180 contritis
3381 4169 3395 4193 ,

1839 4199 1996 4254 alieni
2048 4216 2144 4257 nos
2195 4201 2502 4258 divitiarum
2556 4221 2772 4259 suarum
2820 4208 3059 4266 hatrech
3104 4215 3391 4272 eliicimur.

1839 4292 2026 4348 Nostra
2090 4295 2232 4349 cnim
2309 4307 2437 4352 sunt
2494 4310 2800 4369 praecepta,
2868 4304 3034 4357 nostri
3090 4308 3394 4376 prophetae,

1839 4385 2005 4439 nostri
2048 4387 2399 4454 patriarchae;
2448 4390 2616 4442 nostri
2655 4401 2779 4443 sunt
2834 4393 2987 4459 quia
3024 4396 3220 4452 saeculo
3264 4397 3395 4466 justi

183 4487 374 4557 Ἦμῶν
430 4485 536 4557 γὰρ
595 4487 648 4538 αἱ
714 4481 960 4546 ἐντολαὶ,
1025 4482 1280 4551 ἡμέτεροι
1337 4485 1384 4534 οἱ
1441 4483 1732 4551 προφῆται,

1840 4477 2007 4534 fuere.
2055 4480 2189 4534 Suas
2236 4482 2390 4535 nobis
2437 4481 2652 4537 divitias
2701 4483 3031 4553 reliquerunt
3075 4491 3165 4558 qui
3212 4490 3264 4544 in
3297 4506 3393 4546 sua

248 4650 294 4681 ”
319 4647 450 4702 Luc.
520 4661 628 4708 τινι,
661 4647 713 4702 8.
791 4646 835 4676 ⁷ο
871 4643 1058 4697 Matth.
1090 4657 1142 4702 κ,
1189 4640 1269 4694 16.

171 4720 265 4775 ’³1
320 4720 460 4775 Tim.
495 4731 568 4781 vn,
601 4717 653 4769 9.
729 4717 776 4748 ⁷⁸
807 4715 934 4770 Luc.
963 4729 1061 4778 xu,
1089 4713 1176 4767 20.
1249 4712 1292 4741 ⁷⁷
1319 4711 1441 4766 Ose.
1475 4725 1560 4772 vn,
1603 4712 1650 4763 1.

245 4857 359 4929 (91)
391 4851 617 4929 Εάῑιί-τὸ
647 4851 902 4929 βλαϐερὸν
927 4849 1331 4929 καὶῶφέλιμον.
1360 4847 1577 4929 Legitur
1602 4863 1729 4929 vero

174 4931 226 4982 in
252 4917 356 4982 sci
384 4942 514 4980 mss.
542 4917 755 4979 inverso
785 4917 974 4976 ordine
997 4923 1057 4974 τὸ
1091 4917 1364 4988 ὠφέλιμον
1395 4919 1488 4970 καὶ
1530 4917 1724 4987 βλαϐε-

209 5016 292 5052 ον.

241 5065 359 5138 (92)
389 5065 530 5138 Editi
560 5067 615 5138 ἐν
647 5061 1090 5138 σαρκίηᾹιιιιεξ.
1119 5057 1270 5138 multi
1300 5059 1366 5126 τῇ
1389 5061 1466 5138 ,ἐν
1506 5058 1686 5138 σαρκίἔ

241 5127 358 5207 (93)
394 5137 503 5196 Illa,
534 5136 691 5207 putt;
720 5127 814 5186 τοῦ
841 5135 897 5185 ἐν
934 5132 1075 5207 ἀρχῇ
1120 5130 1268 5190 ὅντος
1309 5127 1443 5207 πρδβ
1471 5129 1725 5207 τὸννθερν

171 5195 351 5278 Λόγου
377 5195 773 5279 παραδοχή,ἐίο
798 5195 1324 5279 vertera't'interpres
1353 5195 1365 5249 ἐ
1394 5195 1525 5277 [ient
1555 5197 1725 5279 Verbi,

170 5268 314 5345 quod
344 5281 396 5331 in
423 5268 675 5348 p'rincipio
711 5285 822 5348 erat
864 5273 1008 5348 apud
1044 5269 1250 5348 Deum,’
1274 5271 1580 5348 assumptio.
1620 5268 1726 5348 Sed

172 5339 274 5402 vos
341 5339 625 5414 assumptio
679 5344 790 5398 visa
826 5339 927 5418 est
972 5340 1288 5418 (gombelisio
1342 5339 1614 5418 remotior,
1658 5339 1727 5418 ob

173 5420 336 5486 idque
364 5409 942 5488 interpretari_maluil_,
993 5410 1147 5464 Verbi
1172 5409 1544 5488 inn-principio
1585 5409 1724 5473 apud

171 5479 342 5540 Deum
381 5479 593 5539 traditio
621 5495 675 5556 et
696 5485 842 5556 ﬁdes.
883 5483 997 5535 Vim
1033 5479 1276 5556 vocabuli
1302 5479 1354 5556 si
1402 5487 1720 5556 spectemus,

171 5557 456 5627 παραδοχή
505 5547 713 5622 proprie
761 5551 1141 5627 eritsusreptio
1192 5547 1387 5627 [ἐπ’ρὶιί
1425 5547 1503 5598 vel
1547 5548 1724 5627 potius

171 5615 624 5693 ttoétriri§,'qiian'i
657 5639 684 5676 ο
739 5615 1042 5692 majoribus
1078 5622 1140 5672 de
1192 5615 1353 5671 Verbi
1399 5616 1723 5682 susceptione
1820 5615 2055 5696 νῶμεθα.
2102 5616 2210 5670 Hoc
2258 5617 2372 5682 ipso
2417 5617 2468 5668 in
2503 5619 2622 5696 loco
2648 5627 2977 5696 septem-ms.

1821 5684 1958 5744 Editi
1984 5705 2107 5742 vero
2143 5701 2261 5741 eum
2289 5700 2394 5740 uno
2426 5695 2515 5739 aut
2541 5684 2711 5740 altero
2736 5700 2832 5739 ms.
2862 5685 3018 5756 ἡμῶν
3044 5684 3170 5756 γάρ.

171 5700 500 5763 accepimus.
590 5764 612 5767 _
1017 5762 1025 5767 _
1619 5748 1685 5767 ﬂ,

243 5757 354 5821 μή)
382 5767 553 5820 Editio
589 5764 758 5819 Paris.
794 5779 910 5818 cum
943 5762 1171 5827 quinque
1198 5769 1286 5811 aut
1323 5773 1410 5812 sex
1451 5772 1576 5810 mss.
1617 5757 1709 5806 Οὐ-

1368 4641 1412 4671 "
1446 4639 1600 4692 Jonn.
1637 4659 1674 4704 ι,
1706 4642 1760 4694 Ξ.

1837 4643 1880 4672 ⁷³
1909 4641 1923 4693 1
1957 4641 2081 4694 Cor.
2114 4655 2171 4703 ιι,
2204 4637 2289 4692 16.
2390 4641 2436 4671 ⁷³
2465 4640 2604 4694 Psal.
2663 4658 2781 4707 xm,
2830 4645 2880 4696 1.
2957 4643 3001 4673 ⁷⁸
3039 4643 3194 4700 Rom.
3225 4663 3262 4713 ι,
3299 4648 3391 4702 51.

1833 4863 1921 4909 τος
1954 4846 2154 4915 μέντοι.
2180 4844 2340 4900 Coisl.
2373 4847 2540 4905 Ουτος
2567 4844 2664 4911 μὲν
2701 4840 2792 4896 οὖν
2817 4845 3023 4915 ἄφρων.
3059 4847 3234 4902 Editto
3265 4863 3391 4903 vero

1833 4916 1995 4969 Basil.
2035 4927 2090 4970 et
2130 4917 2278 4986 Regii
2307 4919 2572 4968 secundus
2597 4925 2650 4967 et
2676 4926 2858 4970 sextus
2885 4933 3004 4970 cum
3037 4916 3188 4972 Colb.
3212 4920 3387 4986 primo

1831 4987 2034 5050 Οὕτως,
2067 4985 2278 5040 melius.

1895 5059 2002 5127 (95)
2043 5057 2202 5109 Voces
2231 5053 2336 5107 ἀπὸ
2370 5052 2462 5104 σοῦ
2491 5053 2681 5108 desunt
2714 5057 2763 5108 in
2795 5071 2888 5110 sex
2934 5071 3063 5111 mss.
3095 5067 3148 5110 et
3188 5056 3239 5110 in
3264 5059 3379 5112 edi—

1828 5130 1969 5185 tione
2000 5129 2157 5181 Basil.

1901 5199 2011 5268 (96)
2042 5194 2332 5268 Colbertiui
2368 5193 2592 5268 primus.
2645 5206 2834 5268 sextus
2869 5205 2924 5249 et
2957 5197 3215 5264 septimus
3258 5213 3378 5251 cum

1826 5263 2031 5323 duobus
2093 5267 2269 5333 Ilegiis
2305 5263 2688 5318 ἐπεκαλέσατο.
2727 5266 2924 5319 Ibidem
2951 5263 3074 5320 editi
3112 5279 3165 5320 et
3214 5271 3383 5333 major

1843 5354 1950 5391 iars
1977 5353 2106 5392 mss.
2142 5335 2447 5405 ἐπορεύετο.
2484 5336 2586 5387 Alii
2616 5337 2827 5399 quidam
2864 5352 2990 5389 mss.
3040 5338 3381 5407 ἐπορεύοντο.

1824 5355 1965 5462 LXX
1990 5423 2199 5462 quoque
2242 5420 2464 5459 numero
2500 5405 2852 5460 multitudinis
2877 5408 2956 5459 usi
2981 5419 3127 5462 sunt.
3159 5409 3381 5462 ἐπορεύ-

1824 5480 1851 5530 θ

1852 5408 1965 5461 ,ΧΧ
1990 5423 2199 5476 quoque
2242 5420 2464 5459 numero
2500 5405 2852 5460 multitudinis
2877 5408 2956 5459 usi
2981 5419 3127 5472 sunt,
3147 5405 3384 5478 ἐπορεύ-

1859 5497 2150 5584 ηῗοοὶιΐίῒηιιι
2199 5545 2452 5584 αρηιὶηιιια
2485 5543 2747 5584 νςυόιιιτθη
2835 5543 2947 5584 R90
3007 5548 3269 5584 camunrinc
3295 5564 3382 5584 νρ-

1891 5546 2168 5670 (9730011).
2198 5545 2452 5625 septimus
2485 5543 2773 5613 γενόμεθα.
2835 5543 2966 5615 Reg.
3007 5548 3269 5632 secundus
3295 5564 3380 5630 γι-

1891 5637 1964 5687 ιμε
2005 5637 2055 5670 α.
2102 5616 2210 5670 Hoc
2258 5632 2372 5682 ipso
2417 5631 2468 5668 ιιι
2509 5619 2622 5687 loco
2648 5627 2850 5682 septem
2894 5632 3023 5687 mss.
3084 5617 3223 5687 Ημιν
3253 5633 3380 5686 γαρ.
