4098 6324
692 341 805 395 447
2026 330 2083 383 S.
2125 329 2362 383 BASILII
2402 327 2616 383 MAGNI
3819 326 3908 380 HS

692 448 991 518 insipientia
1027 449 1252 518 periere.
1278 445 1477 501 Horum
1496 454 1673 500 autem
1697 446 1905 511 domus,
1932 444 2231 511 insipientis

2355 445 2486 515 ιμῶν
2518 445 2568 497 οἱ
2619 443 2977 515 πατριάρχαι·
3012 442 3164 515 ἡμῶν
3209 443 3258 493 οἰ
3308 441 3402 495 ἀπ’
3450 440 3655 503 αἰῶνος
3703 437 3907 492 δίκαιοι.

690 549 743 593 et
779 538 951 603 stulti,
992 538 1240 607 sepulcra
1276 546 1399 593 sunt
1428 537 1480 591 in
1511 547 1791 591 aeternum.
1827 538 2062 603 Quorum
2094 538 2236 590 enim

2355 536 2507 605 Ἠμτν
2556 537 2841 590 κατέλιπον
2879 533 2971 587 τὸν
3005 534 3229 588 πλοῦτον
3277 531 3481 587 ἑαυτῶν
3514 532 3567 583 οἱ
3603 535 3667 584 ὲν
3702 532 3775 600 τῇ
3811 530 3909 598 (9εὲ

690 630 800 681 vita
840 630 1060 684 mortuis
1092 629 1346 697 operibus
1375 644 1439 683 ex
1478 628 1624 683 omni
1677 637 1899 695 peccato
1938 627 2237 680 scaturien-

2355 624 2611 695 ἰφροσύνῃ
2657 622 2861 678 ἑαυτῶν
2911 622 3287 691 ἀπολλύμενοι.
3349 621 3568 674 Τούτων
3626 619 3695 671 δὲ
3750 618 3804 670 αἱ
3839 622 3911 669 οἱ-

692 720 831 775 tibus
871 721 1068 791 repleta
1102 730 1218 783 est,
1255 722 1441 775 horum
1492 722 1681 775 domus
1734 719 1975 788 sepulcra
2020 727 2145 771 sunt
2186 718 2237 770 in

2355 713 2471 776 ιίαι,
2516 714 2609 766 τοῦ
2664 716 2894 788 ἄφρονος
2947 713 3042 765 καὶ
3083 713 3175 765 τοῦ
3236 714 3502 786 ἀνοήτου,
3563 711 3740 778 τάφοι
3785 712 3910 763 εἰσὶν

690 823 969 867 aeternum.
1019 814 1117 879 Qui
1149 813 1292 867 enim
1337 821 1579 866 mortuus
1609 820 1690 863 est
1723 826 1818 878 per
1851 819 2065 879 peccata
2087 847 2103 870 ,
2134 822 2237 860 non

2355 804 2416 864 εἰς
2460 803 2548 855 τὸν
2594 804 2783 858 αἰῶνα.
2816 796 2913 855 Ὦν
2955 802 3061 872 γάρ
3092 803 3122 854 ό
3174 800 3281 871 βίος
3334 802 3544 875 νεκρῶν
3588 799 3781 873 ἔργων
3812 801 3913 851 τῶν

691 903 906 958 domum
947 904 1185 970 habitat,
1236 904 1329 957 sed
1386 903 1722 972 sepulcrum,
1756 916 1875 955 cum
1918 899 2091 951 anima
2125 897 2240 964 ejus

2355 896 2445 947 ὶπὸ
2498 894 2677 963 πάσης
2729 895 2998 967 ἁμαρτίας
3057 893 3436 963 πεπλήρωται,
3483 897 3700 948 τούτων
3757 891 3911 955 τάφοι

694 1002 899 1046 mortua
926 994 1014 1046 sit.
1049 992 1178 1046 Nam
1210 993 1423 1047 donmm
1463 992 1666 1047 habitat
1699 1005 1905 1046 morum
1933 988 2139 1054 integer
2179 1003 2242 1043 ac

2355 986 2473 1039 εἰσιν
2504 988 2557 1038 αί
2597 987 2762 1039 οἰκίαι
2810 989 2889 1050 εἰς
2920 987 3007 1040 τὸν
3046 983 3233 1037 αἰῶνα.
3275 984 3331 1037 '0
3375 984 3481 1054 γὰρ
3516 985 3721 1056 νεκρὸς
3759 981 3911 1050 γενό-

692 1080 917 1150 simplex
955 1081 1139 1145 Jacob,
1191 1082 1256 1136 de
1308 1097 1412 1150 quo
1459 1080 1717 1146 scriptum
1764 1089 1885 1145 est,
1932 1077 2072 1145 quod
2126 1086 2242 1131 erat

2355 1093 2500 1145 αενος
2533 1080 2643 1139 τοῖς
2676 1076 3110 1148 παραπτώμασιν
3163 1076 3262 1127 οὐκ
3318 1074 3490 1127 οἰκίαν
3547 1079 3729 1140 οἰκεῖ,
3778 1073 3914 1128 ἀλλὰ

694 1172 865 1227 Homo
906 1174 1136 1227 sincerus
1180 1190 1241 1226 ac
1279 1174 1469 1234 bonus,
1502 1170 1743 1225 habitans
1788 1172 1994 1223 domum
2032 1167 2077 1198 "
2109 1184 2121 1220 :
2159 1183 2243 1223 se-

2355 1167 2528 1235 τάφον,
2571 1167 2667 1235 τῆς
2704 1168 2893 1219 ἑαυτοῦ
2922 1168 3096 1238 ψυχῆς
3126 1164 3547 1234 νενεκρωμένης.
3576 1167 3780 1219 Οἱκίαν
3817 1165 3915 1234 μὲν

695 1260 931 1331 pulcrum
974 1276 1101 1317 vero
1146 1262 1350 1315 habitat
1386 1261 1461 1324 is,
1504 1260 1594 1329 qui
1639 1261 1857 1315 omnino
1906 1257 2080 1312 malus
2122 1268 2239 1322 est,

2355 1259 2448 1330 γὰρ
2477 1261 2616 1313 οἰκεῖ
2641 1261 2668 1313 ὁ
2706 1257 2889 1321 ἄδολος
2918 1260 2979 1311 τὸ
3006 1257 3136 1330 ἦθος
3168 1258 3260 1311 καὶ
3290 1255 3487 1317 ἁπλοῦς
3527 1256 3752 1319 Ἰακὼϐ,
3787 1257 3917 1328 mp1

694 1363 855 1420 atque
911 1367 977 1407 ne
1031 1350 1359 1419 paenitentia:
1419 1351 1633 1418 quidem
1714 1350 2116 1403 fundamentum
2176 1348 2243 1401 de

2355 1345 2401 1405 >ῦ
2447 1353 2788 1425 γέγραπται,
2836 1353 2917 1404 ὅτι
2972 1348 3038 1421 ἦν
3077 1354 3402 1419 Ἀνθρωπος
3445 1346 3768 1413 ἄπλαστος
3817 1349 3916 1402 καὶ

694 1443 919 1496 Jiortuis
961 1442 1211 1510 operibus
1236 1440 1368 1509 jacit
1397 1454 1410 1493 :
1440 1442 1533 1495 sed
1581 1439 1771 1495 similis
1817 1437 2063 1505 sepulcro
2100 1438 2243 1493 deal-

2355 1443 2580 1511 ὶγίιθὸς,
2630 1442 2806 1497 οἰκῶν
2858 1442 3088 1495 οἰκίαν*
3132 1444 3297 1513 τάφον
3345 1441 3401 1495 δὲ
3445 1442 3582 1491 οἰκεῖ
3618 1440 3646 1489 ό
3684 1442 3915 1508 παμττὸ·

693 1546 822 1585 uato
854 1531 1095 1596 eﬂicitur,
1133 1531 1276 1599 quod
1308 1533 1522 1601 quidem
1568 1531 1864 1583 forinsecus
1903 1528 2242 1598 conspicuum

2355 1551 2541 1604 mpog,
2602 1534 2734 1604 μηδὲ
2795 1533 3043 1603 θεμέλιον
3100 1535 3381 1601 μετανοίας
3432 1528 3913 1597 καταϐαλλόμεπα

692 1630 795 1688 est,
830 1621 1152 1675 intrinsecus
1175 1637 1303 1677 vero
1338 1631 1666 1676 mortuorum
1693 1618 1904 1674 ossibus
1931 1621 2243 1687 cunctisque

2355 1623 2451 1677 '11:?)
2482 1623 2688 1695 νεκρῶν
2717 1624 2909 1696 ἔργων,
2949 1622 3085 1676 ἀλλά
3123 1624 3522 1695 παροιμοιάζων
3548 1622 3711 1690 τάφῳ
3755 1639 3919 1674 κεκο-

695 1712 937 1766 sordibus
998 1711 1253 1767 refertum
1304 1723 1381 1767 est
1416 1711 1481 1762 ".
1542 1710 1899 1777 Quamobrem
1954 1710 2075 1765 talis
2117 1712 2240 1763 dum

2355 1715 2611 1787 πριαμένῳ·
2644 1716 2700 1780 ὃς
2742 1715 2935 1780 ἔξωθεν
2971 1716 3066 1787 μὲν
3114 1715 3359 1785 ἐμφανὴς
3412 1714 3518 1785 (99)
3561 1713 3658 1772 ὣν,
3710 1710 3920 1764 ἔσωθεν

696 1803 951 1872 loquitur,
991 1821 1093 1860 non
1129 1823 1188 1861 os
1217 1805 1386 1875 aperit
1414 1806 1576 1859 verbo
1621 1804 1713 1859 Dei
1741 1842 1755 1868 ,
1808 1805 1902 1860 sed
1932 1804 2235 1873 sepulcrum

2355 1808 2393 1859 ἰὲ
2430 1807 2614 1876 γέμων
2678 1808 2876 1860 ὀστέων
2926 1806 3132 1877 νεκρῶν
3186 1804 3277 1857 καὶ
3320 1807 3496 1877 πάσης
3540 1800 3917 1872 ἀκαθαρσίας.

696 1893 856 1949 habet
882 1906 1143 1963 apertum,
1184 1910 1334 1948 suum
1364 1894 1565 1948 scilicet
1594 1903 1795 1963 guttur.
1822 1894 1885 1948 Si
1920 1895 2045 1963 quis
2072 1894 2237 1965 igitur

2355 1899 2535 1969 διόπερ
2585 1901 2613 1950 ὁ
2644 1898 2878 1960 τοιοῦτος
2922 1897 3285 1967 φθεγγόμενος
3327 1899 3446 1967 οὐχ).
3484 1896 3654 1965 στόμα
3706 1894 3920 1958 ἀνοίγει

698 1983 749 2037 in
776 1985 1041 2040 Christum
1090 1985 1336 2047 credens,
1384 1985 1620 2038 actiones
1655 1983 1765 2038 edit
1793 1982 1914 2038 ﬁdei
1950 1998 2055 2037 non
2101 2000 2237 2040 con-

2355 1989 2483 2057 ιόγῳ
2512 1986 2667 2052 Θεοῦ,
2694 1988 2827 2040 ἀλλά
2854 1986 3022 2056 τάφον
3049 1988 3160 2057 ἔχει
3189 1989 3523 2058 ἀνεῳγμένον
3546 1986 3633 2039 τὸν
3654 1984 3924 2054 λάρυγγα

697 2087 1016 2139 sentaneas,
1050 2078 1093 2131 is
1141 2086 1423 2145 propterea
1460 2077 1601 2145 quod
1632 2091 1793 2146 prava
1823 2077 2109 2131 attenderit
2145 2077 2241 2131 do-

2355 2077 2527 2131 ιύτοῦ.
2551 2077 2618 2130 Et
2655 2095 2738 2141 τις
2767 2074 2858 2131 οὖν
2888 2080 2965 2142 εἰς
2993 2077 3222 2148 Χριστὸν
3252 2078 3534 2140 πιστεύων,
3577 2078 3647 2147 μὴ
3687 2074 3925 2130 ἀκολού-

700 2177 901 2236 gniata,
943 2167 1341 2237 Scripturatque
1382 2167 1701 2236 pervenerit
1731 2182 1973 2233 sensum,
2012 2166 2064 2221 in
2096 2178 2245 2235 petra

2355 2169 2457 2234 θως
2494 2172 2557 2240 τῇ
2592 2170 2769 2221 πίστει
2805 2168 2900 2232 τὰς
2935 2170 3157 2241 πράξεις
3186 2168 3519 2231 ἀποδίδωσιν,
3548 2161 3708 2229 οὗτος
3744 2165 3836 2217 διὰ
3864 2164 3928 2217 τὸ

697 2257 799 2309 sibi
846 2258 957 2327 ipse
997 2258 1298 2325 sepulcrum
1346 2257 1552 2310 incidit.

2356 2262 2643 2333 μοχθηροῖς
2670 2260 2901 2331 δόγμασι
2933 2261 3389 2335 προσεσχηκέναι,
3424 2260 3517 2314 καὶ
3551 2258 3638 2311 διὰ
3669 2256 3739 2310 τὸ
3774 2272 3921 2327 παρ-

698 2348 1005 2419 εκδέχεσθαι
1030 2350 1090 2402 τὸ
1120 2349 1361 2421 βούλημα
1389 2350 1486 2420 τῆς
1517 2350 1759 2422 Γραφῆς,
1786 2350 2006 2421 λατομεῖ
2031 2349 2208 2423 ἑαυτῷ
2247 2353 2303 2408 ὲν
2332 2358 2395 2426 τῇ
2427 2356 2604 2426 πέτρᾳ
2638 2359 2921 2427 μνημεῖον.

767 2439 819 2493 7.
848 2439 1199 2494 Tabernacula
1225 2458 1406 2494 eorum
1438 2444 1491 2494 in
1514 2443 1810 2512 progeniem
1840 2451 1891 2496 et
1920 2446 2247 2512 progeniem;

2425 2446 2475 2498 7.
2516 2446 2877 2514 Σκηνώματα
2912 2444 3109 2498 αὐτῶν
3142 2447 3228 2509 εἰς
3265 2442 3475 2514 γενεὰν
3515 2441 3613 2494 καί
3652 2437 3923 2508 γενεάν·

700 2531 801 2586 hoc
837 2544 917 2588 est
941 2574 956 2601 ,
999 2532 1241 2603 sepulcra
1270 2533 1461 2587 domus
1497 2549 1683 2588 eorum
1714 2544 1839 2589 sunt
1872 2535 1923 2589 in
1968 2545 2244 2590 aeternum.

2355 2537 2643 2600 τουτέστιν,
2666 2539 2713 2588 οἱ
2738 2538 2899 2606 τάφοι
2930 2536 3093 2589 οἰκίαι
3122 2535 3299 2587 αὐτῶν
3328 2537 3461 2586 εἰσιν
3486 2536 3564 2594 εἰς
3591 2533 3681 2583 τὸν
3717 2530 3923 2582 αἰῶνα.

701 2625 899 2680 Deinde
944 2627 1237 2695 explanans
1284 2628 1350 2681 de
1401 2627 1594 2695 quibus
1632 2627 1898 2697 intelligat
1944 2627 2247 2695 sepulcris,

2355 2626 2483 2683 Εἶτα
2537 2627 2849 2700 ἑρμηνεύων
2886 2627 3032 2689 τίνας
3082 2624 3323 2694 βούλεται
3374 2619 3510 2675 εἶναι
3551 2622 3791 2687 τάφους,
3840 2619 3931 2671 ἵνα

700 2724 759 2767 ut
785 2729 841 2768 se
866 2715 931 2768 de
959 2717 1269 2783 corporibus
1310 2730 1614 2769 sermonem
1656 2717 1854 2770 habere
1886 2717 2167 2776 ostendat.
2194 2717 2245 2769 in

2355 2720 2519 2791 δείξῃ,
2557 2722 2637 2775 ὅτι
2684 2718 2945 2792 περὶτῶν
2977 2717 3237 2787 σωμάτων
3266 2715 3429 2783 λέγει,
3460 2707 3538 2775 οἷς
3574 2712 3630 2763 αἱ
3677 2710 3781 2763 διὰ
3828 2709 3929 2779 τὴν

700 2804 893 2873 quibus
925 2805 1117 2859 animae
1164 2821 1258 2877 per
1302 2807 1598 2875 nequitiam
1639 2818 1863 2862 mortuae
1910 2808 2249 2869 inhabitant,

2355 2812 2611 2883 πονηρίαν
2642 2810 3152 2881 ὲναπονεκρωθεῖσαι
3185 2808 3349 2878 ψυχαὶ
3397 2803 3694 2867 ἐνοικοῦσι,
3752 2819 3930 2872 προσ-

706 2893 865 2968 ιεά.
881 2896 1117 2966 adiunxit
1141 2898 1289 2968 ipsis,
1308 2896 1663 2953 Tabernacula
1686 2916 1861 2954 eorum
1883 2902 1934 2953 in
1962 2902 2250 2970 progeniem

2355 2904 2544 2973 έθηκεν
2589 2905 2800 2965 αὐτοῖς·
2847 2901 3204 2971 Σκηνώματα
3230 2899 3421 2955 αὐτῶν
3451 2902 3531 2964 εἰς
3571 2897 3797 2965 γενεὰν
3826 2894 3927 2944 καὶ

700 2997 750 3041 et
806 2991 1094 3059 progeniem
1127 3003 1146 3041 :
1182 2991 1375 3060 quippe
1427 3006 1491 3046 ex
1560 2993 1971 3055 consuetudine,
2023 2994 2249 3045 humana

2355 2997 2583 3065 γενεὰν,
2617 2994 2755 3049 κατά
2781 2995 2879 3065 τὴν
2922 2994 3224 3065 συνήθειαν,
3270 2993 3631 3063 σκηνωμάτων
3669 2987 3792 3038 τῶν
3836 2987 3931 3036 άν-

703 3096 923 3152 corpora
959 3097 1171 3153 semper
1197 3082 1537 3137 tabernacula
1593 3083 1942 3152 appellantur.
1985 3083 2049 3137 Hi
2080 3096 2251 3138 autem

2358 3084 2638 3156 θρωπίνων
2694 3086 2957 3156 σωμάτων
3003 3086 3089 3138 ἀεὶ
3142 3085 3461 3152 λεγομένων.
3509 3071 3665 3132 Οὗτοι
3721 3078 3787 3129 δὲ
3832 3078 3929 3128 καὶ

704 3184 894 3231 vocant
942 3190 1152 3246 quoque
1203 3177 1416 3231 nomina
1470 3190 1568 3230 sua
1613 3176 1663 3229 in
1718 3176 1901 3230 terris.
1944 3174 2059 3231 Non
2110 3177 2251 3231 enim

2355 3176 2730 3231 ἐπικαλοῦνται
2756 3181 2824 3230 τά
2863 3179 3097 3248 ὀνόματα
3135 3175 3309 3227 αὐτῶν
3341 3173 3431 3223 ὲπί
3474 3171 3576 3223 τῶν
3610 3170 3814 3238 γαιῶν.
3852 3170 3928 3220 υύ

708 3269 851 3339 impii
883 3284 1071 3323 nomen
1100 3270 1352 3324 scribitur
1382 3269 1433 3322 in
1478 3267 1617 3324 libro
1665 3268 1957 3323 viventium
1994 3268 2061 3335 ⁸ο,
2087 3284 2251 3338 neque

2355 3268 2459 3336 γάρ
2486 3268 2817 3338 ἐγγράφεται
2841 3265 3068 3327 ἀσεϐοῦς
3094 3265 3263 3332 ὄνομα
3288 3263 3344 3314 ὲν
3376 3260 3537 3331 βίϐλῳ
3562 3258 3639 3329 (i)
3672 3258 3926 3322 ζώντων,

707 3374 1016 3417 numeratur
1050 3378 1170 3417 cum
1227 3362 1466 3417 Ecclesia
1519 3363 1994 3431 primogenitorum
2028 3365 2116 3431 qui
2158 3381 2251 3417 nu-

2355 3358 2469 3410 οὑδὲ
2506 3356 2816 3427 ἀριθμεῖται
2874 3354 3011 3425 μετά
3058 3354 3155 3426 τῆς
3190 3354 3509 3423 Ἐκκλησίας
3549 3351 3657 3402 τῶν
3700 3365 3930 3419 πρωτο-

707 3462 979 3504 merantur
1010 3452 1059 3503 in
1096 3451 1248 3505 ccelis
1277 3450 1320 3481 ἰ
1349 3468 1363 3504 ι
1395 3452 1512 3516 sed,
1543 3452 1687 3519 quod
1720 3452 2085 3505 transitoriam
2122 3453 2251 3505 hanc

2355 3448 2521 3501 τόκων
2550 3447 2654 3499 τῶν
2702 3447 3113 3519 ἀριθμουμένων
3158 3449 3215 3501 ὲν
3264 3446 3533 3517 οὐρανοῖς*
3568 3441 3703 3495 ἀλλά
3735 3445 3812 3511 τῇ
3856 3446 3928 3509 γῇ

706 3551 761 3593 et
789 3540 1001 3593 brevem
1031 3539 1196 3592 vitam
1234 3537 1591 3592 tabernaculis
1623 3537 1841 3590 aeternis
1875 3536 2251 3604 praetulerunt,

2355 3537 2528 3591 αὐτῶν
2562 3538 2882 3609 ὲναπομένει
2920 3539 2988 3592 τὰ
3016 3539 3273 3610 ὀνόματα,
3313 3536 3443 3588 διότι
3480 3534 3575 3602 τὴν
3610 3531 3929 3602 παροδικὴν

710 3630 921 3682 nomina
958 3632 1193 3698 ipsorum
1227 3629 1278 3683 in
1307 3638 1446 3683 terra
1476 3637 1813 3697 permanent.
1848 3627 1963 3681 Non
1993 3627 2141 3681 vides
2167 3641 2251 3682 eos

2355 3630 2552 3701 ταύτην
2594 3632 2737 3701 ζωὴν
2769 3633 2862 3684 καὶ
2904 3631 3257 3701 ὀλιγοχρόνιον
3297 3628 3403 3680 τῶν
3436 3624 3669 3677 αἰωνίων
3701 3625 3930 3695 σκηνῶν

707 3724 792 3789 qui
831 3721 1094 3773 aediﬁcant
1152 3722 1205 3774 in
1254 3721 1477 3774 urbibus
1527 3719 1641 3774 fora
1690 3735 1753 3773 ac
1807 3719 2114 3790 gymnasia,
2168 3734 2251 3771 ex-

2355 3724 2743 3797 προετίμησαν.
2775 3724 2885 3791 Οὐχ
2914 3724 3045 3791 ὁρᾷς
3092 3720 3215 3782 τοὺς
3243 3716 3649 3788 οἰκοδομοῦντας
3693 3718 3758 3767 ὲν
3809 3719 3930 3777 ταῖς

709 3822 918 3863 struunt
959 3810 1150 3864 nitentia
1174 3849 1187 3872 ,
1217 3812 1560 3877 aqumduetus
1613 3819 1963 3873 construunt,
1996 3812 2251 3878 quomodo

2357 3815 2573 3868 πόλεσιν
2618 3813 2821 3884 ἀγορὰς
2869 3813 2959 3864 καί
3004 3811 3309 3881 γυμνάσια,
3356 3810 3503 3879 τείχη
3550 3806 3927 3867 ἀνιστῶντας.

714 3917 899 3955 eorum
961 3901 1173 3954 nomina
1218 3900 1301 3953 his
1348 3900 1576 3953 terrenis
1626 3900 1789 3951 indita
1836 3899 1942 3951 sint
1985 3898 2251 3952 aediliciis?

2364 3904 2703 3973 ὑδραγωγοὺς
2736 3899 3209 3965 ἐπισκευάζοντας,
3241 3898 3356 3961 πῶς
3380 3898 3447 3949 τὰ
3476 3896 3711 3965 ὀνόματα
3740 3895 3929 3948 αὐτῶν

708 3992 824 4046 Jam
879 4007 1001 4046 vero
1046 3991 1330 4057 nonnulli,
1378 3992 1591 4045 nomine
1641 4006 1737 4044 suo
1783 3989 2043 4044 armentis
2096 3991 2251 4043 etiam

2362 3992 2565 4053 τούτοις
2595 3991 2944 4060 ἐπικέκληται
2972 3993 3081 4053 τοῖς
3120 3990 3328 4061 γηίνοις
3372 3987 3927 4056 κατασκευάσμασινς

708 4100 964 4153 equorum
1026 4084 1306 4151 imposito,
1361 4082 1615 4136 induxere
1664 4083 1715 4135 in
1771 4082 2041 4146 animum,
2100 4091 2158 4135 ut
2206 4082 2251 4135 in

2368 4084 2504 4153 Ἤδη
2539 4083 2594 4136 δέ
2620 4101 2781 4147 τινες,
2809 4086 2902 4137 καὶ
2932 4084 3148 4152 ἀγέλαις
3176 4083 3353 4136 ῐππων
3378 4080 3474 4143 τάς
3505 4078 3707 4132 ἑαυτῶν
3754 4094 3930 4149 προσ-

776 4220 819 4251 ”
846 4218 979 4272 Gen.
1008 4233 1129 4283 xxv,
1162 4216 1250 4269 27.
1324 4214 1367 4245 "’
1395 4213 1585 4267 Matth.
1617 4230 1770 4280 xxiii,
1805 4216 1898 4269 27.
1971 4214 2015 4245 ⁸ο
2047 4214 2185 4269 Psal.
2221 4232 2410 4282 vaul,
2437 4219 2526 4273 29.
2581 4219 2625 4250 ⁸¹
2660 4218 2819 4273 llebr.
2860 4236 2955 4283 xii,
2977 4219 3069 4273 '25.

780 4346 1304 4424 (98)_lla_|_egitut:.in
1341 4346 1574 4424 editione
1614 4343 1785 4424 Paris.
1810 4346 1858 4395 οἱ
1895 4344 2248 4424 πατριάρχαι.

710 4414 906 4471 οιάεν
953 4418 1140 4477 αἰῶνος
1191 4415 1383 4468 δίκαιοι
1425 4416 1555 4484 ἡμῖν
1590 4414 1874 4466 κατέλιπον
1904 4414 1992 4465 τὸν
2028 4414 2251 4469 πλοῦτον

713 4487 935 4551 εαυτῶν,
963 4489 1054 4539 καὶ
1104 4488 1150 4537 οἰ
1184 4488 1239 4538 ὲν
1270 4488 1354 4555 τῇ.
1397 4483 1525 4545 ete.,
1570 4485 1621 4535 in
1673 4485 1863 4555 quibus
1912 4483 2246 4555 vitiialiquid

718 4562 886 4611 inesse
918 4566 1140 4611 constat.
1202 4552 1459 4614 Pritiium,
1507 4568 1662 4607 voces
1713 4552 1910 4603 δίκαιοι
1939 4554 2067 4620 ἡμῖν
2092 4555 2247 4606 simul

716 4630 1128 4696 coniunguntur,
1150 4640 1266 4696 qua:
1300 4633 1456 4696 erant
1510 4622 2246 4696 tamenpunctoutsjungeu-

714 4690 839 4750 dae':
875 4690 1083 4757 deinde,
1128 4690 1429 4763 coniunctio
1457 4691 1547 4744 καί
1592 4693 1658 4763 itu
1692 4694 1868 4763 inepte
1908 4690 2245 4763 hieponitnr,

716 4777 772 4818 ut
795 4767 1073 4817 absurdam
1094 4760 1371 4817 admddum
1397 4762 1707 4816 sententiam
1730 4761 1942 4813 etliciat.
1971 4760 2076 4813 Hoc
2107 4762 2245 4813 enim

715 4838 913 4887 diceret
945 4834 1191 4898 Basilius,
1224 4844 1331 4885 tum
1358 4847 1449 4886 eos
1494 4832 1583 4900 qui
1617 4848 1644 4881 a
1678 4832 1871 4883 saeculo
1906 4831 2034 4896 justi
2057 4830 2247 4900 tuere,

716 4917 825 4955 tum
858 4918 949 4957 eos
975 4903 1061 4969 qui
1101 4904 1153 4954 in
1183 4918 1277 4955 sua
1306 4899 1530 4955 stultitia
1569 4902 1795 4968 periere,
1826 4915 1950 4953 suas
1983 4899 2134 4951 nobis
2168 4900 2249 4950 di-

716 4976 868 5026 vitias
916 4974 1113 5041 pariter
1168 4972 1449 5037 reliquisse
1502 4986 1513 5020 :
1568 4973 1707 5041 quod
1764 4979 1956 5041 tamen
2005 4970 2052 5020 ei
2085 4983 2151 5021 ne
2172 4969 2245 5041 -_in

716 5037 940 5097 mentem
970 5043 1179 5110 quidem
1212 5042 1418 5093 venisse
1463 5037 1606 5110 puto.
1657 5037 1835 5092 Basilii
1892 5038 2247 5110 igiturgverbu

718 5116 783 5163 ita
817 5108 1115 5179 interpungi
1139 5112 1363 5179 debent,
1386 5112 1483 5179 iuti
1522 5109 1934 5176 interpungenda
1974 5108 2201 5159 diximus
2234 5124 2246 5158 :

2364 4371 2451 4416 νος
2470 4353 2684 4415 δίκαιοι,
2722 4363 2831 4416 aut,
2857 4352 3111 4422 ἡμέτεροι
3139 4350 3208 4422 οἱ,
3233 4359 3340 4405 etc.
3370 4348 3519 4422 Quod
3557 4347 3596 4401 si
3644 4345 3929 4415 quispiam

2366 4424 2492 4475 illud
2515 4423 2585 4484 οἰ,
2621 4423 2760 4489 quod
2791 4419 2973 4476 vocem
3003 4419 3332 4489 πατριάρχαι
3372 4419 3609 4489 proxime
3646 4422 3929 4489 sequitur,

2365 4492 2537 4559 legere
2574 4483 2741 4543 ’m'alit
2773 4506 2892 4542 cum
2930 4483 3149 4542 accentu
3182 4483 3437 4559 simuhet
3473 4486 3683 4559 spiritu,
3708 4483 3786 4542 οἵ,
3828 4499 3930 4559 au-

2362 4554 2477 4611 ctor
2504 4561 2551 4611 ei
2583 4573 2702 4609 sum
2738 4568 2794 4609 ut
2821 4560 2892 4609 ita
2926 4570 3134 4611 vertat:
3177 4556 3364 4609 Nostri
3401 4554 3736 4621 patriarchae,
3776 4555 3873 4620 qui
3899 4564 3931 4603 et

2353 4626 2543 4680 εωσιιιο
2567 4627 2697 4694 iusti
2750 4627 2977 4692 fuerunt.
3005 4625 3107 4680 Sed
3171 4626 3354 4678 nescio
3402 4626 3665 4694 quomodo
3713 4621 3933 4694 placuit

2353 4697 2481 4749 mihi
2530 4687 2703 4764 magis
2747 4687 2891 4763 prior
2922 4695 3009 4748 illa
3066 4687 3452 4764 interpretandi
3512 4692 3651 4764 ratio
3684 4687 3931 4764 {Nostri

2350 4774 2602 4834 quotquot
2624 4759 2685 4816 ἀ
2738 4759 2929 4817 iaculo
2962 4759 3442 4834 fuerunl.‘Accedit
3470 4762 3630 4815 etiam
3654 4802 3670 4823 ,
3695 4762 3846 4826 quod
3878 4759 3933 4811 οῖ

2351 4832 2473 4889 eum
2510 4845 2741 4889 accentu
2770 4834 2930 4887 simul
2969 4843 3025 4888 et
3058 4835 3245 4902 spiritu
3307 4832 3496 4899 legisse
3531 4843 3753 4902 usquam
3813 4845 3926 4883 non

2353 4905 2592 4958 memini.
2664 4906 2949 4967 Caeterum,
3005 4899 3216 4970 ne'quis
3242 4917 3339 4956 nos
3375 4901 3680 4970 conjectura
3722 4899 3928 4952 ductos

2352 4976 2639 5041 quidquam
2689 4974 2881 5027 fecisse
2909 4969 3231 5042 suspicetur,
3289 4985 3506 5042 monere
3549 4969 3725 5042 juvat_
3756 4982 3929 5021 voces

2349 5037 2542 5096 δίκαιοι
2563 5045 2701 5114 ἡμῖν
2733 5054 2929 5114 puncto
2955 5037 3272 5114 iu'editioue
3313 5037 3874 5114 Basileensidisjungi
3909 5056 3923 5089 :

2354 5118 2503 5176 item,
2526 5108 2966 5179 conjunctionem
3000 5108 3093 5163 καί
3120 5113 3173 5165 in
3226 5112 3322 5162 hac
3346 5113 3453 5177 ipsa
3484 5108 3721 5179 editione
3765 5121 3933 5179 atque

715 5183 901 5235 deinde
922 5178 1162 5234 veculam
1189 5178 1277 5231 καί
1308 5193 1337 5232 e
1385 5178 1501 5230 loco
1527 5193 1682 5244 quem
1722 5179 1857 5228 male
1885 5186 2128 5243 occupat,
2161 5192 2251 5241 pe-

717 5258 856 5303 nitus
888 5252 1117 5303 amoveri
1150 5264 1323 5317 operit:
1357 5247 1585 5315 pretium
1620 5257 1719 5317 est.
1754 5247 1862 5317 i_l_uc
1914 5248 2101 5317 posito.
2133 5262 2250 5297 ver-

718 5323 778 5371 ba
816 5320 996 5374 Basilii
1022 5322 1097 5372 sic
1132 5314 1463 5384 interpretari
1493 5316 1670 5369 licebit
1700 5333 1711 5365 :
1747 5314 1942 5367 Nostra
1965 5316 2100 5366 enim
2130 5326 2247 5366 sunt

714 5403 985 5457 prreccpta,
1016 5391 1176 5441 nostri
1210 5394 1490 5455 prephetaz,
1532 5385 1695 5457 nostri
1718 5385 2061 5457 patriapro/tre,
2082 5386 2249 5457 nostri

714 5454 953 5528 quotquot
988 5476 1017 5510 a
1047 5474 1235 5510 swcuo
1262 5458 1392 5524 justi
1415 5456 1576 5528 fuere.
1607 5455 1752 5528 Suus
1780 5454 1923 5504 nobis
1946 5454 2150 5528 divitios
2171 5470 2249 5503 re-

713 5524 971 5596 tique'runt
1004 5529 1091 5597 qui
1121 5530 1171 5579 in
1196 5544 1288 5578 sua
1318 5525 1613 5597 insipientia
1644 5525 1838 5591 periere
1877 5538 1895 5597 ξ
1923 5538 2071 5597 _qu;_1_a
2110 5524 2247 5574 inter

715 5592 990 5665 sequium
1017 5592 1283 5650 cohaerere
1313 5608 1485 5659 nemo,
1512 5596 1719 5662 opinor,
1749 5592 1979 5665 negabit.
2026 5592 2099 5643 Ex
2147 5606 2248 5665 quo

716 5661 1021 5735 intelligitur
1078 5668 1161 5719 hic
1205 5667 1431 5733 ellipsim
1466 5680 1582 5717 esse
1608 5661 2245 5735 vocisnptiav,a_tirvueis

716 5728 983 5805 ἡμέτεροι,
1025 5738 1203 5801 sicque
1233 5728 1463 5800 suppleri
1494 5735 1704 5794 debere,
1736 5728 1888 5793 ἡμῶν
1914 5733 1961 5782 οἱ
1998 5730 2090 5782 ἀπ’
2121 5728 2241 5780 αἰῶ-

2352 5200 2413 5235 ac
2454 5184 2507 5235 in
2546 5176 2750 5236 nostris
2806 5196 2995 5243 novem
3038 5196 3167 5233 mss.
3198 5176 3403 5233 deesse.
3444 5178 3662 5246 Legitur
3688 5176 3924 5246 quidem

2354 5254 2507 5318 paulo
2553 5252 2709 5304 aliter
2776 5252 2825 5303 in
2873 5251 3060 5310 Coisl.,
3110 5266 3299 5317 nempe
3361 5254 3459 5318 hoc
3505 5244 3683 5318 modo,
3723 5244 3924 5318 ρξ’·ιοῦ

2352 5311 2537 5382 αἰῶνος
2571 5320 2767 5372 δίκαιοι
2805 5320 3049 5372 πλούσιοι
3079 5321 3209 5388 ἡμῖν
3236 5311 3524 5370 κατέλιπον
3570 5315 3660 5388 τὸν
3689 5311 3924 5388 πλοῦτον

2352 5391 2576 5452 ἑαυτῶν,
2604 5392 2652 5441 οἱ
2694 5392 2749 5441 ἐν
2785 5393 2880 5459 τῇ,
2915 5401 3044 5453 etc.,
3074 5384 3181 5459 sed
3215 5390 3345 5441 nihil
3378 5391 3501 5441 inde
3523 5384 3822 5453 adiumenti
3858 5386 3923 5431 ad

2351 5461 2466 5523 ejus
2507 5460 2610 5511 luci
2639 5456 3073 5527 explanationem
3108 5456 3352 5511 aﬂ‘ertur.

2421 5528 2535 5597 (99)
2560 5530 2650 5581 Sic
2682 5520 2844 5582 editio
2890 5529 3051 5581 Basil.
3089 5539 3143 5580 et
3176 5531 3410 5595 quinque
3462 5538 3592 5597 mss.
3628 5522 3722 5597 _At
3752 5520 3920 5575 editio

2350 5592 2528 5652 Paris.
2554 5614 2676 5652 cum
2714 5599 2919 5652 duobus
2954 5608 3043 5649 aut
3080 5592 3247 5650 tribus
3289 5592 3414 5647 niss.
3442 5592 3704 5664 εὑφανής.

2419 5668 2495 5738 (1)
2528 5667 2605 5722 ita
2629 5682 2757 5723 mss.
2789 5679 3010 5737 septem.
3039 5668 3177 5722 Editi
3211 5666 3304 5718 ἐπὶ
3333 5664 3520 5734 βίῦλῳ.
