4098 6324
123 335 160 386 4
187 337 257 388 ΞΩ
1257 339 1534 393 llOMiLlA
1576 340 1640 394 IN
1681 338 2001 396 PS.\l.MU.’ll
2043 337 2268 392 XLVIII.
3272 344 3374 399 4320

122 465 387 516 ηγοοισῑς
435 450 885 520 ἐπισημηνάμενοι,
930 453 1020 505 ἐπὶ
1068 452 1197 505 πολὺ
1237 455 1713 525 συμπαραταθῆναι

1827 455 2035 524 longum
2071 454 2189 508 vita:
2227 462 2432 522 tempus
2482 469 2572 508 sua
2606 455 2841 524 ipsorum
2880 456 3136 510 memoria
3187 469 3378 510 esten-

122 539 222 608 τῷ
260 541 370 609 βίῳ
414 541 507 610 τὴν
544 543 758 613 μνήμην
801 544 1005 599 ἐαυτῶν
1036 545 1361 615 ἐπενόησανο
1397 547 1487 600 καὶ
1533 551 1588 600 ἐν
1631 549 1713 602 τά·

1824 547 2074 613 deretur,
2131 547 2258 615 quin
2323 546 2486 601 etiam
2534 546 2928 616 magnificentia
3002 547 3054 600 in
3106 546 3373 614 sepulcris

129 649 281 698 τροις
327 633 381 684 δέ
417 633 810 705 μεγαλουργίαν
842 636 1252 706 ἐπιδειξάμενοι,
1293 642 1404 702 τοῖς
1449 641 1724 709 μνήμασιν

129 723 372 774 ἑαυτῶν
423 725 690 792 ἐναφῆκαν
737 727 804 777 τὰ
851 727 1104 796 ὀνόματα.
1153 721 1309 781 Οὗτοί
1362 732 1498 781 εἰσιν
1555 731 1604 782 οἱ
1657 731 1724 785 τὰ

127 814 327 882 γήϊνα
372 815 707 884 φρονοῦντες,
755 819 845 869 καὶ
886 818 982 886 τὴν
1033 818 1265 872 ἐνταῦθα
1309 816 1484 882 δόξαν,
1532 822 1622 872 καὶ
1666 821 1726 872 τὸ

131 903 317 974 παρὰ
345 908 452 968 τοῖς
493 905 792 978 ἀνθρώποις
839 908 1264 977 μνημονεύεσθαι
1294 908 1564 979 αὔταρκες
1603 912 1724 962 ἐαυ-

129 999 269 1058 τοῖς
312 1000 392 1060 εἰς
431 999 797 1068 μακαριότητα
825 999 1173 1070 λογιζόμενοι.
1216 1001 1333 1054 Κᾶν
1365 1001 1477 1073 ἴδῃς
1517 1002 1572 1054 δέ
1605 1019 1721 1054 τινα

133 1081 266 1134 τῶν
302 1084 398 1134 ἐπὶ
431 1084 758 1155 ψευδωνύμῳ
803 1085 995 1152 γνώσει
1050 1089 1190 1158 μέγα
1237 1089 1572 1159 φρονούντων
1620 1090 1716 1156 (2),

138 1172 251 1222 καὶ
305 1175 710 1242 προσνεμόντων
740 1177 963 1239 ἑαυτοὺς
997 1177 1278 1248 μοχθηρῶν
1312 1196 1471 1230 τινων
1522 1180 1721 1249 δογμά-

135 1279 264 1315 των
303 1264 726 1331 συγκαταθέσεσι
789 1267 884 1336 ('5),
915 1270 1005 1320 καὶ
1042 1268 1160 1320 ἀντὶ
1194 1268 1285 1320 τοῦ
1328 1269 1585 1340 ὀνόματος
1616 1272 1720 1324 τῶν

136 1354 517 1425 Χριστιανῶν,
563 1355 651 1423 ἀφ’
696 1356 810 1420 ἐνός
846 1375 982 1420 τινος
1033 1359 1138 1411 τῶν
1186 1361 1719 1431 αἱρεσιαρχησάντων

137 1447 388 1508 ἑαυτοὺς
419 1446 794 1513 ὀνομάζοντας,
827 1448 1162 1517 Μαρκίωνος,
1207 1452 1237 1520 ἢ
1275 1451 1639 1512 Οὐαλεντίνου,
1683 1453 1714 1522 ἢ

136 1535 260 1587 τῶν
292 1535 391 1586 νῦν
422 1535 849 1600 ἐπιπολαζόντων
877 1537 1036 1601 τινὸς,
1069 1539 1318 1606 γίνωσκε,
1344 1540 1422 1592 δτι
1454 1541 1544 1594 καὶ
1573 1534 1718 1593 οὗτοι

140 1627 560 1680 ἐπεκαλέσαπο
605 1628 672 1682 τὰ
713 1629 949 1698 ὀνόματα
994 1632 1172 1683 αὐτῶν
1223 1632 1315 1686 ἐπὶ
1365 1633 1471 1686 τῶν
1525 1635 1714 1702 γαιῶν,

140 1719 423 1789 φθαρτοῖς
462 1719 764 1791 ἀνθρώποις
816 1722 908 1772 καὶ
959 1723 1018 1774 τὸ
1065 1723 1182 1776 ὅλον
1237 1726 1443 1795 γηῖνοις
1495 1727 1718 1790 ἐαυτοὺς

139 1810 607 1880 προσνείμαντες.

215 1900 274 1954 8.
324 1902 433 1955 Καὶ
505 1901 809 1969 ἄνθρωπος
853 1904 921 1956 ἐν
973 1903 1108 1972 τιμῇ
1162 1902 1265 1970 ὢν,
1322 1911 1392 1959 οὺ
1455 1907 1716 1975 συνῆκε’

139 1991 661 2061 παρασυνεϐλήθη
696 1993 818 2057 τοῖς
849 1993 1093 2057 κτήνεσι
1134 1994 1257 2057 τοῖς
1289 1995 1586 2063 ἀνοήτοις,
1621 1997 1718 2050 καὶ

139 2082 422 2151 ὡμοιώθη
463 2082 681 2146 αὐτοῖς.
715 2083 870 2147 Αὕτη
905 2084 941 2148 ἡ
980 2083 1116 2147 ὁδὸς
1145 2083 1340 2137 αὐτῶν
1373 2085 1720 2142 σκάνδαλον

139 2173 394 2237 αὐτοῖς·
442 2171 537 2224 καὶ
579 2170 726 2239 μετὰ
771 2173 952 2225 ταῦτα
995 2175 1061 2227 ἐν
1106 2173 1183 2240 τῷ
1233 2178 1480 2246 στόματι
1525 2179 1720 2234 αὐτῶν

140 2262 582 2326 εὐδοκήσουσι.
637 2264 793 2332 Μέγα
846 2265 1154 2337 ἄνθρωπος,
1206 2269 1297 2320 καὶ
1353 2270 1527 2337 τίμιον
1581 2271 1717 2340 ἀνὴρ

139 2355 428 2423 ἐλεήμων,
469 2355 527 2406 τὸ
563 2355 740 2426 τίμιον
774 2357 829 2410 ἐν
862 2360 927 2427 τῇ
968 2363 1165 2428 φυσικῇ
1217 2363 1522 2431 κατασκευῇ
1556 2360 1713 2431 ἔχων.

143 2445 213 2496 Τί
245 2445 361 2515 γὰρ
389 2445 494 2498 τῶν
519 2448 610 2500 ἐπὶ
647 2447 748 2516 γῆς
782 2447 906 2499 ἄλλο
945 2448 1061 2498 κατ’
1104 2447 1283 2500 εἰκόνα
1314 2448 1404 2501 τοῦ
1438 2451 1717 2516 κτίσαντος

141 2537 385 2605 γέγονε;
421 2539 536 2591 Τίνι
571 2540 603 2608 ἡ
639 2538 776 2592 κατὰ
823 2538 1035 2590 πάντων
1069 2538 1146 2610 (4)
1191 2541 1331 2612 ἁρχὴ
1367 2543 1460 2595 καὶ
1500 2543 1714 2608 ἐξουσία

143 2630 258 2680 τῶν
307 2648 370 2682 τε
414 2631 676 2700 χερσαίων
716 2629 807 2682 καὶ
847 2629 1078 2701 ἐνύδρων
1121 2633 1213 2686 καὶ
1262 2635 1518 2706 ἐναερίων
1564 2637 1714 2700 ζώων

144 2720 501 2790 κεχάρισται;
534 2720 713 2790 Βραχὺ
750 2721 844 2790 μὲν
879 2721 1183 2793 ὑποϐέϐηκε
1210 2724 1308 2795 τὴν
1338 2725 1446 2778 τῶν
1474 2729 1714 2796 ἀγγέλων

146 2811 311 2874 ἀξίαν
353 2810 437 2863 διὰ
465 2809 558 2880 τὴν
587 2812 719 2882 πρὸς
747 2811 804 2865 τὺ
836 2813 1034 2880 γεῶδες
1065 2814 1222 2885 σῶμα
1257 2817 1546 2887 συνάφειαν
1565 2837 1577 2848 ·
1624 2821 1714 2873 τὸν

149 2903 252 2970 μέν
296 2897 392 2954 οὖν
430 2900 709 2972 ἄνθρωπον
751 2906 1000 2976 ἐποίησεν
1029 2906 1133 2959 ἀπὸ
1161 2908 1259 2978 τῆς
1292 2910 1411 2978 γῆς,
1445 2911 1540 2964 καὶ
1577 2914 1715 2980 τοὺς

145 2991 533 3060 λειτουργοὺς
568 2995 750 3047 αὐτοῦ
784 2995 971 3064 πυρὸς
998 2999 1193 3066 φλόγα
1212 3014 1224 3026 ⁸
1259 2997 1369 3050 ἀλλ’
1399 3001 1547 3070 ὅμως
1576 3005 1609 3073 ἦ
1652 3023 1712 3074 γε

147 3083 243 3135 τοῦ
274 3087 418 3139 νοεῖν
459 3087 550 3139 καὶ
579 3085 813 3140 συνιέναι
841 3087 930 3139 τὸν
965 3088 1170 3140 ἑαυτῶν
1218 3090 1452 3164 κτίστην
1481 3097 1575 3148 καὶ
1610 3100 1713 3168 Δη-

1825 648 2072 702 ostensa,
2131 637 2492 692 monumentis
2538 638 2754 691 nomina
2802 651 2897 692 sua
2956 635 3373 706 insculpserunt.

1828 731 1888 784 Hi
1924 739 2048 785 sunt
2075 733 2163 800 qui
2196 738 2408 785 terrena
2437 730 2674 798 sapiunt,
2709 740 2763 784 et
2792 739 3108 800 priesentem
3143 727 3364 799 gloriam

1827 836 1888 874 at:
1921 820 2192 874 hominum
2225 820 2649 874 recordationem
2676 819 2776 875 sibi
2806 820 2870 875 ad
2908 818 3214 874 felicitatem
3244 818 3373 873 satis

1824 927 1940 967 esse
1965 913 2302 966 existimant.
2325 910 2474 978 Quod
2503 913 2545 966 si
2575 927 2731 980 quem
2754 914 2912 965 etiam
2943 912 3138 965 videris
3163 925 3372 972 eorum,

1823 1003 1912 1071 qui
1939 1003 2006 1056 ob
2032 1001 2148 1056 falsi
2181 1003 2413 1057 nominis
2456 1005 2735 1057 scientiam
2775 1003 3110 1073 superbiunt,
3143 1013 3197 1058 et
3251 1019 3376 1072 pra-

1823 1096 1899 1148 vis
1956 1093 2269 1162 quihusdam
2316 1095 2652 1157 dogmatibus
2712 1096 3098 1159 assentiuntur,
3146 1111 3210 1150 ac
3255 1095 3374 1149 loco

1824 1185 2051 1239 nominis
2079 1183 2388 1250 Christiani,
2429 1184 2494 1238 ab
2526 1201 2631 1238 uno
2676 1184 2852 1253 aliquo
2884 1186 3241 1239 hatresiarclta
3269 1185 3371 1240 sibi

1822 1290 2014 1328 nomen
2043 1277 2329 1339 asciscunl,
2371 1286 2492 1344 puta
2520 1290 2550 1329 a
2581 1275 2848 1330 Marcione
2871 1317 2886 1342 ,
2921 1285 3012 1330 aut
3045 1276 3325 1330 Valentino
3346 1314 3362 1342 ,

1819 1375 1910 1417 aut
1938 1365 2003 1418 ab
2035 1366 2210 1434 aliquo
2233 1381 2417 1420 eorum
2462 1367 2550 1434 qui
2582 1382 2646 1420 ex
2682 1367 2877 1435 ign0tis
2913 1383 3050 1423 nunc
3096 1369 3367 1438 conspicui

1819 1466 1977 1512 sunt:
2040 1457 2200 1512 velim
2274 1460 2488 1512 noveris
2558 1459 2655 1512 hos
2705 1473 2917 1528 quoque
2989 1475 3088 1514 sua
3154 1475 3369 1515 nomina

1819 1563 2041 1603 vocasse
2087 1549 2139 1603 in
2177 1550 2368 1613 terris,
2410 1559 2468 1602 ut
2509 1551 2600 1620 qui
2654 1550 2956 1606 hominibus
2993 1553 3262 1621 corruptis
3307 1567 3370 1605 ac

1819 1639 1974 1709 plane
1999 1642 2226 1697 terrenis
2255 1656 2370 1696 sese
2400 1641 2726 1697 addixerint.

1889 1903 1942 1958 8.
1999 1903 2161 1957 Vens.
2193 1905 2281 1965 15,
2323 1903 2408 1958 14.
2451 1901 2519 1954 Et
2545 1904 2695 1955 homo
2733 1919 2848 1955 cum
2890 1903 2942 1956 in
2972 1903 3164 1957 honore
3199 1921 3325 1957 esset
3351 1943 3366 1968 ,

1821 2007 1921 2045 non
1942 1992 2229 2046 intellexit:
2258 2003 2587 2059 comparatus
2613 2001 2687 2045 est
2711 1991 2957 2060 iumentis
2988 1995 3369 2062 insipientibus,

1823 2095 1867 2136 et
1893 2084 2079 2137 similis
2105 2085 2272 2152 factus
2292 2096 2364 2138 est
2398 2085 2519 2139 illis.
2545 2084 2675 2138 Hau:
2709 2086 2789 2139 via
2830 2084 3038 2138 illorum
3063 2087 3369 2141 scandalum

1819 2173 1942 2240 ipsis
1965 2189 1984 2226 :
2012 2184 2060 2226 et
2099 2185 2276 2242 postea
2308 2177 2360 2227 in
2392 2191 2478 2228 ore
2505 2193 2598 2228 suo
2624 2175 3028 2245 complacebunt.
3066 2179 3250 2248 Magna
3285 2196 3369 2235 res

1819 2263 1995 2329 homo,
2019 2276 2072 2319 et
2099 2266 2387 2335 pretiosum
2426 2267 2674 2336 quiddam
2707 2269 2787 2324 vir
2823 2270 3152 2335 misericors,
3195 2272 3370 2338 digni-

1820 2361 1979 2407 tatem
2005 2355 2481 2426 excellentiamque
2509 2357 2560 2410 in
2586 2357 2814 2411 naturali
2841 2373 2936 2413 sua
2958 2362 3362 2416 constructione

1819 2445 2042 2500 habens.
2080 2446 2215 2513 Quid
2251 2449 2393 2502 enim
2430 2447 2574 2503 aliud
2599 2465 2663 2504 ex
2699 2450 2764 2504 iis
2795 2465 2912 2520 quae
2953 2452 3006 2506 in
3043 2460 3186 2508 terra
3218 2468 3365 2522 sunt,

1818 2538 1882 2590 ad
1910 2534 2213 2592 Conditoris
2254 2537 2537 2608 imaginem
2576 2538 2774 2594 factum
2806 2551 2888 2596 est
2908 2541 2994 2596 "1
3029 2543 3126 2599 Cui
3167 2547 3369 2614 princi-

1825 2637 1980 2694 patus
2012 2637 2066 2681 et
2091 2638 2326 2696 potestas
2353 2630 2404 2681 in
2437 2629 2613 2693 omnia
2653 2631 2899 2687 animalia
2926 2642 3034 2687 tum
3063 2639 3364 2704 terrestria,

1820 2727 1925 2769 tum
1947 2717 2226 2784 aquatilia,
2249 2727 2356 2771 tum
2383 2732 2538 2772 aerea
2561 2734 2812 2776 concessa
2837 2733 2920 2776 est
2935 2724 3127 2781 “lEst
3149 2729 3364 2795 quidem

1817 2807 1972 2874 paulo
2021 2806 2241 2863 inferior
2283 2809 2492 2878 angelis
2540 2811 2798 2880 dignitate
2829 2813 2895 2880 “,
2929 2816 2996 2870 ob
3038 2831 3188 2872 suam
3242 2835 3362 2872 cmn

1817 2898 2060 2952 terrestri
2105 2915 2327 2967 corpore
2368 2900 2830 2970 conjunctionem:
2865 2907 3060 2977 quippe
3093 2910 3363 2965 hominem

1815 2988 1942 3044 fecit
1999 2993 2064 3042 de
2130 2999 2268 3044 terra
2331 2991 2408 3059 ⁸³,
2469 2994 2536 3046 Et
2593 2995 2853 3050 ministros
2907 3015 3028 3052 suos
3094 3003 3364 3068 flammam

1814 3079 1944 3146 ignis
1992 3077 2058 3132 ⁸⁸.
2106 3082 2175 3134 At
2212 3089 2355 3134 certe
2401 3081 2481 3135 vis
2533 3081 2860 3154 intelligendi
2908 3094 2961 3138 et
3006 3090 3363 3155 c0gnoscendi

152 3179 415 3248 μιουργὸν
459 3178 679 3248 δύναμις
713 3181 802 3230 καὶ
848 3181 903 3230 ἐν
951 3183 1060 3242 τοῖς
1107 3181 1407 3252 ἀνθρώποις
1459 3167 1709 3259 ὑπάρχει.

1813 3167 2153 3223 Conditorem
2185 3182 2238 3224 et
2266 3170 2520 3240 Opiﬁcem
2553 3189 2704 3228 suum
2745 3176 2884 3229 inest
2908 3176 3068 3230 etiam
3095 3179 3145 3231 in
3187 3178 3363 3232 homi-

161 3269 492 3338 Ἐνεφύσησε
542 3271 647 3338 γὰρ
696 3270 770 3338 (5)
817 3271 894 3332 εἰς
949 3271 1008 3322 τὸ
1059 3275 1381 3343 πρόσωπον·
1433 3281 1706 3344 τουτέστι,

152 3361 348 3428 μοῖράν
403 3377 518 3411 τινα
572 3361 668 3429 τῆς
723 3360 853 3423 ἰδίας
900 3362 1118 3434 χάριτος
1171 3368 1459 3422 ἐναπέθετο
1504 3371 1578 3440 τῷ
1619 3372 1713 3423 ἀν-

149 3449 374 3519 θρώπῳ,
407 3452 492 3503 ἵνα
533 3450 610 3519 τῷ
652 3450 817 3521 ὁμοίῳ
853 3455 1184 3527 ἐπιγινώσκῃ
1231 3458 1289 3509 τὸ
1334 3459 1533 3528 ὅμοιον.
1575 3459 1708 3511 Ἀλλ’

149 3542 296 3610 ὅμως
343 3544 400 3594 ἐν
432 3545 562 3612 τιμῇ
598 3541 670 3593 ὢν
705 3542 1022 3618 τηλικαύτῃ,
1067 3548 1131 3598 ἐκ
1182 3548 1272 3599 τού
1320 3548 1710 3620 δεδημιουργῆ-

150 3633 270 3685 σθαι
305 3637 425 3687 κατ’
456 3633 637 3685 εἰκόνα
675 3633 765 3686 τοῦ
799 3637 1096 3700 κτίσαντος,
1132 3638 1268 3709 ὑπὲρ
1299 3640 1540 3710 οὐρανὸν,
1573 3642 1710 3712 ὑπὲρ

148 3724 316 3793 ἣλιον,
351 3725 488 3793 ὑπὲρ
519 3723 613 3788 τὰς
657 3726 762 3778 τῶν
805 3728 1045 3798 ἀστέρων
1090 3732 1307 3801 χορείας
1353 3735 1709 3805 τετιμημένος

150 3816 250 3882 (τίς
279 3817 386 3886 γὰρ
433 3814 536 3867 τῶν
575 3818 816 3889 οὐρανῶν
857 3820 933 3887 (6)
965 3821 1122 3872 εἰκὼν
1175 3822 1387 3893 εἴρηται
1438 3825 1529 3878 τοῦ
1574 3826 1705 3878 Θεοῦ

148 3908 238 3959 τοῦ
272 3908 529 3976 ὑψίστους
563 3909 717 3962 ποίαν
743 3910 798 3961 δὲ
837 3910 985 3980 ἣλιος
1033 3910 1214 3963 εἰκόνα
1249 3911 1407 3977 σώζει
1449 3915 1543 3966 τοῦ
1593 3916 1708 3968 κτί-

153 4013 372 4062 σαντος;
403 3996 516 4066 τίή
566 3997 788 4069 σελήνη;
824 3999 875 4051 τί
916 4000 963 4050 οἱ
1006 3999 1179 4051 λοιποὶ
1222 4001 1480 4072 ἀστέρες;
1527 4002 1708 4074 ἄψυχα

153 4089 245 4157 μὲν
274 4091 366 4141 καὶ
402 4087 580 4154 ὑλικὰ,
615 4090 845 4158 διαφανῆ
883 4090 936 4142 δέ
972 4091 1126 4160 μόνον
1155 4094 1222 4145 τὰ
1256 4094 1482 4165 σώματα
1521 4112 1709 4166 κεκτη-

153 4182 332 4250 μένοι,
391 4184 449 4234 ἐν
498 4179 576 4247 οἷς
620 4183 851 4254 οὐδαμοῦ
914 4183 1153 4249 διάνοια,
1201 4189 1259 4239 ού
1324 4190 1705 4257 προαιρετικαὶ

149 4277 402 4345 κινήσεις,
432 4277 528 4328 οὐκ
556 4276 1022 4346 αὑτεξουσιότητος
1053 4277 1355 4348 ἐλευθερία·
1385 4278 1517 4330 ἀλλὰ
1545 4278 1705 4332 δοῦλά

149 4364 258 4416 ἐστι
306 4367 408 4437 τῆς
454 4369 802 4438 ἐπικειμένης
831 4368 1092 4438 ἀνάγκης,
1135 4369 1254 4422 καθ’
1290 4371 1354 4440 ἣν
1389 4372 1702 4442 ἀπαραλλά-

152 4469 284 4518 κτως
330 4459 417 4510 ἀεὶ
470 4460 593 4528 περὶ
643 4457 712 4510 τὰ
769 4456 906 4510 αύτὰ
943 4457 1388 4530 ἀναστρέφεται)·
1427 4461 1566 4530 ὑπὲρ
1609 4456 1699 4512 οὖν

1811 3260 1984 3315 nibus.
2007 3261 2289 3332 Insuﬂlavit
2308 3265 2444 3316 enim
2465 3265 2517 3316 in
2540 3264 2725 3333 faciem
2749 3265 2828 3332 ⁸⁷;
2857 3267 2955 3321 hoc
2988 3276 3091 3332 est,
3125 3268 3360 3339 aliquam

1811 3355 1993 3423 gratia;
2030 3357 2255 3423 propriae
2288 3355 2442 3426 185
2474 3368 2677 3426 partem
2716 3357 2768 3412 in
2801 3361 3069 3416 hominem
3110 3363 3361 3427 immisit.

1813 3456 1871 3500 ut
1911 3447 2082 3501 simile
2119 3463 2212 3515 per
2252 3448 2426 3502 simile
2463 3463 2776 3518 cognoscat.
2830 3452 3078 3507 Attamen
3133 3470 3252 3508 cum
3309 3458 3361 3512 in

1810 3545 1960 3592 tanto
1994 3548 2137 3592 esset
2160 3539 2399 3603 honore,
2434 3554 2499 3594 ex
2532 3555 2596 3595 eo
2624 3541 2762 3609 quod
2805 3543 2869 3596 ad
2897 3541 3202 3600 Conditoris
3230 3546 3362 3599 ima-

1810 3627 1988 3696 ginem
2036 3627 2285 3684 conditus
2340 3641 2516 3694 esset,
2561 3632 2732 3702 magis
2782 3633 2957 3698 caelo,
3002 3635 3171 3702 magis
3226 3639 3360 3697 sole.

1813 3720 1981 3789 magis
2033 3721 2306 3775 stellarum
2353 3721 2562 3775 choreis
2602 3722 2895 3778 honoratus
2947 3725 3174 3794 (ecquod
3218 3730 3360 3783 enim

1810 3811 2066 3865 caelorum
2119 3813 2292 3881 imago
2323 3812 2412 3865 Dei
2464 3812 2706 3867 altissimi
2754 3816 2953 3868 dictum
3004 3819 3121 3872 est?
3150 3820 3360 3887 qualem

1809 3903 1968 3956 etiam
2017 3902 2300 3970 imaginem
2355 3903 2649 3958 conditoris
2706 3906 2788 3960 sui
2840 3915 3018 3961 servat
3064 3911 3183 3964 sol?
3233 3914 3361 3980 quid

1809 3993 1974 4047 luna?
2042 3994 2168 4061 quid
2234 3994 2447 4064 reliquae
2518 3995 2721 4050 stellas?
2774 4012 2996 4067 corpora
3070 4001 3360 4058 inanimata

1807 4083 2021 4153 quidem
2051 4091 2105 4135 ct
2133 4098 2201 4136 ex
2233 4083 2454 4137 materia
2481 4084 2779 4137 constantia
2815 4100 2878 4140 ac
2899 4088 3068 4141 solum
3097 4088 3360 4157 pellucida

1807 4173 2042 4236 SOt‘littB,
2083 4176 2136 4226 in
2169 4174 2362 4243 quibus
2405 4186 2668 4243 nusquam
2703 4189 2851 4229 mens
2890 4184 3006 4238 est,
3035 4193 3139 4233 non
3175 4180 3361 4233 volun-

1806 4267 1922 4319 tarii
1965 4277 2169 4329 motus,
2215 4281 2319 4320 non
2353 4264 2578 4320 liberum
2613 4268 2937 4335 arbitrium;
2983 4269 3079 4324 sed
3120 4274 3360 4325 serviunt

1805 4357 2125 4411 incumbenti
2174 4358 2522 4422 necessitati,
2577 4373 2669 4427 per
2729 4373 2885 4427 quam
2932 4375 3142 4428 semper
3187 4365 3358 4417 modis

1806 4447 2224 4501 immutabilibus
2284 4449 2425 4502 circa
2486 4450 2672 4503 eadem
2733 4454 3089 4520 versantur):
3157 4454 3354 4517 homo,

151 4545 311 4599 ταῦτα
338 4553 458 4610 ταῖς
502 4552 684 4617 τιμαῖς
729 4549 1067 4618 προηγμένος
1094 4553 1122 4602 ό
1149 4550 1454 4620 ἄνθρωπος,
1485 4553 1543 4602 ού
1588 4568 1702 4602 συν-

1812 4541 2049 4607 inquam,
2083 4540 2254 4606 magis
2283 4541 2365 4593 his
2398 4542 2690 4595 honoratus
2712 4579 2725 4602 ,
2764 4556 2864 4593 non
2895 4542 3188 4609 intellexit,
3227 4548 3354 4610 sed,

151 4636 292 4702 ἧκεν,
318 4639 454 4690 ἀλλὰ
493 4639 803 4690 καταλιπὼν
841 4640 901 4690 τὸ
932 4641 1154 4694 ἕπεσθαι
1196 4642 1331 4711 Θεῷ,
1360 4643 1451 4693 καὶ
1484 4641 1703 4710 ὁμοιούο

157 4725 266 4778 σθαι
292 4727 369 4796 τῷ
409 4728 673 4792 κτίσαντι,
701 4728 880 4792 δοῦλος
910 4731 1193 4802 γενόμενος
1231 4732 1336 4785 τῶν
1371 4731 1561 4784 παθῶν
1605 4734 1701 4801 τῆς

155 4818 359 4887 σαρκὸς,
396 4821 904 4889 Πιιρασυνεϐλήθη
932 4822 1053 4888 τοῖς
1085 4825 1329 4889 κτήνεσι
1363 4822 1484 4887 τοῖς
1523 4823 1703 4889 ἀνοή-

216 4954 414 5012 "Gen.
456 4976 492 5024 ι,
530 4960 618 5026 27,
693 4964 739 4996 ⁸³
769 4967 894 5021 ibid.
940 4967 1027 5020 28.

1127 4966 1330 5020 8"Psal.
1367 4982 1480 5030 vm,
1526 4967 1578 5020 6.

218 5097 289 5167 (ἓ)
322 5101 461 5156 Editi
496 5119 612 5158 cum
653 5103 781 5178 Reg.
808 5117 1000 5174 quarto
1028 5106 1589 5178 μεγαλοφρονούντων.
1622 5109 1688 5158 At

156 5180 277 5244 mss.
299 5183 421 5244 octo
447 5175 941 5244 μεγαφρονούντων.

190 5237 284 5313 _(_3)
315 5243 402 5296 Sic
447 5237 572 5298 inss.
603 5237 746 5313 octo,
789 5261 814 5296 a
863 5249 1058 5313 quibus
1100 5260 1201 5298 non
1235 5246 1484 5299 dill'erunt
1530 5247 1682 5309 editi,

158 5306 243 5386 [tisi
286 5315 424 5386 quod
477 5328 570 5386 pro
596 5306 895 5386 μοχθηρῶν
942 5315 1168 5368 habeant
1212 5314 1476 5386 πονηρῶν.
1514 5317 1578 5366 At
1633 5306 1681 5369 in

158 5371 269 5451 “fg.
298 5371 453 5435 iertio
477 5371 567 5435 'sic
595 5371 804 5452 legitur.
843 5386 1248 5456 προσνεμόντων
1278 5371 1484 5446 ἐσίύτοῖς
1515 5401 1681 5456 πονη-

157 5458 257 5522 ρων,
267 5463 426 5522 ᾔει-νων
438 5521 441 5522 ν
451 5453 732 5522 δογμάτων
761 5453 1178 5521 συγκαταθέσεις
1189 5496 1199 5507 .

217 5516 282 5587 (ί)
311 5519 446 5577 Edjti
471 5516 664 5576 πάντα.
697 5516 847 5578 Οςιυ⁷
878 5540 1003 5576 vero
1034 5516 1170 5578 mss.
1199 5527 1434 5577 πάντων.
1477 5523 1583 5578 Nec
1619 5526 1688 5578 ita

159 5587 299 5665 "Iullo
327 5592 590 5665 postdmr
612 5611 737 5646 mss.
774 5596 907 5665 πρὸς
933 5595 992 5645 τὸ
1013 5595 1266 5662 γαιῶδες.

169 5651 284 5777 mg)
325 5651 461 5717 Editi
529 5661 635 5731 γάρ
682 5651 1068 5735 φησιν.ὐροέι
1133 5651 1296 5736 φησίν
1347 5667 1397 5718 in
1457 5663 1690 5733 quinque

381 5825 650 5885 PATROL.
693 5825 806 5886 Gn.
858 5826 1093 5886 XXIX.

1655 4968 1696 4997 ss
1726 4964 1861 5018 Gen,
1905 4980 1963 5026 ιι,
1999 4961 2045 5012 7.
2123 4962 2167 4992 ⁸⁸
2200 4960 2357 5012 ΠυὺΓ.
2406 4973 2446 5024 1,
2480 4957 2530 5014 7.

1804 4632 1946 4700 quod
1971 4646 2090 4685 cum
2115 4632 2286 4698 sequi,
2328 4640 2383 4686 et
2408 4631 2678 4685 Conditori
2716 4632 2911 4688 similis
2944 4634 3057 4689 fieri
3091 4637 3351 4707 neglexit,

1805 4739 1990 4779 servus
2029 4723 2250 4777 ell‘eclus
2281 4724 2629 4793 cupiditatum
2663 4725 2873 4790 carnis,
2910 4725 3252 4796 Comparatus
3279 4739 3354 4779 est

1799 4817 2046 4886 jumentis
2097 4816 2482 4883 insipientibus,
2535 4825 2584 4866 et
2639 4817 2822 4870 similis
2874 4817 3043 4885 [actus
3095 4827 3168 4871 est
3225 4819 3352 4871 illis.

2606 4960 2649 4991 ⁸⁷
2681 4960 2812 5015 Gen.
2851 4975 2908 5020 tt,
2950 4960 2996 5012 7.

1868 5105 1942 5174 (li)
1981 5101 2400 5174 SiciColbgrtini
2455 5102 2706 5171 quintus,
2757 5111 2944 5174 sextus
2988 5111 3041 5174 et
3095 5103 3355 5174 septimus

1795 5171 1933 5230 eum
1977 5173 2180 5224 duobus
2237 5171 2422 5238 Regiis
2450 5182 2510 5225 'et
2560 5187 2678 5223 cum
2710 5171 2944 5225 editione
2985 5171 3147 5224 Basil.
3181 5175 3356 5228 Editto

1795 5259 1918 5298 vero
1946 5241 2117 5295 Paris.
2169 5242 2232 5293 Τί
2262 5243 2368 5311 γὰρ
2416 5243 2521 5293 τῶν
2575 5241 2859 5313 οὐρανίων,
2892 5241 3092 5310 Ecquid
3127 5244 3262 5295 enim
3292 5261 3357 5296 ea:

1793 5313 2102 5375 caelestibus,
2135 5324 2237 5365 etc.
2273 5318 2310 5364 Α
2347 5313 2538 5378 quibus
2558 5314 2807 5366 omnibus
2841 5327 2944 5364 non
2977 5326 3160 5379 parum
3192 5313 3355 5364 dissi-

1793 5386 1882 5435 det
1913 5383 2060 5436 Colh.
2095 5384 2334 5447 quintus,
2363 5385 2412 5431 in
2438 5396 2541 5447 quo
2565 5383 2642 5435 sic
2670 5381 2880 5451 legitur,
2907 5379 3003 5444 Τίς
3025 5383 3131 5451 γὰρ
3161 5379 3268 5433 τῶν
3297 5384 3356 5436 ἐν

1797 5452 2028 5523 οὐρανῷ,
2061 5451 2420 5523 Ecquis__enint
2445 5467 2622 5523 corum
2646 5454 2734 5520 qui
2770 5452 2819 5503 in
2852 5454 2975 5504 caelo
3010 5461 3151 5514 sunt,
3182 5453 3354 5506 dictus

1799 5520 1874 5576 est
1903 5520 2096 5589 imago,
2121 5534 2222 5573 etc.
2251 5520 2418 5572 Verba
2444 5521 2528 5572 illa
2552 5537 2670 5588 qua:
2696 5537 2812 5575 mox
2843 5531 3160 5588 sequuntur,
3195 5524 3358 5576 ποίαν

1799 5593 1877 5654 δέ,
1907 5604 2037 5656 etc.,
2078 5608 2140 5643 eo
2165 5591 2350 5642 ordine
2383 5590 2630 5658 leguntur
2667 5592 2718 5644 in
2757 5608 2884 5646 mss.
2909 5606 3014 5659 quo
3043 5592 3353 5647 edidimus:

1801 5664 1895 5716 sed
1928 5662 2080 5714 aliter
2112 5662 2163 5713 in
2184 5660 2340 5713 editis
2371 5661 3009 5728 disponuntur,videlicet
3035 5663 3136 5716 hoc
3161 5666 3352 5719 modo:

1801 5733 1958 5786 ποίαν
1989 5732 2044 5784 δέ
2073 5731 2252 5783 εἰκόνα
2287 5731 2444 5793 σώζει
2474 5733 2501 5782 ὁ
2526 5731 2673 5800 ἥλιος
2709 5731 2800 5784 τοῦ
2827 5731 3123 5794 κτίσαντος.

3016 5825 3084 5884 133
