4058 6320
708 360 804 414 ιεςι

2036 348 2091 400 S.
2134 345 2374 401 BASILII
2416 348 2627 402 MAGNI

3824 346 3925 400 432

711 484 862 536 Nunc
907 480 1115 549 quidem
1153 486 1405 545 tanquam
1442 487 1609 542 equus
1655 484 1833 525 amore
1884 470 2067 523 furens
2108 469 2260 523 femi-

2366 487 2503 535 τοις,
2537 470 2632 520 καὶ
2678 468 2935 535 ὡμοιώθη
2971 466 3201 532 αὐτοῖς·
3241 468 3347 519 νῦν.
3385 468 3476 537 μὲν
3507 467 3579 530 ὡς
3626 468 3797 528 ἵππος
3835 466 3931 534 θη-

710 592 897 629 narum
923 614 936 636 ,
972 572 1218 627 adhinnit
1244 568 1473 640 proximi
1516 567 1597 618 sui
1633 566 1785 617 uxori
1817 564 1860 595 ⁸⁸
1896 581 1907 615 :
1947 578 2091 616 nunc
2137 577 2265 615 vero

710 680 960 735 tanquam
994 664 1148 731 lupus
1177 675 1337 728 rapax
1358 657 1547 712 alienis
1576 655 1796 709 insidias
1826 652 2039 708 struit”
2062 671 2074 705 :
2097 653 2263 705 inter-

708 763 832 812 dum
873 766 943 813 ob
990 754 1290 809 adhibitum
1344 750 1600 804 adversus
1645 746 1863 800 fratrem
1900 746 2112 808 dolum,
2139 758 2262 797 ver-

709 853 865 905 sutia:
929 848 1105 915 vulpis
1171 843 1501 900 assimilatur
1534 840 1606 893 ’°.
1640 839 1734 893 Est
1788 846 1963 891 autem
2019 835 2265 891 cumulus

712 943 955 996 stultitia:
979 951 1032 993 et
1054 938 1336 993 dementiae
1367 935 1522 1003 plane
1554 931 1823 994 belluinze,
1862 943 1985 983 eum
2013 927 2102 996 qui
2139 942 2266 979 con-

709 1039 852 1091 ditus
901 1046 981 1089 est
1020 1035 1085 1086 ad
1134 1029 1407 1086 Creatoris
1453 1026 1783 1094 imaginem,
1821 1035 1993 1089 neque
2040 1020 2264 1088 primam

708 1142 858 1182 suam
897 1122 1332 1179 constitutionem
1361 1119 1666 1187 percipere,
1706 1127 1876 1183 neque
1904 1120 1979 1165 tot
2012 1126 2075 1164 ac
2122 1118 2265 1163 tanta

708 1235 805 1288 pro
842 1232 898 1271 se
924 1217 1226 1284 dispensata
1268 1211 1521 1280 mysteria
1567 1207 1860 1276 intelligere
1902 1203 2036 1257 velle
2060 1242 2076 1267 ,
2110 1210 2165 1256 et
2201 1215 2266 1254 ne

707 1328 771 1366 ex
812 1312 915 1363 illis
956 1308 1171 1376 quidem
1212 1304 1522 1370 dignitatem
1568 1316 1717 1355 suam
1767 1309 2095 1365 cognoscere
2128 1312 2140 1348 :
2171 1294 2263 1348 sed

711 1406 1075 1457 immemorem
1116 1412 1259 1461 esse,
1298 1398 1435 1464 quod
1483 1392 1689 1461 abjecta
1731 1390 1805 1444 rei
1856 1386 2090 1443 caelestis
2125 1384 2263 1437 ima-

709 1496 864 1563 gine,
922 1493 996 1545 rei
1048 1499 1274 1543 terrente
1321 1486 1607 1554 imaginem
1656 1481 1966 1549 sumpserit.
1998 1480 2172 1545 Atque
2206 1482 2265 1525 ut

716 1603 781 1639 ne
811 1587 859 1638 in
895 1592 1114 1653 peccato
1138 1587 1465 1650 permaneat,
1502 1582 1719 1644 propter
1733 1589 1852 1626 eum
1896 1570 2113 1623 Verbum
2141 1584 2263 1621 caro

711 1680 905 1745 factum
938 1684 1035 1736 est,
1091 1683 1137 1726 et
1173 1669 1421 1723 habitavit
1450 1668 1501 1720 in
1545 1664 1691 1717 nobis
1724 1663 1791 1725 9‘,
1827 1674 1881 1715 et
1922 1675 2089 1727 usque
2132 1659 2264 1713 adeo

709 1785 766 1822 se
797 1769 967 1834 ipsum
1000 1762 1286 1833 depressit,
1322 1770 1378 1813 ut
1409 1759 1584 1813 factus
1613 1758 1682 1810 sit
1712 1753 1969 1806 Obediens
1997 1766 2157 1819 usque
2194 1751 2261 1803 ad

2369 561 2610 630 λυμανὴς
2653 558 2984 628 χρεμετίζων
3022 559 3112 610 ἐπὶ
3148 558 3245 627 τὴν
3284 560 3511 624 γυναῖκα
3557 556 3655 608 τοῦ
3706 556 3933 623 πλησίον

2370 653 2533 706 αὐτοῦ
2553 670 2565 682 ·
2598 651 2690 705 νῦν
2722 650 2776 703 δὲ
2807 650 2879 711 ὼς
2907 649 3068 712 λύκος
3110 649 3290 720 ἅρπαξ
3347 649 3653 718 ἐφεδρεύων
3684 650 3801 708 τοῖς
3842 648 3933 697 ἀλ-

2369 744 2624 814 λοτρίοις⁹
2672 743 2855 797 ἄλλοτε
2888 742 2944 794 δὲ
2992 742 3068 810 (7)
3110 740 3197 794 διά
3239 739 3333 792 τοῦ
3382 740 3515 809 πρὸς
3562 739 3656 790 τὸν
3706 736 3932 802 ἀδελφὴ

2367 836 2517 889 δόλου
2575 838 2629 905 δῇ
2685 833 2986 904 πανουργίᾳ
3056 833 3154 901 τῆς
3212 830 3488 891 ἀλώπεκος
3553 828 3932 896 εἰκαζόμενος.

2382 924 2680 995 Ὑπερὸολὴ
2703 924 2759 977 δὲ
2788 923 2887 991 τῆς
2916 922 3098 985 ἀνοίας
3124 920 3334 988 καὶτῆς
3359 918 3667 987 κτηνὼδους
3712 918 3935 983 ἀλογίας

2370 1016 2445 1085 τῷ
2473 1016 2584 1068 δντι
2619 1018 2753 1085 μήτε
2786 1015 2883 1084 τῆς
2913 1013 2969 1078 ἐξ
2999 1013 3167 1083 ἀρχῆς
3192 1010 3382 1063 ἑαυτοῦ
3414 1008 3764 1074 κατασκευῆς
3788 1010 3937 1059 ἐπαι-

2373 1107 2679 1172 σθάνεσθαι,
2710 1104 3177 1175 δημιουργηθέντα
3216 1102 3333 1154 κατ’
3362 1101 3542 1153 εἰκόνα
3575 1099 3674 1150 τοῦ
3713 1100 3936 1150 κτίσαν-

2371 1215 2481 1260 τος,
2528 1199 2663 1267 μήτε
2707 1197 2804 1259 τὰς
2849 1194 3178 1266 τηλικαύτας
3227 1194 3365 1264 ὑπὲρ
3414 1192 3576 1245 αὑτοῦ
3632 1192 3937 1259 γενομένας

2369 1290 2674 1359 οἰκονομίας
2727 1290 2865 1342 νοεῖν
2916 1285 3195 1357 βούλεσθαι
3246 1285 3358 1353 (8),
3404 1288 3495 1339 καὶ
3546 1285 3641 1335 ἀπ’
3708 1284 3937 1334 ἐκείνων

2369 1383 2499 1451 γοῦν
2540 1381 2732 1436 ἑαυτοῦ
2766 1381 3047 1452 γνωρίζειν
3079 1380 3139 1432 τὸ
3180 1378 3386 1448 τίμιον·
3420 1379 3532 1430 ἀλλ’
3572 1378 3935 1445 ἀμνημονεῖν,

2368 1476 2447 1528 ὅτι
2502 1472 2789 1527 ἀποϐαλὼν
2828 1472 2925 1542 τὴν
2963 1472 3143 1524 εἰκόνα
3184 1469 3276 1522 τοῦ
3320 1469 3665 1538 ἐπουρανίου,
3710 1467 3935 1520 ἀνέλαϐε

2368 1568 2465 1637 τὴν
2504 1566 2684 1618 είκόνα
2726 1563 2819 1616 τοῦ
2855 1562 3057 1632 χοϊκοῦ.
3102 1564 3208 1615 Καὶ
3250 1563 3335 1613 ἵνα
3372 1560 3445 1630 μὴ
3488 1560 3827 1630 ἐναπομείνη
3871 1562 3935 1625 τῇ

2370 1660 2637 1730 ἁμαρτίᾳ,
2677 1658 2744 1711 δι’
2793 1656 2952 1711 αὐτὸν
2985 1656 3046 1707 ’0
3098 1657 3281 1722 Λόγος
3317 1652 3471 1721 σὰρξ
3518 1652 3789 1719 ἐγένετο,
3838 1656 3935 1703 καὶ

2368 1752 2718 1817 ἐσκήνωσεν
2744 1752 2814 1804 ἐν
2850 1748 3015 1818 ἡμῖν,
3051 1748 3146 1799 καὶ
3182 1748 3275 1799 ἐπὶ
3310 1746 3562 1799 τοσοῦτον
3588 1746 3790 1797 ἑαυτὸν
3820 1748 3941 1797 ἐτα-

706 1870 954 1921 mortem,
992 1862 1207 1907 mortem
1250 1861 1421 1903 autem
1465 1848 1633 1900 crucis
1670 1846 1735 1895 θ’.
1791 1844 1978 1896 Primae
2019 1850 2119 1894 tuae
2151 1840 2261 1891 ori-

2366 1845 2645 1909 πείνωσεν,
2668 1841 2807 1894 ὥστε
2837 1838 3088 1908 γενέσθαι
3116 1836 3410 1901 ’Υπήκοος
3443 1837 3615 1904 μέχρι
3650 1836 3935 1896 θανάτου,

708 1955 844 2020 ginis
874 1952 916 2004 si
956 1962 1162 2001 memor
1196 1960 1300 1999 non
1332 1959 1425 2003 es,
1457 1955 1521 1994 ex
1552 1937 1825 2009 persoluto
1865 1948 1960 2001 pro
1998 1940 2047 1985 te
2093 1931 2262 1999 pretio

707 2048 1128 2116 qualemcunque
1168 2038 1446 2108 dignitatis
1496 2044 1597 2086 tuae
1646 2030 1916 2083 notionem
1947 2026 2164 2091 accipe;
2199 2023 2263 2074 ad

708 2137 937 2207 pretium
993 2132 1117 2186 illud
1152 2145 1258 2199 quo
1291 2132 1654 2180 commutatus
1693 2134 1751 2173 es
1798 2116 2040 2184 respice,
2096 2122 2265 2166 tuam-

709 2205 812 2299 que
865 2240 1094 2299 agnosce
1136 2222 1467 2292 dignitatem.
1512 2216 1728 2282 Emptus
1780 2225 1835 2265 es
1878 2205 2265 2278 pretiosissimo

708 2298 919 2377 Christi
959 2316 1215 2386 sanguine
1232 2336 1249 2379 -,
1286 2310 1484 2381 peccati
1528 2324 1594 2361 ne
1637 2306 1732 2358 tias
1774 2315 1983 2356 servus.
2028 2298 2264 2368 lntellige

711 2427 854 2467 tuam
909 2409 1310 2480 praestantiam,
1362 2411 1419 2453 ut
1476 2414 1541 2452 ne
1578 2395 1836 2464 iumentis
1889 2391 2264 2459 insipientibus

709 2503 1042 2558 assitnileris.
1083 2498 1243 2552 Vens.
1298 2493 1383 2546 Η.
1433 2490 1558 2545 "(Ec
1595 2490 1675 2543 via
1708 2502 1882 2540 eorum
1907 2527 1921 2551 ,
1957 2482 2264 2537 scandalum

707 2596 854 2663 ipsis.
909 2592 1009 2658 Qui
1058 2603 1147 2642 res
1200 2592 1413 2639 nostras
1459 2582 1767 2633 moderatur
1827 2575 2001 2636 Deus,
2052 2569 2265 2624 obsistit

712 2690 863 2743 nobis
892 2699 987 2755 per
1017 2682 1232 2736 malitia:
1264 2681 1404 2734 viam
1442 2673 1831 2733 incedentibus,
1862 2666 2183 2724 oﬂ'endicula
2210 2675 2264 2719 et

710 2779 1087 2848 impedimenta
1116 2774 1377 2843 objiciens
1404 2810 1419 2837 ,
1469 2779 1525 2820 ut
1559 2781 1587 2818 a
1626 2764 1731 2817 vita
1774 2762 2000 2816 rationis
2045 2766 2265 2827 experte

710 2871 1032 2929 resilientes,
1091 2875 1276 2932 postea
1327 2863 1379 2915 in
1428 2869 1613 2912 nostro
1660 2870 1753 2910 ore
1800 2852 2263 2920 complaceamus,

711 2964 797 3017 ubi
832 2960 992 3016 corde
1041 2956 1257 3026 quidem
1302 2949 1686 3008 crediderimus
1732 2946 1797 2999 ad
1841 2944 2142 3013 justitiam,
2173 2955 2265 2995 ore

708 3068 835 3106 vero
862 3049 1088 3121 confessi
1118 3046 1380 3101 fuerimus
1407 3044 1471 3095 ad
1496 3041 1725 3097 salutem
1739 3037 1806 3089 ".
1834 3032 2266 3103 Persequebatur

710 3143 929 3206 Paulus,
963 3140 1275 3194 devastabat
1322 3134 1615 3188 Ecclesiam
1662 3129 1863 3185 Christi
1892 3128 1959 3190 “,
2002 3140 2153 3179 suum
2199 3124 2261 3176 ad

712 3232 1002 3303 nequitiam
1033 3244 1249 3283 cursum
1296 3224 1659 3281 acceleravit:
1706 3221 1897 3276 deinde
1937 3220 1989 3272 itt
2036 3232 2129 3271 ore
2166 3230 2262 3269 suo

712 3326 1072 3393 complacuit,
1125 3336 1244 3375 cum
1285 3318 1627 3373 annuutiaret
1669 3316 1723 3368 in
1770 3313 2075 3382 synagogis,
2114 3310 2262 3373 Quod

708 3422 793 3474 hic
827 3431 899 3472 est
932 3416 1171 3472 Christus
1198 3413 1262 3466 -'.

780 3682 829 3732 9.
871 3678 1037 3732 Vens.
1072 3676 1155 3729 15.
1198 3673 1347 3728 Sicut
1398 3688 1512 3724 oves
1553 3672 1607 3722 in
1632 3669 1855 3736 'inferno
1898 3667 2087 3733 posuit,
2126 3681 2263 3718 mors

709 3774 947 3838 depascet
990 3785 1097 3823 eos.
1147 3766 1463 3831 Quicunque
1514 3771 1694 3816 autem
1758 3757 1972 3811 belluini
2025 3766 2146 3809 sunt
2203 3773 2267 3813 ac

712 3862 1003 3931 comparati
1068 3860 1216 3913 fuere
1288 3855 1498 3911 stolidis
1553 3851 1874 3923 pecoribus,
1926 3848 2070 3900 velut
2139 3863 2264 3903 oves

715 3970 887 4025 neque
927 3952 1255 4008 intellectum
1305 3962 1477 4013 neque
1511 3944 1828 4001 defendendi
1866 3957 1925 3996 se
1956 3939 2265 3994 facultatem

712 4048 990 4109 habentes,
1024 4045 1068 4098 is
1099 4042 1187 4113 qui
1221 4041 1285 4093 ad
1332 4039 1698 4109 captivitatem
1728 4035 1896 4104 rapit,
1934 4049 2054 4088 cum
2085 4032 2267 4086 inimi-

716 4154 810 4192 cus
842 4134 1261 4204 sit,'186jam
1303 4132 1354 4186 in
1396 4146 1548 4185 suam
1604 4128 1772 4196 ipsius
1797 4141 1973 4180 arcem
2002 4122 2264 4191 conjecit,

716 4245 779 4284 ac
809 4229 966 4283 morti
996 4227 1215 4280 tradidit
1241 4223 1558 4294 pascendos.
1586 4220 1916 4289 Depascebat
1945 4217 2084 4271 enim
2122 4231 2267 4271 mors

719 4324 786 4375 ab
832 4321 999 4375 Adam
1044 4319 1111 4373 ad
1162 4332 1330 4385 usque
1374 4315 1577 4383 Moysis
1629 4311 2148 4367 administrationem
2198 4309 2263 4372 °°,

711 4416 879 4466 donec
913 4412 1057 4465 venit
1094 4424 1253 4465 verus
1298 4417 1499 4476 pastor,
1548 4407 1638 4475 qui
1695 4419 1845 4458 suam
1892 4404 2123 4456 animam
2172 4415 2266 4470 pro

2363 1939 2616 1993 θανάτου
2660 1936 2726 1990 δὲ
2768 1929 3053 2003 σταυροῦ.
3094 1932 3154 1984 Ei
3207 1931 3279 2000 μὴ
3311 1930 3409 1997 τῆς
3446 1928 3669 1998 πρώτης
3706 1928 3935 1979 σεαυτώ

2364 2031 2625 2098 γενέσεως
2662 2027 2955 2097 μέμνησαι,
2983 2026 3046 2076 ὲκ
3072 2022 3170 2092 τῆς
3195 2019 3627 2087 καταϐληθείσης
3664 2018 3811 2088 ὑπὲρ
3844 2018 3936 2070 σοῦ

2361 2124 2525 2194 τιμῆς
2567 2121 2696 2173 λάϐε
2726 2120 2817 2173 τοῦ
2857 2118 3161 2189 ἀξιώματος
3212 2117 3455 2169 ἔννοιαν·
3488 2113 3803 2181 ἀπόϐλεψον
3844 2131 3936 2165 σου

2365 2214 2499 2284 πρὸς
2532 2213 2592 2264 τὸ
2620 2210 2989 2279 ἀντάλλαγμα,
3025 2210 3117 2261 καὶ
3153 2207 3319 2277 γνῶθι
3356 2206 3583 2259 σεαυτοῦ
3618 2204 3723 2273 τὴν
3756 2205 3937 2269 ἀξίαν.

2364 2301 2452 2372 Τῷ
2500 2300 2847 2370 πολυτιμήτω
2900 2298 3087 2366 αἵματι
3138 2296 3231 2348 τοῦ
3285 2294 3517 2365 Χριστοῦ
3576 2293 3935 2363 ἠγοράσθης·

2368 2394 2439 2464 μὴ
2468 2394 2615 2461 γίνου
2648 2391 2722 2461 (9)
2768 2389 2953 2451 δοῦλος
3001 2387 3099 2457 τῆς
3146 2388 3433 2456 ἁμαρτίας.
3481 2386 3648 2449 Σύνες
3702 2384 3938 2438 σεαυτοῦ

2366 2484 2464 2551 τῆς
2494 2483 2679 2550 τιμῆς,
2722 2481 2809 2533 ἵνα
2856 2479 2929 2549 μὴ
2972 2475 3343 2547 παρεικασθῇς
3372 2478 3481 2536 τοῖς
3511 2477 3768 2544 ἀνοήτοις
3807 2476 3939 2543 κτή-

2366 2589 2525 2625 νεσιν.
2558 2570 2717 2634 Αὕτη
2751 2570 2787 2634 ἡ
2816 2569 2953 2631 ὁδὸς
2993 2565 3189 2620 αὐτῶν
3216 2564 3565 2618 σκάνδαλον
3606 2565 3838 2630 αὐτοῖς.
3883 2566 3940 2615 Ὀ

2363 2662 2659 2733 οἰκονομῶν
2692 2660 2760 2712 τά
2792 2660 3031 2729 ἡμέτερα
3063 2658 3191 2719 Θεὸς
3228 2654 3505 2727 ἐμποδίζει
3534 2658 3670 2726 ἡμῖν
3713 2657 3803 2707 διὰ
3840 2658 3939 2725 τῆς

2364 2756 2559 2817 κακίας
2605 2752 2926 2823 βαδίζουσιν,
2978 2746 3375 2815 προσκόμματα
3418 2750 3548 2817 ἡμῖν
3606 2748 3707 2800 καὶ
3761 2749 3938 2801 xtuli».

2367 2866 2511 2919 ματα
2562 2844 2765 2906 τιθεὶς,
2814 2842 2920 2903 ἵνα,
2974 2836 3306 2899 ἀποστάντες
3354 2838 3450 2905 τῆς
3515 2839 3659 2891 κατά
3712 2840 3937 2906 ἀλογίαν

2365 2940 2527 3008 ζωῆς,
2568 2937 2703 3008 μετά
2742 2935 2912 2988 ταῦτα
2955 2935 3013 2985 ὲν
3054 2928 3131 2998 τῷ
3172 2928 3399 2997 στόματι
3432 2930 3589 2998 ἡμῶν
3630 2931 3939 2999 εὐδοκήσω-

2368 3050 2485 3104 μεν,
2545 3029 2741 3100 καρδίᾳ
2803 3028 2901 3097 μὲν
2958 3021 3363 3078 πιστευσάντων
3425 3021 3505 3082 είς
3557 3021 3934 3090 δικαιοσύνην,

2368 3124 2591 3193 στόματι
2640 3121 2695 3173 δὲ
2735 3117 3179 3187 ὁμολογησάντων
3232 3114 3309 3176 είς
3372 3110 3668 3181 σωτηρίαν.
3718 3111 3935 3163 Ἐδίωκε

2364 3216 2595 3278 Παῦλος,
2638 3211 2855 3283 ἐπόρθει
2902 3210 2999 3279 τὴν
3045 3205 3365 3276 Ἐκκλησίαν
3410 3203 3502 3258 τοῦ
3549 3204 3821 3274 Χριστοῦ,
3856 3205 3939 3255 ἐνο

2362 3308 2491 3376 ἧκεν
2517 3305 2678 3358 αὐτοῦ
2710 3304 2799 3355 τὸν
2842 3301 3037 3371 δρόμον
3079 3298 3168 3351 τὸν
3213 3298 3305 3349 ἐπὶ
3336 3297 3433 3365 τὴν
3470 3294 3742 3365 πονηρίαν
3794 3296 3934 3361 (10)·

2367 3398 2502 3466 μετά
2529 3396 2698 3448 ταῦτα
2732 3396 2787 3446 ὲν
2819 3392 2894 3461 τῷ
2927 3390 3150 3461 στόματι
3197 3388 3358 3442 αὐτοῦ
3400 3388 3683 3456 εὐδόκησε,
3730 3404 3937 3455 καταγο

2364 3488 2564 3556 γέλλων
2602 3488 2658 3540 ὲν
2702 3487 2820 3548 ταῖς
2873 3484 3228 3553 συναγωγαῖς,
3282 3482 3399 3533 Ὅτι
3444 3476 3625 3546 οὗτός
3678 3481 3857 3533 ἐστιν
3906 3482 3938 3533 ό

2362 3581 2632 3648 Χριστός.

2431 3671 2484 3726 9.
2538 3672 2629 3733 Ὡς
2682 3669 2941 3734 πρόϐατα
2983 3665 3052 3717 ἐν
3100 3662 3212 3730 ᾄδῃ
3263 3661 3426 3715 ἔθετο
3479 3662 3618 3730 (Hi.
3673 3662 3935 3726 θάνατος

2364 3760 2641 3830 ποιμανεῖ
2667 3759 2904 3822 αὐτούς.
2936 3756 3073 3816 Τοὺς
3109 3754 3165 3806 δὲ
3194 3752 3486 3820 κτηνώδεις
3512 3752 3608 3804 καὶ
3639 3769 3937 3822 παρασυμ-

2365 3853 2656 3923 ϐληθέντας
2702 3853 2813 3912 τοῖς
2839 3850 3078 3918 ,κτήνεσι
3124 3847 3234 3906 τοῖς
3265 3845 3527 3913 ἀνοήτοις,
3562 3845 3640 3905 ὡς
3684 3845 3936 3914 πρόδατα

2364 3946 2484 3999 οὔτε
2523 3944 2734 3998 σύνεσιν
2790 3942 2999 4011 ἔχοντα,
3038 3937 3159 3991 οὔτε
3207 3935 3305 4006 τὴν
3350 3934 3486 4005 πρὸς
3516 3933 3578 3986 τὺ
3621 3935 3934 4003 ἀμύνασθαι

2364 4038 2609 4107 δύναμιν,
2635 4037 2663 4088 6
2703 4033 3011 4104 διαρπάζων
3053 4033 3130 4093 είς
3164 4028 3260 4100 τὴν
3303 4025 3706 4097 αἰχμαλωσίαν.
3741 4028 3934 4098 ἐχθρὸς

2366 4130 2459 4192 ὣν,
2504 4131 2601 4201 ἤδη
2654 4126 2946 4181 κατέϐαλεν
2998 4126 3076 4187 εἰς
3132 4124 3191 4176 τὸ
3234 4121 3361 4173 ίδιον
3410 4119 3573 4172 αὑτοῦ
3624 4119 3932 4190 ὀχύρωμα,

2366 4222 2459 4274 καὶ
2506 4223 2784 4292 παρέδωκε
2826 4218 2902 4287 τῷ
2941 4217 3149 4283 θανάτῳ
3198 4213 3504 4281 ποιμαίνειν
3552 4212 3686 4274 (12).
3751 4213 3933 4263 Ἐποί-

2371 4328 2525 4379 μαινε
2573 4310 2679 4379 γὰρ
2721 4310 2749 4361 6
2783 4307 3008 4367 θάνατος
3053 4301 3161 4355 ἀπὸ
3211 4301 3379 4369 Ἀδὰμ
3429 4300 3585 4367 μέχρι
3629 4298 3734 4365 τῆς
3798 4300 3935 4351 κατά

2366 4403 2601 4456 Μωΰσέα
2632 4399 2921 4462 πολιτείας,
2948 4398 3051 4460 ἓως
3075 4387 3135 4448 οἶ)
3164 4389 3323 4463 ἦλθεν
3350 4392 3378 4441 ὁ
3406 4389 3653 4459 ἀληθινὸς
3700 4392 3933 4460 ποιμὴν,

711 4502 898 4556 ovibus
918 4500 1096 4570 posuit
1120 4502 1187 4565 ⁸⁷,
1225 4499 1408 4567 sicque
1441 4510 1534 4549 eas
1564 4509 1749 4549 secum
1784 4495 2071 4558 excitatas,
2107 4503 2158 4547 et
2196 4508 2261 4546 ex

2366 4497 2393 4547 6
2423 4494 2533 4553 θεὶς
2564 4493 2660 4562 τὴν
2702 4492 2895 4544 ἑαυτοῦ
2927 4491 3101 4561 ψυχὴν
3147 4487 3285 4556 ὑπὲρ
3335 4482 3440 4536 τῶν
3480 4482 3801 4553 προϐάτων,
3850 4486 3934 4536 καὶ

710 4595 903 4649 inferni
946 4607 1164 4648 carcere
1208 4592 1275 4645 ad
1308 4589 1719 4645 resurrectionis
1758 4587 2077 4641 matutinum
2128 4587 2257 4640 edu-

777 4729 823 4760 ⁸⁸
848 4727 1044 4781 Jerem.
1082 4742 1130 4789 ν,
1168 4724 1220 4779 8.
1296 4724 1340 4755 ⁸⁹
1366 4721 1561 4776 Ezech.
1588 4736 1713 4782 χιιι,
1743 4718 1830 4771 9.7.
1907 4717 1951 4749 9°
1982 4718 2176 4789 Ezech.
2201 4732 2262 4789 xi:

2366 4719 2435 4777 ἇς
2476 4716 2602 4769 Luc.
2634 4716 2885 4789 XIIILS?“
2960 4715 3001 4744 ⁹¹
3032 4710 3183 4789 Joan.
3217 4726 3258 4774 ι,
3292 4710 3377 4765 14.

2367 4586 2538 4651 οὕτως
2582 4585 2758 4655 ἐαυτῷ
2805 4584 3206 4649 συναναστήσας
3254 4579 3347 4632 καὶ
3391 4575 3661 4644 ἐξαγαγὼν
3723 4578 3801 4629 ἐκ
3845 4578 3933 4645 τῆς

3460 4710 3503 4740 ⁸³
3540 4705 3745 4772 Philip.
3786 4723 3849 4769 tl,
3884 4708 3931 4760 8.

704 4799 751 4832 ’³
778 4800 928 4851 ltom.
954 4780 1019 4855 ἀπ.
1058 4780 1143 4848 ω’.
1217 4794 1263 4825 ⁸⁸
1293 4796 1409 4846 Act.
1440 4807 1568 4855 vm,
1599 4793 1651 4843 5.
1706 4780 1772 4819 Ὓ⁹⁵
1810 4790 1922 4841 Act.
1960 4804 2043 4851 ix,
2074 4786 2162 4839 22.
2237 4788 2255 4818 θ

2366 4804 2467 4841 0m.
2506 4804 2553 4849 ν,
2588 4788 2672 4840 Η.
2744 4787 2787 4817 ⁸⁷
2820 4785 2973 4839 Joan.
3009 4799 3074 4847 x,
3104 4780 3188 4835 15.

777 4933 851 5002 (7)
885 4929 1124 5002 ῡοθειδέ
1164 4929 1215 4982 in
1242 4942 1377 5002 mss._
1409 4942 1510 5002 no_n
1533 4925 1741 5002 paucis.

777 4992 853 5069 (8)
889 5003 963 5054 lta
990 5001 1115 5054 editi
1151 5014 1271 5069 cum
1300 4998 1422 5069 solo
1452 4992 1602 5051 Colh.
1627 4994 1871 5061 septimo.
1909 4993 1978 5046 At
2022 4992 2111 5046 alii
2167 4993 2256 5047 de-

708 5067 821 5123 cem
853 5086 979 5124 mss.
1002 5071 1141 5123 νοεῖν
1178 5067 1475 5138 βουληθείς.

782 5139 1078 5221 tili‘lta‘se'x
1116 5136 1245 5220 mss.
1276 5136 1415 5218 Etl'iti
1448 5150 1570 5221 vero
1602 5136 1674 5208 μὴ
1709 5136 1855 5221 γίνη.

780 5204 891 5279 (10)
941 5210 1227 5279 Colberlini
1285 5209 1487 5272 primus
1514 5216 1567 5279 et
1602 5204 1789 5260 sextus
1809 5204 2029 5279 δρόμον,
2074 5205 2131 5279 δν
2162 5204 2254 5255 ἐπὶ

707 5275 802 5353 τὴν
838 5275 1096 5359 πονηρίαν
1144 5278 1373 5359 ἐτρεχεε
1407 5278 1548 5359 quod
1584 5279 1710 5359 quin
1734 5292 1811 5359 eis
1846 5278 2023 5344 aliquo
2054 5275 2259 5345 glosse-

710 5347 849 5405 mate
882 5351 932 5403 in
958 5359 1157 5400 textum
1192 5347 1485 5415 i’rrepserit,
1529 5364 1630 5401 non
1669 5347 1869 5400 dubito.

780 5422 891 5489 (ll)
923 5420 1072 5487 Apud
1098 5417 1239 5471 LXX
1268 5434 1361 5489 pro
1392 5416 1569 5489 ἔθετο,
1596 5415 2251 5489 posuit,_legitttr_§eavro,

708 5485 1028 5557 positi'surit,
1064 5503 1158 5541 nec
1192 5490 1257 5541 ab
1312 5488 1390 5541 eis
1440 5487 1684 5541 dissentit
1718 5485 1959 5557 Vulgata.
2018 5485 2258 5555 Syrunm-

710 5555 861 5621 Chus,
912 5561 955 5613 si
1006 5557 1214 5610 Nobilio
1252 5556 1381 5609 fides
1426 5557 1702 5618 habeatur,
1756 5558 1825 5607 ita
1874 5555 2256 5620 interpretatus

707 5642 806 5691 est,
835 5631 907 5692 ὡς
930 5630 1241 5699 βοσκήματα
1271 5627 1395 5697 ᾆδου
1426 5625 1606 5699 ἔταξεν
1639 5626 1851 5687 αὐτούς,
1890 5624 2033 5677 Sicut
2069 5640 2252 5691 pecora

707 5703 896 5758 inferni
931 5696 1208 5751 constituit
1260 5696 1363 5751 eos.
1408 5698 1508 5748 Sed
1576 5698 1729 5750 facile
1775 5696 2092 5747 crediderim
2128 5708 2247 5745 eum

709 5775 836 5834 falli,
866 5780 1019 5838 atque
1047 5786 1139 5837 pro
1172 5768 1354 5830 ἔταξεν
1378 5766 1566 5827 αὐτούς
1603 5768 1875 5835 legendum
1910 5780 2025 5817 esse
2054 5764 2245 5824 ἔταξαν

2364 4928 2606 4986 εαυτους,
2640 4925 3026 4975 constituerunt
3059 4935 3111 4972 se
3157 4918 3321 4986 ipsos.
3366 4912 3494 4966 Nam
3533 4912 3602 4986 i_ta
3632 4914 3933 4986 scripsisse

2368 4984 3227 5061 Symmachum”locupletissimi
3311 4994 3473 5037 testes
3532 4984 3816 5037 Eusebtus
3885 4997 3933 5035 et

2366 5058 2735 5117 'l‘heodoretus
2765 5058 2959 5113 litteris
2989 5060 3356 5126 prodiderunt.

2436 5133 2546 5201 (12)
2581 5135 2636 5186 In
2670 5131 2902 5185 editione
2924 5121 3188 5201 iParis.ita
3212 5125 3410 5201 editum
3437 5121 3704 5201 invenitur:
3842 5122 3929 5201 ea:

2360 5179 2501 5271 νάτῳ
2531 5179 2870 5273 ’ποιμαίνειν
2893 5200 3031 5273 -Καὶ
3086 5193 3597 5273 κιατακυριεύσουσιν
3647 5179 3851 5243 αὐτῶν
3889 5193 3932 5242 οξ

2362 5263 2535 5335 εὑθέῖς
2567 5263 2953 5342 πεδ’πρωϊηΕι
2986 5263 3397 5342 dominabuntur
3442 5276 3617 5342 eorum
3675 5268 3822 5313 recti
3882 5263 3929 5337 in

2365 5332 2641 5395 matutino.
2687 5332 2790 5396 Sed
2824 5332 2960 5401 illa,
2993 5340 3086 5390 καὶ
3138 5332 3677 5402 κατακυριεύσουσιν,
3703 5343 3855 5393 etc.,
3886 5334 3928 5381 in

2370 5428 2496 5464 mss.
2532 5415 2923 5464 desiderantur.
2968 5409 3076 5460 Nec
3110 5408 3260 5458 valde
3283 5401 3561 5454 admodum
3585 5401 3928 5458 dubitamus.

2364 5484 2491 5549 quin
2526 5485 2658 5541 haec,
2693 5492 2746 5534 et
2776 5479 2874 5531 alia
2914 5478 3097 5549 multa,
3133 5474 3377 5549 eiBibliis
3408 5481 3681 5549 contextu_
3719 5485 3754 5521 a
3821 5488 3927 5538 qm-

2368 5541 2587 5604 liusdam
2625 5551 2861 5603 librariis
2908 5547 3112 5612 adjecta
3149 5548 3279 5606 sint,
3332 5558 3501 5610 eoque
3542 5541 3716 5612 magis
3744 5581 3759 5597 .
3796 5542 3927 5607 quod

2366 5624 2559 5674 seriem
2610 5622 2869 5674 orationis
2901 5610 3224 5671 intercidere
3252 5615 3546 5665 videantur.
3602 5610 3795 5673 Quare
3826 5615 3925 5676 ip-z‘t

2360 5691 2534 5743 delere
2569 5692 2737 5743 satius
2756 5690 3020 5743 duximus.
3063 5687 3172 5737 Hoc
3209 5685 3321 5749 ipso
3354 5686 3404 5736 in
3441 5684 3553 5737 low
3579 5680 3715 5733 editi
3752 5680 3925 5733 Ἐποί-

2359 5778 2490 5830 μανε
2520 5763 2645 5830 γάρ,
2681 5763 2743 5812 At
2784 5774 2908 5811 mss.
2955 5756 3288 5823 Ἐποίμαινε.
