4058 6320
118 359 243 412 ὁῗιῦ
1226 357 1502 412 ΙΙΟΜΙΙ..ΙΑ
1546 359 1606 412 ΙΝ
1652 358 1687 411 1³

1792 359 1977 413 LMUM
2018 359 2245 416 XLVI“.
3263 361 3367 418 436

115 471 388 540 φυλακῆς
423 471 516 524 τοῦ
553 471 675 543 ᾅδου
707 473 783 533 εἰς
827 471 920 540 τὴν
952 471 1046 542 τῆς
1090 472 1432 535 ἀναστάσεως
1469 475 1687 543 πρωῖαν.

1805 484 1937 537 etas,
1976 475 2138 528 rectis
2177 473 2415 538 tradidit,
2460 473 2560 527 hoc
2589 479 2704 538 est,
2746 472 2950 527 sanctis
2979 473 3092 528 suis
3125 475 3368 549 angelis,

115 563 426 632 παρέδωκε
465 567 574 626 τοῖς
621 563 820 625 εὐθέσι,
852 567 1123 628 τουτέστι,
1163 567 1273 628 τοῖς
1317 565 1490 632 ἁγίοις
1534 567 1697 619 αὑτοῦ

115 654 410 722 ἀγγέλοις,
430 659 508 717 εἰς
528 655 590 707 τὸ
618 656 923 726 ποιμαίνειν
949 657 1160 718 αὐτούς.
1187 656 1293 709 Καὶ
1328 658 1702 724 κατακυριεύο

117 760 362 799 σουσιν
383 743 580 799 αὐτῶν
599 749 652 800 οἱ
677 745 868 812 εὐθεῖς
895 749 959 800 τὸ
987 748 1141 814 πρωΐ
1161 747 1290 818 (15).
1325 748 1566 818 Ἐκάστῳ
1592 750 1700 818 γὰρ

116 835 247 888 τῶν
290 835 492 887 πιστῶν
543 838 688 890 ἐστιν
743 839 970 906 ἄγγελος
1017 838 1490 910 παρεςευγμένος,
1550 840 1699 904 ἄξιος

117 927 226 979 τοῦ
261 927 472 996 βλέπειν
508 930 596 982 τὸν
632 929 844 1002 Πατέρα
870 931 959 984 τὸν
998 933 1055 982 ἐν
1093 933 1205 994 τοῖς
1237 931 1504 1001 οὐρανοῖς.
1538 928 1699 987 Οὗτοι

117 1012 226 1068 οὖν
263 1019 310 1068 οἱ
336 1017 509 1082 εὐθεῖς
542 1022 1058 1092 κατακυριεύσουσιν
1083 1020 1260 1075 αὐτῶν
1291 1024 1354 1075 ἐκ
1378 1024 1475 1092 τῆς
1502 1041 1696 1094 πικρο-

118 1111 308 1180 τάτης
348 1113 586 1175 δουλείας
639 1113 1129 1185 ἐλευθερωθέντων,
1188 1115 1281 1170 καὶ
1341 1117 1699 1185 κατακυριεύ-

118 1214 293 1253 σουσι.
339 1203 444 1254 τῶν
492 1205 795 1274 γενομένων
849 1205 958 1275 (11)
993 1207 1050 1258 ὲν
1088 1210 1151 1279 τῇ
1192 1209 1393 1280 πρωῖᾳ,
1431 1207 1696 1272 τουτέστι,

113 1292 242 1344 τῶν
300 1294 631 1348 ὑπελθόντων
676 1298 771 1368 τὴν
818 1297 1076 1370 ἀνατολὴν
1108 1302 1200 1353 τοῦ
1252 1300 1446 1370 φωτός.
1499 1300 1699 1352 Θέασαι

117 1386 314 1438 ’πάντα
343 1387 431 1439 τὸν
463 1391 650 1460 εἱρμὸν
679 1393 786 1444 τῶν
817 1394 1099 1461 γραφικῶν
1129 1397 1403 1465 ῥημάτων.
1451 1396 1697 1461 Ἄνθρω-

120 1493 270 1542 πος,
297 1479 365 1530 ἐν
393 1483 526 1551 τιμῇ
547 1484 649 1547 ὢν,
677 1487 747 1536 οὐ
777 1483 1024 1552 συνῆκεο
1048 1485 1548 1554 παρασυνεϐλήθη
1578 1487 1700 1552 τοῖς

118 1569 382 1637 κτήνεσι
412 1575 534 1640 τοῖς
559 1577 855 1642 ἀνοήτοις.
902 1578 960 1631 '0
987 1578 1071 1630 διὰ
1106 1577 1202 1646 μὲν
1228 1576 1323 1648 τὴν
1353 1580 1696 1650 κατασκευὴν

119 1661 274 1730 ἔχων
298 1665 358 1717 τὸ
384 1667 579 1736 τίμιον,
610 1666 695 1718 διὰ
717 1667 773 1720 δὲ
802 1669 898 1741 τὴν
925 1667 1235 1723 ἐνοικοῦσαν
1264 1672 1320 1722 έν
1348 1671 1493 1742 αὑτῴ
1521 1674 1698 1744 ἁμαρ-

117 1753 254 1805 τίαν
285 1756 383 1808 οὐκ
412 1755 794 1827 αἰσθανόμενος
818 1760 1032 1824 ἑαυτοῦ,
1059 1752 1211 1824 οὗτος
1243 1763 1694 1834 παρασυνεϐλήθη

119 1847 245 1904 τοῖς
291 1847 558 1904 κτήνεσιν.
601 1845 729 1902 Εἶτα
775 1851 861 1903 διὰ
895 1851 954 1904 τὸ
990 1851 1344 1924 ἀλλοτριῶσαι
1381 1855 1569 1908 ἑαυτὸν
1603 1855 1694 1907 τοῦ

119 1934 268 1986 Θεοῦ
318 1935 474 2002 λόγου
519 1940 647 2008 (15),
701 1941 987 2012 γενόμενον
1038 1945 1248 2015 ἄλογον,
1301 1945 1376 2006 ὡς
1425 1945 1694 2014 πρόϐατον

122 2024 466 2093 ἁποίμαντον
493 2031 520 2080 ὁ
543 2030 730 2101 ἐχθρὸς
753 2033 1054 2106 διαρπάσας
1084 2040 1141 2090 ὲν
1168 2036 1246 2106 τῷ
1277 2036 1375 2109 ᾇδῃ
1405 2036 1574 2095 ἔθετο.
1601 2040 1694 2090 καὶ

122 2117 414 2185 παρέδωκε
447 2121 522 2191 τῷ
553 2122 761 2196 Θανάτῳ
789 2130 1114 2198 ποιμαίνειν.
1145 2128 1242 2180 Διὰ
1266 2128 1419 2182 τοῦτο
1443 2133 1470 2184 ὁ
1491 2131 1696 2183 ἐκεῖθεν

125 2210 371 2276 ρυστθεὶς,
409 2214 618 2267 καὶτοῦ
659 2219 892 2288 πονηροῦ
928 2219 1182 2290 ποιμένος
1219 2221 1571 2292 ἀπαλλαγεὶς,
1603 2223 1693 2275 λέ·

121 2317 215 2366 γει
257 2303 336 2366 τὸ,
366 2307 580 2372 Κύριος
609 2311 901 2376 ποιμαίνει
935 2327 1031 2379 με.
1064 2312 1172 2364 Καὶ
1219 2313 1397 2367 οὐκέτι
1444 2315 1689 2378 θάνατος,

123 2392 267 2445 ἀλλὰ
301 2395 409 2464 ζωή
433 2412 446 2425 ·
479 2398 660 2451 οὐκέτι
687 2401 910 2463 πτῶσις,
935 2401 1047 2454 ἀλλ’
1070 2403 1360 2467 ἀνάστασις
1381 2421 1394 2433 ·
1425 2406 1604 2458 οὐκέτι
1632 2406 1694 2458 τὸ

122 2483 347 2549 Ψεῦδος,
382 2487 493 2538 ἀλλ’
526 2490 557 2559 ή
593 2487 836 2562 ἀλήθεια.
877 2492 987 2546 Καὶ
1023 2496 1060 2562 ἡ
1088 2495 1336 2561 ,ϐοήθεια
1366 2494 1560 2547 αὐτῶν
1585 2511 1694 2546 πα-

123 2578 520 2645 λαιωθήσεται
551 2582 620 2636 ἐν
663 2583 741 2648 τῷ
781 2584 912 2654 ᾅδῃ.
949 2587 1102 2640 Ἤτοι
1150 2587 1278 2657 περὶ
1329 2585 1422 2638 τοῦ
1463 2586 1691 2640 Θανάτου

124 2671 299 2739 λέγει,
345 2673 437 2726 τοῦ
488 2676 561 2746 μὴ
601 2677 914 2748 δυνηθέντος
971 2679 1108 2748 μετὰ
1150 2679 1330 2748 πάσης
1376 2678 1539 2731 αὑτοῦ
1594 2681 1691 2751 τῆς

125 2761 383 2831 βοηθείας
420 2767 763 2838 ἁντισχέσθαι
797 2771 901 2822 τῶν
935 2772 1023 2823 ὑπ’
1058 2769 1221 2823 αὑτοῦ
1263 2772 1691 2841 ποιμαινομένων

122 2856 214 2908 διὰ
247 2858 338 2909 τὸν
368 2859 701 2912 καταλύοντα
729 2862 817 2912 τὸν
855 2862 914 2913 τὸ
952 2863 1150 2932 κράτος
1179 2861 1368 2931 ἔχοντα
1401 2863 1493 2915 τοῦ
1528 2863 1691 2916 θανά-

122 2964 218 3000 του
246 2965 260 2978 °
310 2944 383 3002 ὦν
425 2951 572 3004 πᾶσα
602 2954 634 3021 ἡ
671 2952 889 3022 βοήθεια
935 2955 1136 3009 παλαιὰ
1178 2957 1270 3008 καὶ
1298 2956 1548 3028 ἀσθενής.
1581 2958 1690 3010 Καὶ

122 3042 246 3093 τότε
291 3042 732 3115 ἐξελεγχθήσεται
766 3048 798 3117 η
847 3044 1062 3117 βοήθεια
1099 3046 1204 3101 τῶν
1243 3047 1542 3117 ἀνθρώπων
1583 3046 1690 3100 τῶν

1813 577 1905 617 eas
1923 573 1979 616 ut
2004 575 2306 631 paseercnt.
2328 563 2394 618 Et
2411 563 2821 618 dominabuntur
2834 579 3010 616 eorum
3031 563 3154 616 recti
3177 563 3231 616 in
3253 580 3370 616 ma-

1804 653 1992 706 tutino.
2016 653 2247 708 Cuilibet
2269 655 2409 708 enim
2439 653 2674 709 ﬁdelium
2697 662 2777 708 est
2806 654 3024 721 angelus
3060 653 3364 722 adjunctus.

1802 745 1891 811 qui
1924 745 2118 818 dignus
2153 756 2239 801 est
2289 746 2379 816 qui
2431 748 2794 803 diversantem
2846 746 2896 798 in
2959 746 3113 799 cmlis
3151 745 3365 799 Patrem

1804 835 1998 890 videat.
2041 835 2101 890 lli
2147 835 2312 904 igitur
2346 836 2478 889 recti
2505 838 2584 892 eis
2623 853 2689 892 ex
2724 834 3060 890 amarissima
3107 838 3369 891 servitute

1805 926 2043 983 liberatis
2071 927 2511 993 dominabuntur,
2544 937 2598 982 et
2623 928 3052 984 dominabuntur
3084 928 3214 997 ipsis
3240 946 3366 983 cou-

1805 1019 2009 1072 stitutis
2041 1019 2093 1070 in
2128 1021 2429 1088 matutino,
2462 1021 2565 1076 hoc
2590 1029 2692 1084 est,
2719 1023 2784 1074 ad
2822 1021 2956 1076 lucis
2986 1030 3235 1075 exortum
3274 1037 3366 1075 ac-

1802 1111 2143 1166 cedentibus.
2176 1111 2469 1168 Considera
2503 1127 2718 1169 omncm
2749 1114 3034 1168 verborum
3068 1110 3366 1182 Scriptura:

1804 1205 2001 1258 seriem
2032 1221 2045 1257 :
2083 1202 2251 1255 Ilomo
2287 1219 2402 1255 cum
2431 1206 2482 1256 in
2516 1208 2710 1259 honore
2741 1215 2893 1267 esset,
2931 1222 3033 1258 non
3073 1205 3363 1269 intellexit;

1803 1304 2137 1364 comparatus
2177 1305 2252 1348 est
2275 1295 2529 1364 jumentis
2571 1297 2956 1365 insipientibus.
3006 1295 3107 1360 Qui
3153 1312 3219 1350 ex
3269 1313 3363 1349 sua

1803 1388 2109 1442 conditione
2149 1386 2311 1440 habet
2339 1386 2679 1456 dignitatem,
2719 1400 2766 1441 et
2812 1399 3028 1457 propter
3059 1385 3366 1440 inhabitans

1806 1482 1853 1531 in
1886 1482 2000 1549 ipso
2035 1489 2317 1550 peccatum
2340 1521 2354 1545 ,
2389 1495 2494 1533 non
2538 1482 2813 1548 cognoscit
2852 1496 2911 1535 se
2953 1482 3127 1550 ipsqu
3149 1520 3164 1546 ,
3199 1479 3246 1534 is
3273 1479 3364 1549 ju-

1805 1574 2000 1627 mentis
2034 1584 2377 1643 comparatus
2411 1582 2513 1628 est.
2559 1573 2761 1627 Deinde
2803 1575 2947 1641 quod
2991 1591 3019 1625 ιι
3061 1574 3224 1629 verbo
3268 1573 3364 1628 Dei

1802 1678 1920 1716 sese
1959 1664 2308 1727 abalienavit,
2344 1664 2593 1720 ell‘ectum
2624 1665 2866 1728 brutum,
2903 1664 3050 1718 velut
3077 1681 3232 1721 ovem
3269 1683 3364 1736 pa-

1803 1766 1948 1810 store
1995 1756 2305 1810 destitutam
2349 1759 2604 1810 initnicus
2649 1757 2908 1826 abripuit,
2963 1756 3251 1828 posuitque
3305 1759 3360 1812 in

1727 1839 1768 1893 Β
1801 1849 2031 1915 inferno,
2075 1858 2128 1903 et
2157 1849 2315 1904 morti
2352 1849 2572 1902 tradidit
2617 1853 2965 1918 pascendum.
3017 1851 3362 1919 Quapmpter

1801 1945 1925 1998 inde
1945 1953 2256 2013 exemptus,
2283 1950 2336 1995 et
2364 1957 2392 1995 a
2420 1941 2656 2010 maligno
2688 1950 2903 2008 pastore
2927 1942 3209 2006 liberatus,
3242 1942 3317 1995 ait
3343 1960 3357 1994 :

1800 2036 2052 2088 Dominus
2097 2037 2257 2102 pascit
2299 2051 2376 2087 me
2400 2035 2467 2098 ³⁸,
2518 2045 2709 2088 etnon
2763 2034 2996 2103 amplius
3047 2049 3211 2098 mors,
3264 2033 3362 2087 sed

1797 2128 1905 2179 vita
1939 2144 1952 2179 :
1986 2141 2090 2180 non
2118 2125 2347 2194 amplius
2376 2140 2556 2189 casus,
2591 2127 2684 2179 sed
2710 2126 3037 2179 resurrectio
3068 2145 3080 2179 :
3113 2141 3218 2178 non
3244 2141 3362 2178 am-

1798 2220 1937 2290 plius
1970 2219 2332 2284 mendacium,
2375 2219 2468 2273 sed
2504 2217 2728 2272 veritas.
2765 2217 2834 2270 Et
2874 2216 3139 2271 auxilium
3179 2233 3360 2270 eorum

1796 2325 2071 2368 veterascet
2115 2316 2169 2366 in
2213 2313 2442 2379 inferno.
2475 2314 2580 2366 Aut
2618 2310 2858 2379 loquitur
2885 2312 2950 2364 dc
2983 2320 3188 2375 morte,
3238 2325 3362 2380 quae

1797 2421 1914 2458 cum
1950 2404 2094 2459 omni
2127 2419 2224 2457 suo
2273 2403 2526 2472 prmsidio
2557 2417 2684 2469 eos,
2719 2418 2855 2472 quos
2885 2403 3172 2472 pascebat,
3215 2403 3360 2458 deti-

1798 2510 1927 2550 nere
1959 2511 2066 2550 non
2092 2496 2283 2564 potuit,
2317 2505 2535 2566 propter
2572 2496 2719 2549 illum
2748 2511 2776 2549 a
2801 2510 2908 2563 quo
2932 2495 3246 2550 destructus
3276 2502 3362 2548 est

1798 2589 1841 2640 is
1876 2590 1965 2655 qui
2000 2589 2191 2640 mortis
2239 2589 2472 2641 habebat
2502 2587 2787 2653 imperium
2814 2586 2895 2650 °°;
2935 2601 3164 2654 quorum
3195 2600 3360 2640 omne

1795 2677 2053 2730 auxilium
2086 2685 2241 2729 vetus
2263 2685 2318 2728 et
2350 2676 2619 2728 infirmum
2644 2685 2748 2730 est.
2784 2675 3044 2746 Tuncque
3068 2676 3359 2746 redargue-

1797 2779 1879 2822 tur
1915 2768 2172 2822 auxilium
2202 2768 2478 2822 hominum
2511 2782 2719 2833 eorum,
2764 2768 2858 2838 qui
2896 2779 3076 2823 mente
3115 2768 3355 2837 decepti,

1793 2863 1861 2915 ob
1891 2862 2103 2914 divitias
2144 2860 2482 2929 gloriamque
2526 2869 2580 2913 et
2614 2872 2939 2929 potestatem
2973 2876 3034 2916 se
3079 2861 3178 2930 ipsi
3211 2860 3358 2916 mul-

1797 2965 1903 3004 tum
1936 2951 2188 3005 eﬂ'erunt.
2225 2953 2289 3004 In
2321 2954 2523 3020 inferno
2553 2963 2828 3006 veterascet
2861 2964 2995 3016 tum,
3027 2970 3150 3006 cum
3190 2953 3357 3007 fuerit

1792 3058 1978 3096 eorum
2012 3043 2355 3097 imbecillitas
2392 3044 2744 3112 deprehensa.
2781 3043 2885 3096 Aut
2921 3044 3058 3097 forte
3090 3044 3351 3096 auxilium

121 3132 492 3200 ἠπατημένων
535 3134 644 3196 (16)
673 3139 739 3205 τῇ
767 3135 992 3206 διανοίᾳ,
1035 3136 1110 3207 τῷ
1146 3137 1378 3206 πλούτῳ,
1413 3139 1504 3190 καὶ
1538 3135 1687 3207 δόξῃ,

1792 3134 2053 3203 iustorum
2101 3148 2237 3200 quos
2273 3135 2500 3187 redemit
2547 3134 2827 3198 Dominus,
2871 3136 2922 3187 in
2961 3133 3174 3189 inferno
3223 3149 3352 3202 pro-

123 3223 218 3272 καὶ
268 3223 552 3292 δυναστείᾳ
590 3225 731 3292 μέγα
776 3227 1131 3294 φρονούντων.
1174 3231 1266 3279 Ἐν
1300 3229 1378 3294 τῷ
1422 3230 1534 3298 ᾅδῃ
1577 3245 1689 3283 πα-

124 3314 536 3379 λαιωθήσεται,
601 3316 957 3388 ὲλεγχομένης
1006 3320 1182 3374 αὐτῶν
1240 3322 1337 3389 τῆς
1383 3323 1684 3384 ἀσθενείας.

128 3410 196 3460 Ἤ
236 3410 444 3478 μήποτε
473 3411 505 3481 ἡ
536 3409 754 3481 βοήθεια
787 3412 894 3464 τῶν
924 3412 1144 3466 δικαίων
1173 3413 1279 3465 τῶν
1307 3414 1684 3484 λυτρωθέντων

121 3500 277 3564 παρὰ
309 3500 510 3571 Κυρίου
543 3502 983 3573 παραταθήσεται
1019 3506 1075 3556 ἐν
1110 3504 1185 3573 τῷ
1217 3505 1338 3577 ᾄδῃ.
1380 3503 1542 3556 Οὔπω
1573 3506 1682 3574 γὰρ

124 3589 448 3657 ἐκομίσαντο
473 3592 570 3654 τὰς
595 3593 941 3660 ἐπαγγελίας,
965 3593 1057 3646 τοῦ
1081 3594 1212 3646 Θεοῦ
1244 3613 1310 3647 πε
1321 3597 1369 3666 ρί
1393 3595 1544 3665 ἡμῶν
1570 3596 1681 3664 (17)

124 3682 368 3746 κρεῖττόν
395 3701 444 3735 τι
479 3685 945 3756 προϐλεψαμένου,
977 3688 1064 3740 ἵνα.
1105 3688 1178 3759 μὴ
1208 3689 1372 3757 χωρὶς
1411 3688 1565 3757 ἡμῶν
1593 3705 1683 3739 τε’

123 3769 415 3824 λειωθῶσιν
444 3777 493 3826 οἱ
522 3778 922 3846 προειληφότες.
956 3777 1124 3846 Πλὴν
1154 3782 1185 3832 ό
1210 3779 1351 3843 Θεὸς
1386 3776 1683 3845 ιιίυτρώσε-

123 3881 214 3916 ται
260 3866 362 3933 τὴν
418 3868 627 3936 ψυχήν
664 3887 782 3937 μου
811 3871 879 3923 ἐκ
922 3872 1117 3939 χειρὸς
1149 3872 1318 3938 ᾅδου,
1350 3870 1491 3922 ὅταν
1528 3873 1679 3937 ,λαμ-

1799 3227 2064 3281 teudetur.
2098 3223 2348 3279 Nondum
2384 3225 2527 3278 cnim
2566 3233 2889 3293 acceperant
2923 3224 3353 3294 promissioucs,

1795 3318 1934 3384 quod
1968 3319 2108 3372 Deus
2135 3317 2202 3372 de
2241 3315 2401 3369 nobis
2429 3314 2619 3369 melius
2649 3315 2776 3382 quid
2809 3315 3115 3381 providerat
3150 3313 3189 3380 ¹;
3217 3329 3285 3366 ne
3316 3314 3354 3366 ii

1793 3411 1884 3479 qui
1911 3410 2257 3476 pririvcrant,
2290 3409 2408 3464 sine
2440 3406 2592 3461 nobis
2622 3415 3150 3461 consummarentur.
3187 3404 3352 3460 Vens.

1793 3499 1881 3554 16.
1946 3499 2315 3553 Verumtamen
2369 3499 2512 3553 Deus
2547 3500 2763 3552 redimet
2805 3501 3037 3552 animam
3086 3514 3254 3551 meam
3286 3499 3351 3550 de

1792 3607 1949 3643 manu
1982 3590 2164 3658 inferi,
2192 3606 2307 3642 cum
2342 3590 2596 3658 acceperit
2627 3604 2726 3643 me.
2753 3587 2935 3641 Palam
2964 3587 3210 3656 praedicit
3247 3586 3351 3640 Do-

1792 3683 1918 3736 mini
1945 3684 2011 3737 ad
2045 3682 2247 3737 inferos
2270 3683 2611 3747 descensum,
2632 3681 2722 3750 qui
2755 3695 2859 3733 una
2885 3695 3006 3734 cum
3035 3680 3155 3733 aliis
3179 3680 3351 3748 ipsius

1792 3779 1954 3832 etiam
1993 3777 2275 3848 Prophetas
2308 3778 2546 3831 animam
2585 3775 2862 3839 liberabit,
2908 3785 2965 3829 ut
3003 3791 3072 3831 ne
3107 3775 3220 3828 illic
3257 3789 3348 3828 re-

1789 3879 2022 3924 maneat.

123 3959 272 4031 ϐάνῃ
309 3980 402 4032 με.
438 3965 631 4033 Σαφῶς
666 3967 991 4037 προφητεύει
1025 3969 1120 4038 τὴν
1147 3967 1239 4020 τοῦ
1285 3967 1484 4037 Κυρίου
1513 3965 1734 4020 κάθοδον
1767 3966 1876 4036 (18)
1917 3967 1996 4030 είς
2028 3965 2174 4037 ᾅδου,
2204 3965 2264 4028 ὃς
2288 3965 2425 4034 μετὰ
2491 3965 2598 4018 τῶν
2665 3964 2837 4019 ἄλλων
2900 3966 2993 4017 καὶ
3055 3963 3220 4019 αὑτοῦ
3255 3961 3350 4015 λυ.

124 4057 387 4126 τρώσεται
412 4062 502 4114 τοῦ
539 4064 818 4134 Προφήτου
843 4065 939 4135 τὴν
969 4064 1159 4135 ψυχὴν,
1183 4065 1256 4127 ὡς
1285 4065 1357 4134 μὴ
1387 4065 1730 4133 ἐναπομεῖναι
1763 4063 1893 4114 ἐκεῖ.

198 4151 284 4204 10.
328 4154 422 4220 Μὴ
467 4155 680 4223 φοϐοῦ,
717 4157 862 4211 ὅταν
907 4157 1220 4227 πλουτήσῃ
1267 4158 1594 4225 ἅνθρωπος,
1638 4157 1676 4224 ἢ

123 4242 265 4296 ὅταν
289 4248 607 4316 πληθυνθῇ
639 4251 676 4318 ἡ
704 4249 853 4313 δόξα
884 4249 986 4302 τοῦ
1015 4251 1182 4302 οἴκου
1210 4250 1413 4303 αὑτοῦ.
1446 4248 1541 4316 Μὴ
1574 4267 1678 4316 φο-

121 4336 244 4398 ϐοῦ,
272 4338 454 4408 φησιν,
479 4339 622 4392 ὅταν
646 4340 958 4408 πλουτήσῃ
993 4340 1297 4407 ἅνθρωπος
1327 4339 1455 4407 (19).
1491 4339 1677 4406 ’Λναγ-

121 4429 271 4478 καῖον
301 4429 394 4479 καὶ
416 4427 571 4481 τοῦτο
598 4429 655 4482 τὸ
684 4432 939 4501 κήρυγμα
969 4432 1079 4491 τοῖς
1092 4427 1187 4499 τὴν
1203 4428 1522 4498 οἰκουμένην
1547 4445 1675 4480 κατ-

119 4518 346 4580 οικοῦσι,
372 4520 483 4580 τοῖς
507 4536 566 4571 τε
602 4519 853 4588 γηγενέσι
907 4520 999 4572 κα)¹
1029 4522 1138 4582 τοῖς
1165 4521 1296 4583 υίοῖς
1325 4518 1431 4572 τῶν
1464 4518 1672 4589 ἀνθρώ-

124 4624 256 4672 πων,
309 4608 580 4673 πλουσίοις
615 4627 674 4662 τε
725 4609 858 4680 ὁμοῦ
914 4611 1006 4665 καὶ
1052 4611 1261 4680 πένησι.
1318 4609 1416 4677 Μὴ
1464 4609 1672 4678 φοϐοῦ,

125 4696 262 4751 ὅταν
285 4699 599 4767 πλουτήσῃ
635 4699 958 4767 ἅνθρωπος.
989 4701 1150 4753 Ὅταν
1185 4702 1319 4770 ῐδῃς,
1356 4702 1537 4771 φησιν,
1566 4700 1675 4753 ἄδι-

123 4805 208 4840 κον
240 4792 343 4860 μὲν
369 4791 716 4856 πλουτοῦντα,
749 4791 950 4843 δίκαιον
981 4791 1035 4843 δὲ
1067 4791 1375 4860 πενόμενον,
1410 4791 1481 4860 μὴ
1511 4792 1675 4862 φοϐη-

123 4879 211 4950 θῇς
248 4882 393 4935 κατά
431 4884 682 4937 σεαυτόνο
727 4885 799 4954 μὴ
840 4884 1075 4954 πτοηθῇς
1117 4887 1185 4954 τῇ
1215 4885 1434 4955 διανοίᾳ,
1465 4885 1537 4947 ὼς
1560 4885 1665 4955 ἄρα

185 5046 226 5078 ⁸³
266 5045 409 5101 Psal.
441 5065 571 5114 mi,
603 5051 657 5106 1.
730 5049 774 5083 ⁹⁹
809 5050 968 5105 Hebr.
999 5067 1058 5115 ιι,
1088 5051 1171 5104 14.

190 5227 296 5300 (l3)
322 5227 413 5281 Sic
435 5243 564 5284 mss.
596 5241 842 5297 quatuor.
882 5230 1018 5285 Editi
1049 5246 1168 5285 cum
1208 5231 1338 5297 Reg.
1392 5241 1543 5284 sexto
1588 5230 1662 5300 τῷ

123 5299 274 5364 πρωϊ.

185 5368 295 5436 (14)
338 5367 624 5439 Colbertini
678 5371 880 5434 primus
924 5379 975 5419 et
1015 5382 1197 5423 sextus
1226 5386 1344 5422 cum
1389 5371 1517 5439 Reg.
1552 5382 1662 5423 ter-

125 5436 187 5489 lio
216 5440 341 5499 τους
376 5438 758 5508 γενομένους...
793 5441 914 5502 τοὺς
940 5439 1282 5502 ὑπελθόντας.
1329 5441 1392 5492 At
1417 5436 1500 5494 alii
1526 5456 1652 5494 mss.

123 5521 212 5559 non
244 5513 396 5572 ιιιιιιοι
426 5523 548 5561 cum
578 5512 733 5562 editis
756 5521 812 5559 nt
842 5511 892 5561 in
929 5521 1094 5564 textu.

184 5577 290 5643 (15)
319 5576 448 5647 Reg.
469 5580 670 5647 tertius
697 5580 839 5633 θείου
871 5579 1051 5646 λόγου,
1085 5601 1112 5632 a
1137 5581 1282 5632 verba
1302 5581 1494 5632 divino.

181 5647 284 5712 (16)
322 5646 420 5698 Ita,
451 5646 740 5702 Collierliui
797 5652 1036 5716 primus,
1084 5651 1320 5716 quintus,
1382 5661 1564 5702 sextus
1605 5656 1656 5701 cl

124 5719 382 5788 septimus,
423 5718 641 5788 perinde
680 5730 839 5786 atque
895 5720 1042 5788 Regii
1087 5721 1273 5771 tertius
1320 5729 1371 5771 ct
1405 5730 1645 5786 quartus.

126 5783 243 5841 liditi
267 5803 386 5841 cum
420 5787 600 5855 Regiis
627 5783 856 5843 secundo
894 5800 946 5844 et
978 5783 1129 5845 sexto
1156 5783 1497 5859 ἠπατημένῃ.

1253 5051 1266 5079 ¹
1309 5050 1469 5106 Hebr.
1509 5067 1581 5114 ιιι,
1617 5050 1705 5105 40.

1857 4157 1942 4210 10.
1984 4155 2147 4211 Vens.
2179 4156 2266 4211 17.
2307 4155 2390 4210 Ne
2412 4157 2666 4220 timueris,
2707 4173 2826 4209 cum
2858 4156 3001 4208 dives
3031 4156 3200 4222 factus
3230 4154 3345 4223 fue-

1785 4248 1850 4297 rit
1884 4244 2062 4310 homo,
2099 4246 2176 4298 vel
2205 4263 2323 4300 cum
2357 4246 2702 4315 multiplicata
2738 4247 2898 4314 fuerit
2940 4245 3109 4313 gloria
3155 4246 3344 4297 domus

1782 4336 1914 4403 ejus.
1964 4336 2046 4390 Ne
2085 4339 2348 4403 timueris,
2394 4339 2588 4406 inquit,
2635 4353 2752 4391 cum
2781 4338 2923 4390 dives
2961 4336 3136 4406 factus
3178 4337 3340 4402 fuerit

1782 4427 1954 4482 homo.
1984 4429 2297 4485 Necessaria
2331 4442 2414 4484 est
2447 4441 2502 4485 et
2536 4431 2648 4484 lucc
2677 4429 2994 4499 praedicatio
3018 4429 3084 4482 iis
3117 4429 3205 4494 qui
3247 4442 3340 4481 or-

1783 4523 1899 4575 beru
1929 4523 2194 4587 habitant,
2241 4526 2637 4593 terrigenisque
2661 4540 2725 4579 ac
2757 4524 2883 4577 ﬁliis
2920 4522 3220 4581 hominum,
3261 4520 3339 4573 di-

1785 4615 2084 4684 vitibusque
2119 4616 2279 4670 simul
2313 4627 2368 4670 et
2417 4617 2761 4685 pauperibus.
2800 4616 2881 4667 Ne
2911 4615 3146 4666 timueris
3169 4652 3183 4676 ,
3222 4629 3339 4665 cun:

1783 4709 1921 4760 dives
1953 4708 2121 4775 factus
2153 4709 2311 4777 fuerit
2337 4709 2511 4761 homo.
2546 4707 2682 4761 Cum
2724 4706 2946 4770 videris,
2979 4706 3168 4774 inquit,
3198 4704 3338 4770 injuo

1782 4810 1922 4854 stum
1953 4802 2327 4866 ditescentem,
2351 4801 2553 4870 justum
2585 4815 2715 4855 vero
2743 4809 3008 4867 egentem,
3047 4813 3113 4859 ue
3146 4799 3337 4850 timeas

1784 4893 1922 4961 apud
1957 4891 2330 4962 temetipsum;
2362 4907 2428 4948 ne
2456 4892 2821 4948 consterneris
2844 4891 3044 4956 animo,
3077 4898 3331 4940 tanouaiu

1842 5231 1952 5297 (17)
1984 5230 2134 5293 Illud,
2162 5231 2288 5299 περ).
2314 5229 2492 5299 ήμῶν,
2523 5228 2676 5281 abest
2699 5242 2726 5278 a
2754 5235 2988 5299 quatuor
3020 5241 3147 5299 mss_.

1843 5295 1949 5367 (18)
1979 5300 2110 5368 Reg.
2155 5295 2478 5352 tertius-1:05
2546 5296 2797 5368 Χριστοῦ,
2831 5296 3071 5349 κάθοδον.
3125 5295 3325 5368 Ibidem

1774 5373 1936 5424 editio
1969 5367 2255 5438 Parisuriqv
2281 5369 2357 5431 εἰς
2384 5368 2528 5439 ᾅδου.
2560 5367 2843 5439 θέρει-τήν
2883 5369 2931 5419 in
2982 5368 3047 5420 iis
3080 5381 3217 5434 quos
3250 5367 3340 5416 vi-

1763 5441 1936 5494 dimtts
1984 5435 2254 5492 COtllt'llItlS
2289 5449 2342 5490 et
2372 5435 2422 5489 in
2451 5439 2681 5491 editione
2706 5435 2866 5489 Basil.

1833 5511 1942 5578 (l9)
1980 5510 2087 5566 Illa.
2117 5510 2206 5578 Μὴ
2256 5508 2441 5576 φοϐοῦ,
2501 5509 2682 5577 φησὶν,
2705 5506 2883 5578 ζὸτανλ
2915 5506 3191 5578 πλρυτήσῃ
3225 5507 3324 5558 ἄν·

1763 5575 1997 5647 ορωπος,
2029 5575 2217 5631 desunt
2269 5575 2481 5645 quidem
2509 5575 2570 5630 in'
2587 5576 2749 5647 editis
2782 5584 2835 5628 et
2873 5575 2926 5625 in
2963 5575 3116 5647 Coll).
3159 5579 3325 5647 septi-

1766 5646 1851 5703 mo
1881 5666 1892 5698 :
1937 5649 2026 5701 sed
2054 5649 2302 5714 leguntur
2328 5647 2380 5699 in
2411 5648 2590 5716 Regiis
2616 5646 2810 5714 primo,
2835 5646 3088 5716 secundo,
3127 5646 3322 5716 tertio,

1765 5729 1958 5785 quarto
1993 5726 2046 5770 et
2071 5728 2244 5781 sexto,
2275 5718 2433 5784 inque
2455 5715 2778 5770 (Iolbertinis
2819 5715 3013 5781 primo.
3045 5715 3231 5777 quinto
3271 5723 3325 5767 et

1763 5801 1931 5845 sexto.
1973 5788 2162 5843 Statim
2196 5787 2324 5858 Reg.
2360 5789 2547 5843 tertius
2573 5785 2652 5838 ἔτι
2683 5786 2776 5840 καὶ
2804 5787 2914 5847 τοῖς
2964 5785 3120 5852 υἱοῖς·
