4098 6324
697 363 798 416 ιὸἔὶ

2032 361 2090 416 S.
2127 361 2207 415 ΒΑ
2219 359 2368 416 SlLll
2409 358 2618 414 MAGNI

3838 349 3931 410 £36

695 479 738 528 si
779 488 1037 540 nusquam
1081 471 1521 540 sit'providentia
1556 472 1667 537 Dei,
1714 487 1830 541 quae
1867 489 1952 528 res
1986 475 2249 528 humanas

2356 476 2588 546 οὐδαμοῦ
2625 475 2735 529 ἔστι
2780 475 3002 547 πρόνοια
3035 474 3169 528 Θεοῦ
3207 473 3586 529 ἐπισκοποῦσα
3626 473 3701 525 τὰ
3739 473 3934 542 ἀνθρώ-

697 567 982 636 inspiciat;
1014 577 1104 620 aut
1131 567 1198 620 sit
1229 566 1444 634 quidem
1477 564 1727 621 fortassis
1757 567 2020 632 inspectio
2052 567 2250 631 divina,

694 661 787 713 scd
825 675 886 713 ea
917 673 1256 726 nequaquam
1290 658 1356 711 ad
1397 667 1711 710 terrestrem
1758 658 1932 712 locum
1962 659 2250 728 pertingat,

695 754 828 806 adeo
857 762 915 805 ut
944 767 1028 805 res
1055 765 1266 820 quoque
1301 761 1514 804 nostras
1539 751 1696 820 187
1727 752 2252 817 intueatur;etentm

695 846 738 899 si
769 856 914 899 esset
937 846 1291 911 providentia,
1321 844 1610 912 unicuique
1639 844 1984 898 distribueret
2009 843 2249 914 propria,

697 938 774 990 sic
805 945 863 989 ut
906 936 1098 990 divites
1131 937 1342 1004 quidem
1384 946 1566 991 essent
1600 936 1752 1003 justi.
1804 937 1894 1004 qui
1933 935 2135 990 divitiis
2178 938 2252 990 uti

699 1031 901 1084 scirent
927 1048 941 1084 :
975 1044 1236 1096 pauperes
1265 1045 1391 1083 vero
1419 1040 1602 1082 essent
1631 1028 1776 1088 mali,
1825 1030 2020 1098 quibus
2055 1026 2254 1082 divitiae

699 1125 1114 1175 instrumentum
1144 1119 1316 1174 forent
1351 1134 1462 1174 sua?
1487 1121 1726 1186 ipsorum
1764 1117 2087 1187 iniquitatis.
2117 1116 2249 1169 Cum

698 1215 860 1282 igitur
900 1213 1052 1265 multi
1086 1214 1192 1266 sint
1221 1213 1360 1264 inter
1389 1220 1579 1279 gentes
1615 1223 1776 1280 atque
1806 1211 2127 1276 terrigenas,
2163 1209 2251 1275 qui

698 1305 822 1356 talia
848 1305 1108 1366 sentiunt,
1139 1303 1334 1371 quique
1371 1315 1588 1372 propter
1623 1311 1969 1372 apparentem
2018 1301 2256 1366 iumqua-

697 1397 899 1450 litatem
932 1395 1325 1448 distributionis
1353 1411 1528 1448 rerum
1562 1397 1626 1447 ad
1652 1398 1812 1448 vitam
1840 1393 2251 1459 pertinentium,

696 1487 949 1539 tnundum
992 1487 1123 1538 citra
1159 1485 1550 1553 providentiam
1583 1486 1692 1550 regi
1739 1483 2116 1550 suspicantur;
2151 1481 2247 1534 bos

695 1575 980 1644 compellat
1010 1591 1205 1634 sermo,
1237 1576 1562 1627 ineruditum
1596 1577 1829 1642 ipsorum
1862 1584 2062 1626 motum
2097 1588 2252 1627 coer-

695 1685 821 1724 cens
848 1688 861 1723 :
892 1683 1021 1737 quos
1064 1668 1179 1734 ipso
1219 1669 1377 1718 etiam
1409 1667 1562 1718 initio
1593 1666 1657 1718 ad
1700 1667 1960 1718 audienda
1993 1666 2246 1733 dogmata

696 1761 972 1816 invitabat.
1016 1761 1121 1812 Ant
1166 1761 1324 1811 etiam
1371 1760 1619 1827 privatim
1671 1760 1734 1811 ad
1776 1759 1942 1812 solam
1995 1762 2247 1826 pauperis

2363 587 2488 622 πινα
2509 585 2521 598 ·
2555 573 2587 640 ἡ
2617 573 2729 623 ἐστι
2762 570 2857 638 μέν
2882 587 2981 622 που
3007 569 3147 639 τάχα
3177 571 3210 641 ἡ
3253 567 3369 620 θεία
3403 567 3708 635 ὲπισκοπὴ,
3744 569 3803 619 οὐ
3838 570 3935 635 μὴν

2362 660 2615 730 καὶπρὸς
2651 661 2739 713 τὸν
2781 660 3052 729 περίγειον
3097 661 3262 712 τόπον
3295 657 3506 727 φθάνει,
3551 658 3702 710 ὥστε
3746 658 3833 709 καὶ
3877 657 3934 706 τὸ

2361 752 2602 824 ἡμέτερα
2639 753 2858 824 ὲφορᾷν.
2902 754 2964 805 Ei
3006 753 3112 822 γὰρ
3153 754 3374 822 πρόνοια
3403 745 3491 819 ἦν,
3526 750 3756 818 ἑκάστῳ
3787 749 3934 816 μερί-

2362 847 2525 909 ζουσα
2569 847 2636 899 τὰ
2674 849 2866 910 οἰκεῖα,
2897 847 3034 901 ὥστε
3078 846 3323 900 πλουτεῖν
3357 847 3453 916 μὲν
3495 846 3626 908 τοῦς
3671 843 3934 903 δικαίους,

2360 941 2484 1001 τοὺς
2520 939 2908 1009 ἐπισταμένους
2943 940 3020 1010 τῷ
3060 938 3271 1007 πλούτῳ
3304 936 3632 1009 χρήσασθαι,
3677 933 3937 989 πένεσθαι

2360 1031 2412 1082 δὲ
2446 1031 2572 1094 τοὺς
2605 1031 2870 1102 πονηροὺς
2897 1034 3020 1094 τοὺς
3054 1032 3269 1102 ἔχοντας
3311 1031 3419 1100 (20)
3444 1032 3683 1101 ὄργανον
3728 1030 3832 1098 τῆς
3861 1029 3938 1079 oi-

2362 1120 2512 1182 κείας
2537 1123 2796 1192 πονηρίας
2834 1121 2924 1173 τὸν
2965 1121 3212 1176 πλοῦτον.
3261 1121 3408 1171 Ἐπεὶ
3439 1119 3530 1174 οὖν
3563 1119 3765 1171 πολλοί
3807 1121 3938 1171 εἰσιν

2362 1217 2417 1266 ὲν
2444 1218 2551 1277 τοῖς
2579 1215 2750 1267 ἔθνεσι
2781 1214 2872 1267 καὶ
2901 1216 3013 1277 τοῖς
3041 1215 3324 1285 γηγενέσιν
3350 1215 3396 1265 οἱ
3437 1214 3502 1267 τά
3537 1210 3780 1266 τοιαῦτα
3810 1227 3938 1278 gge-

2362 1307 2592 1368 νοῦντες,
2637 1309 2729 1359 καὶ
2763 1307 2846 1360 διά
2871 1305 2966 1376 τὴν
2996 1307 3320 1377 φαινομένην
3346 1306 3665 1374 ἀνωμαλίαν
3699 1303 3799 1355 τοῦ
3825 1302 3940 1351 ἑπε-

2364 1399 2627 1470 μερισμοῦ
2664 1400 2769 1451 τῶν
2808 1397 3072 1468 βιωτικῶν
3106 1399 3439 1470 πραγμάτων
3472 1398 3829 1467 ἀπρονόητον
3863 1390 3937 1445 εἷο

2361 1509 2446 1542 ναι
2480 1491 2567 1542 τὸν
2612 1492 2810 1560 κόσμον
2842 1490 3306 1560 ὑπολαμϐάνοντες
3326 1508 3339 1519 °
3375 1489 3584 1549 τούτοις
3616 1488 3939 1553 διαλέγεται

2359 1585 2386 1634 ὁ
2413 1583 2586 1650 λόγος,
2622 1584 2993 1635 καταστέλλων
3015 1581 3191 1633 αὐτῶν
3215 1583 3311 1651 τὴν
3338 1580 3661 1634 ἀπαίδευτον
3695 1580 3935 1648 xiv-13.7w

2360 1674 2450 1738 οὒς
2477 1676 2566 1727 καὶ
2596 1676 2651 1725 ἐν
2681 1677 2978 1746 προοιμίοις
3004 1675 3094 1726 ἐπὶ
3113 1673 3210 1742 τὴν
3237 1674 3491 1743 ἀκρόασιν
3517 1673 3626 1724 τῶν
3657 1671 3937 1738 διδαγμηά-

2359 1785 2464 1819 των
2496 1768 2695 1819 ἐκάλει.
2732 1769 2802 1819 Ἤ
2833 1785 2931 1819 πον
2984 1767 3076 1842 καὶ
3128 1765 3262 1835 πρὸς
3309 1765 3462 1833 μόνον
3490 1765 3634 1826 ἰδίως
3665 1760 3737 1814 τὸ
3771 1763 3942 1831 xpeta-

696 1869 978 1925 personam
1006 1853 1307 1905 orationem
1340 1854 1625 1912 convertit,
1662 1853 1846 1902 dicens
1879 1869 1888 1901 :
1929 1849 2008 1901 Ne
2041 1849 2244 1912 timeas,

2356 1861 2602 1912 ωποντοῦ
2630 1861 2850 1930 πένητος
2873 1860 3206 1911 ἀποτείνεται
3228 1857 3417 1924 λέγων’
3435 1855 3526 1920 Μὴ
3545 1853 3764 1922 φοϐοῦ,
3795 1852 3941 1903 ὅταν·

695 1964 806 1999 cum
835 1947 974 1997 dives
1015 1946 1184 2009 factus
1217 1947 1368 2014 fuerit
1409 1947 1580 1996 homo.
1619 1942 1677 1993 lli
1728 1942 1868 1994 enim
1898 1943 1979 1993 vel
2015 1940 2248 1993 maxime

695 2035 924 2104 indigent
959 2036 1324 2088 censolatioue
1350 2075 1362 2092 .
1395 2049 1461 2086 ne
1499 2033 1828 2101 potentiores
1865 2032 2244 2086 reformident.

693 2126 843 2178 Nulla
877 2128 1042 2187 enim,
1080 2127 1271 2193 inquit,
1298 2125 1499 2178 utilitas
1529 2134 1609 2178 est
1635 2126 1784 2178 diviti
1817 2126 2090 2186 morienti,
2126 2141 2246 2178 cmn

695 2235 800 2273 non
851 2227 1010 2286 queat
1052 2231 1234 2268 secum
1273 2217 1481 2269 auferre
1511 2217 1759 2281 divitias;
1803 2217 1892 2282 qui
1929 2216 2141 2270 scilicet
2195 2217 2245 2268 id

692 2327 756 2363 ex
821 2325 1002 2362 carum
1061 2309 1398 2374 possessione
1455 2307 1690 2360 lucratus
1739 2307 1808 2361 sit
1862 2306 2055 2370 solum,
2109 2309 2249 2376 quod

695 2402 860 2468 ipsius
891 2403 1068 2453 anima
1100 2401 1149 2451 in
1177 2401 1274 2452 hac
1303 2399 1404 2450 vita
1435 2401 1498 2450 ab
1528 2399 1899 2452 adulatoribus
1926 2398 2080 2451 beata
2114 2415 2250 2467 prse-

693 2491 864 2544 dicata
907 2492 994 2545 sit.
1033 2487 1231 2542 Verum
1280 2503 1400 2541 cum
1436 2489 1688 2549 moritur,
1735 2503 1840 2541 non
1874 2498 2131 2552 assumat,
2166 2491 2249 2540 in-

692 2583 828 2650 quit,
881 2597 1094 2636 omnem
1142 2582 1278 2634 hanc
1321 2580 1691 2647 opulentiam:
1737 2580 1826 2632 vix
1877 2579 2248 2633 indumentum

692 2673 958 2740 accipiet,
1004 2687 1109 2740 quo
1142 2669 1385 2737 pudenda
1428 2668 1546 2733 ejus
1587 2678 1851 2737 tegantur,
1880 2670 2060 2736 idque,
2095 2669 2138 2722 si
2172 2669 2251 2720 vi-

693 2779 809 2816 sum
846 2763 1004 2815 fuerit
1049 2761 1264 2814 famulis
1298 2760 1468 2827 ipsum
1514 2760 1910 2812 amicientibus.
1947 2760 2090 2812 Bene
2124 2774 2245 2812 cura

691 2869 756 2909 eo
779 2863 956 2907 actmn
990 2851 1170 2914 fuerit,
1194 2851 1238 2904 si
1264 2852 1508 2920 exiguam
1552 2859 1748 2904 terram
1785 2850 2064 2916 sortiatur,
2095 2865 2236 2904 eam-

693 2957 798 3013 que
831 2943 927 3006 ipsi
974 2957 1003 2994 a
1040 2941 1242 2995 funeris
1269 2940 1610 2994 curatoribus
1641 2940 1822 2993 datam
1861 2941 1928 2994 ob
1959 2945 2250 2997 commise-

695 3037 1012 3090 rationem:
1051 3037 1139 3105 qui
1187 3037 1233 3088 ei
1280 3035 1466 3089 isthzrc
1515 3043 1794 3104 prmstant,
1833 3037 1902 3089 ob
1947 3038 2251 3092 communis

695 3129 942 3181 humanae
969 3137 1173 3180 naturae
1199 3121 1578 3192 reverentiam,
1606 3141 1708 3180 non
1729 3127 1774 3179 ei
1801 3129 1912 3180 lmc
1943 3127 2246 3195 largientes,

694 3216 787 3272 sed
816 3217 1103 3270 humanam
1151 3226 1395 3268 naturam
1431 3217 1633 3268 ltouore
1662 3214 1976 3268 allicientes.
2017 3215 2250 3269 Proinde

697 3323 762 3362 ne
793 3307 867 3361 sis
894 3305 1085 3375 pusillo
1118 3309 1295 3359 animo
1340 3305 1483 3358 circa
1517 3306 1802 3375 praesentia
1835 3323 1847 3358 :
1879 3306 1970 3360 sed
1994 3318 2250 3374 exspecta

696 3398 909 3450 beatam
950 3393 1094 3446 illam
1138 3404 1188 3444 et
1218 3402 1526 3461 perpetuam
1562 3395 1746 3446 vitam.
1798 3392 1949 3447 Tunc
1985 3395 2127 3447 enim
2159 3396 2254 3447 vi-

696 3489 852 3544 debis
887 3496 1274 3558 paupertatem,
1309 3496 1362 3540 et
1405 3487 1774 3555 ignominiam,
1822 3497 1876 3542 et
1932 3488 2250 3543 deliciarum

695 3581 1056 3650 privationem
1097 3581 1145 3632 ei
1183 3582 1270 3649 qui
1317 3580 1492 3648 justus
1529 3593 1613 3633 εει
1656 3582 1792 3634 bene
1827 3582 2041 3636 cedere.
2088 3583 2155 3636 Et
2187 3599 2254 3638 ne

695 3674 1033 3728 cooturberis
1081 3689 1225 3726 nunc
1273 3685 1488 3741 propter
1520 3688 1580 3726 ea
1627 3687 1745 3740 quae
1785 3685 2041 3743 putantur
2090 3678 2250 3740 bona,

699 3779 948 3833 tanquam
983 3763 1177 3830 injuste
1207 3766 1319 3816 sint
1347 3765 1538 3819 divisa.
1571 3765 1772 3820 Audies
1812 3770 1949 3820 enim
1987 3767 2252 3835 quomodo

697 3858 906 3910 dicetur
937 3855 1085 3908 diviti
1123 3855 1335 3923 quidem
1374 3869 1386 3904 :
1427 3854 1683 3920 Recepisti
1726 3858 1857 3908 bona
1909 3866 1998 3908 tua
2047 3860 2099 3908 in
2150 3861 2252 3910 vita

697 3962 786 4001 tua
812 3951 867 4012 ’ς
896 3949 1116 4017 pauperi
1144 3964 1270 4003 vero
1292 3950 1435 4018 quod
1460 3951 1726 4018 acceperit
1749 3950 1888 4004 mala
1916 3951 1967 4003 in
1997 3950 2103 4003 vita
2133 3966 2247 4006 sua.

696 4042 1034 4108 Quapropter
1080 4050 1137 4092 ut
1181 4042 1269 4092 hic
1292 4041 1417 4107 jure
1453 4056 1517 4095 ac
1549 4044 1742 4096 merito
1780 4043 1976 4110 reperit
2006 4043 2251 4096 consola-

698 4136 918 4196 tionem,
953 4133 1021 4186 ita
1046 4133 1132 4187 ille
1162 4131 1346 4186 dolore
1369 4137 1655 4188 cruciatur.
1691 4135 1855 4188 Vens.
1896 4135 1982 4189 19.
2018 4133 2253 4203 Conﬁte-

697 4227 791 4278 bor
831 4227 960 4291 tibi,
1003 4243 1119 4279 cum
1164 4226 1474 4294 benefaceris
1513 4229 1583 4279 ei.
1627 4228 1890 4296 Loquitur
1941 4229 2005 4282 de
2041 4229 2256 4283 homine

700 4331 935 4382 terreno,
961 4329 1014 4373 et
1043 4319 1133 4388 qui
1181 4320 1318 4373 bona
1348 4334 1466 4373 esse
1505 4319 1782 4374 existimat
1814 4321 1957 4375 solas
1999 4322 2124 4375 vitae
2156 4322 2253 4374 bu-

692 4411 780 4475 jus
811 4410 1215 4478 praerugativas,
1251 4424 1393 4477 spes,
1421 4411 1812 4477 sanitatemque
1843 4420 1896 4463 et
1926 4414 2245 4479 potentiam.

2351 1951 2665 2018 πλουτήσῃ
2696 1952 3019 2018 ἅνθρωπος.
3054 1943 3212 2002 Οὗτοι
3237 1950 3342 2018 γὰρ
3372 1949 3462 2000 καὶ
3490 1947 3731 2017 μάλιστα
3768 1961 3942 2013 παρα-

2354 2040 2552 2108 μυθίας
2595 2041 2803 2094 δέονται
2850 2040 2981 2110 πρὸς
3010 2041 3070 2090 τὸ
3109 2041 3179 2109 μὴ
3210 2041 3567 2108 ὑποπτήσσειν
3597 2039 3734 2098 τοὺς
3764 2039 3940 2104 ὑπερ-

2349 2131 2590 2199 έχοντας.
2623 2132 2785 2184 Οὐδὲν
2815 2132 2940 2203 γὰρ,
2980 2131 3160 2202 φησιν,
3195 2130 3381 2199 ὄφελος
3407 2129 3482 2198 τῷ
3514 2129 3763 2196 πλουσίῳ
3804 2131 3942 2179 ἀπο-

2351 2223 2652 2292 Θνήσκοντι,
2708 2223 2779 2293 μὴ
2831 2224 3108 2294 δυναμένῳ
3167 2222 3348 2275 λαϐεῖν
3391 2220 3479 2273 τὸν
3534 2218 3775 2271 πλοῦτον
3837 2217 3942 2268 σὺν

2350 2314 2556 2384 ἑαυτῷ·
2606 2317 2662 2376 ὃς
2694 2332 2755 2381 γε
2791 2315 3041 2367 τοσοῦτον
3091 2316 3197 2369 ἀπὸ
3243 2314 3341 2383 τῆς
3383 2310 3740 2373 ἀπολαύσεως
3775 2311 3941 2378 ἐκέρο

2350 2407 2494 2459 δαινε
2545 2407 2724 2476 μόνον,
2789 2407 2912 2457 ὅσον
2964 2406 3059 2476 τὴν
3109 2407 3282 2476 ψυχὴν
3341 2404 3502 2459 αὑτοῦ
3562 2405 3620 2456 ὲν
3658 2405 3754 2472 -τῇ
3821 2401 3938 2468 ζωῇ

2350 2498 2518 2568 ταύτῃ
2571 2497 2680 2568 (21)
2727 2496 2876 2568 παρὰ
2925 2497 3032 2547 τῶν
3072 2497 3315 2549 κολάκων
3358 2493 3790 2564 μακαρισῦῆναι.
3843 2493 3939 2543 Ἕν

2349 2590 2404 2641 δὲ
2429 2590 2505 2657 τῷ
2531 2589 2912 2658 ἀποθνήσκειν,
2941 2587 3000 2638 οὑ
3037 2589 3283 2657 λήψεται,
3313 2586 3465 2654 φησὶ,
3506 2588 3685 2636 πᾶσαν
3717 2582 3941 2651 ταύτην

2350 2680 2445 2748 τὴν
2479 2679 2797 2749 περιϐολήν·
2838 2678 2988 2748 μόλις
3027 2677 3226 2746 ἔνδυμα
3254 2677 3474 2747 λήψεται
3509 2673 3797 2729 καλῦπτον
3832 2674 3939 2727 αὑ-

2348 2769 2441 2822 τοῦ
2472 2770 2538 2822 τὰ
2571 2771 2856 2839 ἀσχήμονα
2880 2785 2892 2796 ·
2923 2770 3016 2821 καὶ
3049 2769 3238 2830 τοῦτο,
3272 2767 3362 2819 eam
3396 2767 3517 2837 δόξῃ
3549 2765 3655 2818 τῶν
3691 2767 3942 2819 οἰκετῶν

2349 2867 2460 2920 τοῖς
2517 2861 2976 2933 περιστέλλουσιν.
3048 2861 3350 2932 Ἀγαπητὸν
3394 2860 3537 2929 αὐτῴ
3582 2859 3684 2928 γῆς
3738 2849 3941 2929 ὀλίγης

2351 2955 2564 3025 λαχεῖν·
2605 2955 2700 3006 καὶ
2728 2954 2930 3024 ταύτης
2957 2955 3022 3007 δι’
3057 2950 3235 3006 οἶκτον
3277 2953 3549 3022 διδομένης
3587 2952 3743 3018 αὐτῷ
3779 2950 3940 3022 παρὰ

2352 3048 2456 3098 τῶν
2488 3046 2842 3115 κηδευόντων,
2881 3046 3073 3106 οἵτινες
3102 3043 3250 3111 αὑτῴ
3284 3045 3602 3111 παρέχονται
3637 3042 3825 3093 ταῦτα
3853 3043 3940 3092 αἱ·

2353 3139 2432 3190 δοῖ
2476 3137 2573 3204 τῆς
2622 3136 2806 3203 κοινῆς
2845 3136 2937 3187 καὶ
2987 3134 3095 3199 (‘22)
3138 3132 3481 3202 ἀνθρωπίνης
3530 3133 3775 3199 φύσεως.
3834 3131 3940 3185 οὐκ

2355 3227 2500 3297 αὐτῷ
2535 3225 2900 3296 χαριζόμενοι,
2926 3224 3061 3277 ἀλλὰ
3084 3223 3350 3293 τιμῶντες
3379 3224 3473 3293 τὴν
3504 3225 3937 3294 ἀνθρωπότητα,

2353 3320 2442 3389 Μὴ
2481 3319 2802 3388 μικροψύχει
2832 3315 2921 3371 οὖν
2963 3317 3089 3388 περὶ
3127 3317 3190 3368 τὰ
3224 3317 3480 3387 παρόντα,
3510 3317 3645 3369 ἀλλά
3682 3317 3939 3386 ἀνάμενε

2351 3411 2447 3481 τὴν
2496 3411 2769 3481 μακαρίαν
2815 3410 3028 3478 ἐκείνην
3077 3408 3222 3479 ζωὴν
3265 3409 3355 3460 καὶ
3402 3409 3722 3478 ἀπέραντον.
3770 3409 3940 3474 Ὄᾷει

2353 3504 2460 3573 γὰρ
2491 3504 2630 3562 τότε,
2659 3503 2739 3554 ὅτι
2768 3501 2901 3575 πρὸς
2928 3499 3088 3554 καλοῦ
3119 3500 3324 3567 γίνεται
3350 3498 3424 3566 τῷ
3451 3497 3639 3565 δικαίῳ
3670 3497 3700 3566 ἡ
3743 3498 3938 3558 πενία,

2353 3597 2446 3648 καὶ
2488 3598 2520 3663 ἡ
2559 3595 2760 3660 ἀδοξία,
2802 3595 2895 3647 καὶ
2934 3596 2966 3662 ἡ
3011 3593 3261 3662 στέρησις
3293 3593 3390 3658 τῆς
3426 3587 3652 3656 τρυφῆς.
3685 3588 3810 3639 Καὶ
3863 3591 3940 3659 μὴ

2353 3688 2626 3758 ταραχῢῇς
2653 3687 2744 3738 νῦν
2776 3687 2868 3738 ἐπὶ
2901 3689 3010 3746 τοῖς
3033 3681 3399 3751 νομιζομένοις
3431 3677 3670 3744 ἀγαθοῖς,
3700 3679 3789 3740 ὡς
3833 3680 3938 3730 5.55-

2355 3795 2463 3838 κως
2509 3775 2904 3846 μεριζομένοις.
2955 3771 3183 3841 Ἀκούσῃ
3215 3768 3320 3838 γὰρ
3355 3767 3470 3828 πῶς
3501 3765 3574 3836 τῷ
3622 3767 3720 3836 μὲν
3763 3769 3939 3820 τελου-

2358 3873 2454 3938 σίιρ
2491 3870 2832 3939 λεχθήσεταιο
2879 3865 3188 3928 Ἀπέλαϐες
3220 3861 3290 3914 τὰ
3338 3859 3524 3928 ἀγαθά
3564 3877 3679 3912 σου
3734 3862 3814 3912 ἑν
3863 3861 3938 3926 τῇ

2354 3954 2463 4020 ζωῇ
2494 3969 2639 4006 σου·
2677 3955 2753 4024 τῷ
2781 3954 2834 4004 δὲ
2876 3952 3085 4022 πένητι,
3121 3951 3200 4002 ὅτι
3243 3949 3436 4017 ἀπέχει
3479 3947 3546 3999 τά
3585 3953 3735 4000 κακὰ
3775 3952 3836 4001 ἐν
3871 3955 3937 4019 τῇ

2354 4045 2465 4116 ζωῇ
2501 4043 2683 4098 αὑτοῦ.
2728 4043 2926 4113 Διόπερ
2963 4041 3266 4102 ἀκολούθως
3303 4041 3332 4091 ὁ
3368 4039 3462 4108 μὲν
3499 4038 3936 4108 παρακαλεῖται.

2354 4139 2382 4191 ὁ
2416 4138 2470 4190 δὲ
2507 4137 2774 4190 όδννᾶται.
2819 4134 3342 4203 Ἑξομειλογήσεταί
3387 4149 3502 4195 σοι,
3535 4131 3680 4183 ὅταν
3710 4132 3937 4199 ἀγαθύ-

2355 4245 2466 4294 νῃς
2488 4227 2644 4292 αὐτῷ
2673 4229 2803 4298 (9.5).
2833 4228 2967 4299 Περὶ
2986 4227 3077 4279 τοῦ
3107 4225 3290 4296 χοϊκοῦ
3317 4222 3595 4294 ἀνθρώπου
3625 4222 3717 4274 καὶ
3747 4225 3940 4291 ἀγαθά

2357 4320 2660 4389 νομίζοντος
2690 4315 2826 4371 εἶναι
2869 4320 3005 4387 μόνα
3045 4317 3111 4370 τά
3155 4316 3244 4369 τοῦ
3277 4315 3388 4386 βίον
3433 4311 3617 4366 τούτου
3652 4318 3938 4385 προτερή-

2361 4430 2522 4480 ματα,
2575 4411 2821 4473 πλοῦτον,
2863 4411 2956 4464 καὶ
3005 4411 3233 4476 ὑγίειαν,
3273 4408 3364 4460 καὶ
3410 4406 3751 4468 δυναστείαν,
3803 4409 3940 4475 περὶ

701 4501 774 4553 De
804 4500 904 4554 hoc
931 4501 1034 4554 isto
1061 4500 1211 4565 dicit,
1238 4501 1378 4569 quod
1407 4502 1513 4554 Deo
1539 4501 1902 4567 confitebitur,
1931 4517 2051 4554 cum
2088 4501 2249 4554 fuerit

2357 4502 2539 4554 τούτου
2571 4504 2752 4570 φησιν,
2780 4503 2858 4552 ὅτι
2893 4500 3339 4568 ἐξομολογήσεται
3370 4498 3447 4564 τῷ
3469 4495 3602 4563 Θεῷ,
3637 4496 3770 4546 ὅταν
3807 4497 3938 4563 ἀγα.

699 4592 924 4647 affectus
964 4593 1265 4658 beneﬁciis;
1300 4594 1351 4645 in
1384 4594 1624 4648 adversis
1673 4603 1850 4646 autem
1884 4607 2098 4648 omnem
2129 4607 2252 4659 pro-

702 4685 1260 4752 l'eratblasphemiam.
1291 4684 1422 4738 Nam
1455 4685 1643 4739 relicto
1667 4700 1917 4756 paupere,
1949 4684 2113 4738 Deum
2145 4684 2254 4751 jam

700 4776 1020 4844 alloquitur:
1058 4777 1107 4828 in
1139 4778 1522 4843 redarguendis
1548 4778 1750 4832 divitiis
1781 4779 1940 4831 etiam
1975 4779 2076 4832 hoc
2102 4779 2252 4831 adbi-

701 4866 851 4929 beus,
878 4867 1018 4934 quod
1044 4865 1195 4919 dives
1220 4865 1272 4918 in
1302 4866 1414 4917 sola
1447 4866 1714 4932 opulentia
1741 4867 1848 4921 Deo
1879 4880 2000 4935 agat
2027 4869 2248 4934 gratias,

773 5008 791 5037 ²
832 5005 958 5058 Luc.
994 5021 1100 5071 xvt,
1139 5005 1228 5060 25.

774 5207 884 5276 (20)
920 5208 1010 5261 Sic
1039 5208 1188 5279 Regii
1214 5209 1442 5278 primus,
1477 5210 1762 5269 secundus.
1805 5209 1992 5263 tertius
2033 5221 2085 5262 et
2124 5224 2244 5262 sex-

702 5290 805 5341 tus,
857 5294 958 5330 nun
1018 5292 1176 5332 secus
1209 5295 1271 5332 ac
1324 5279 1613 5332 Colbertini
1675 5279 1882 5340 tertius,
1934 5281 2150 5348 quintus
2195 5289 2245 5331 et

702 5350 960 5415 septimus
993 5363 1112 5400 cum
1145 5351 1380 5402 editione
1415 5349 1725 5401 Basileensi.
1780 5349 1953 5402 Edilio
1984 5365 2106 5401 vero
2146 5348 2246 5400 Pa-

706 5421 796 5472 ris.
820 5433 940 5470 cuttt
988 5417 1138 5472 Colb.
1188 5430 1340 5474 sexto
1367 5420 1491 5480 τοὺς
1523 5419 1596 5488 μὴ
1624 5419 1839 5488 ἔχοντας
1866 5459 1880 5481 ,
1926 5437 2026 5474 nun
2079 5435 2261 5472 emcn-

705 5489 843 5540 tlate.

776 5558 884 5625 (ﬁt)
922 5557 1051 5624 Reg.
1097 5560 1284 5611 tertius
1317 5562 1371 5611 ὲν
1405 5562 1468 5627 τῇ
1505 5559 1612 5626 ζωῇ
1651 5557 1830 5610 αὑτοῦ.

801 5628 884 5695 '22)
918 5627 1006 5680 Sic
1033 5631 1265 5696 quinque
1293 5647 1419 5684 mss.
1468 5630 1623 5681 Deest
1654 5629 1744 5678 καί
1780 5633 1827 5680 in
1860 5629 2036 5683 editis.

799 5699 886 5766 23)
932 5698 1021 5750 Sic
1055 5715 1180 5750 mss.
1209 5711 1330 5752 octo
1378 5716 1496 5752 cum
1548 5699 1783 5750 editione
1828 5699 2084 5752 Romana.
2121 5701 2254 5754 Editi

707 5781 830 5819 vero
865 5777 915 5820 et
955 5768 1102 5821 Colb.
1139 5781 1315 5823 sextus
1364 5767 1633 5838 ἁγαθύνῃς
1667 5769 1843 5821 αὐτόν.
1881 5768 1998 5822 Mox
2045 5773 2258 5827 (Julber-

2361 4589 2617 4659 θύνηται’
2670 4591 2726 4641 ἐν
2778 4590 2832 4641 δὲ
2888 4591 2997 4652 τοῖς
3053 4589 3452 4656 περιστατικοῖς
3508 4585 3689 4635 πᾶσαν
3729 4585 3939 4653 ἀφίησι

2359 4685 2684 4755 δυσφημίαν.
2722 4683 3050 4738 Καταλιπὼν
3093 4684 3200 4754 γὰρ
3237 4683 3328 4735 τὸν
3369 4682 3606 4748 πένητα,
3653 4677 3799 4748 πρὸς
3848 4681 3942 4732 τὸν

2361 4777 2489 4829 Θεὸν
2525 4777 2623 4846 ἤδη
2669 4779 2898 4828 ποιεῖται
2930 4774 3018 4828 τὸν
3057 4775 3243 4842 λόγον·
3286 4776 3343 4825 ὲν
3385 4770 3688 4840 κατηγορίᾳ
3728 4774 3803 4841 τῇ
3846 4773 3942 4823 τοῦ

2359 4869 2585 4920 πλούτου
2617 4867 2727 4938 (24)
2773 4866 3212 4937 παραλαμϐάνων
3259 4867 3352 4918 καὶ
3394 4865 3454 4917 τὸ
3492 4866 3548 4916 ὲν
3591 4865 3660 4932 τῇ
3702 4863 3941 4934 sim-p.15;

2354 5207 2448 5259 tiui
2489 5216 2673 5262 sextus
2705 5216 2757 5262 et
2793 5207 3054 5273 septimus
3087 5221 3208 5261 cum
3232 5205 3364 5275 Reg.
3399 5204 3557 5259 tertio
3589 5202 3942 5272 ἐξομολογῆ-

2355 5295 2527 5329 σεται.

2427 5348 2548 5427 μὴ
2581 5346 2722 5427 Editi
2765 5361 2884 5427 cum
2918 5362 3058 5427 [ρει-ν.-
3091 5363 3191 5427 non
3226 5345 3410 5412 paucis
3443 5346 3498 5427 ἐν
3521 5344 3844 5427 κατηγορία
3877 5344 3939 5426 τὰ

2367 5401 2458 5470 τοῦ
2495 5401 2742 5469 πλούτου.
2801 5417 2867 5467 At
2916 5415 3081 5471 Cuisl.
3125 5418 3181 5468 ὲν
3217 5401 3512 5484 κατηγορία
3548 5416 3609 5481 τῇ
3639 5401 3930 5484 sedatio-.3—

2367 5506 2481 5541 του.
2510 5487 2864 5540 Οοιηιηιῐίςίιιε
2887 5502 2951 5538 ex
2983 5487 3178 5539 Catena
3216 5483 3494 5554 legendum
3525 5493 3723 5554 censet
3763 5483 3827 5533 ὲν
3872 5486 3938 5552 τῇ

2369 5556 2670 5628 κατηγορία
2715 5555 2826 5628 τοῦ
2860 5556 3084 5628 πλούτοο
3141 5575 3167 5628 ιν
3209 5553 3387 5628 aqua
3420 5553 3731 5628 conjectura
3760 5556 3941 5606 codex

2366 5621 2534 5681 Coisi.
2571 5621 2670 5679 non
2725 5627 2946 5678 nmltmn
2997 5627 3216 5678 abludit.
3252 5621 3452 5677 Ibidem
3505 5621 3630 5675 editi
3695 5632 3750 5675 et
3802 5639 3936 5676 mss.

2367 5698 2600 5749 nonnulli
2645 5697 2817 5747 καὶτὸ
2847 5699 2901 5747 ὲν
3073 5695 3173 5748 Alii
3209 5695 3427 5765 quidam
3464 5708 3593 5744 mss.
3630 5694 3727 5744 καὶ
3773 5693 3940 5746 τοῦτο

2368 5771 2422 5818 ἐν
2448 5771 2536 5837 τῇ.
2572 5768 2949 5837 Regillianus
2977 5764 3074 5817 καὶ
3107 5765 3259 5817 τοῦτο
3290 5764 3347 5817 τὸ
3389 5766 3444 5816 ὲν
3477 5766 3566 5833 τῇ.
