4098 6324
142 387 252 443 461

1279 387 1555 443 llOMlLlA
1596 388 1659 440 IN
1702 387 2026 442 PSAIMUM
2066 387 2193 442 LIX.

3255 392 3356 444 402

138 511 257 563 τὸν
285 508 526 577 ἅρματα.
584 507 689 559 Καὶ
729 507 864 575 μετᾶ
908 507 1110 577 βραχέα
1143 506 1315 574 λέγει’
1357 506 1464 559 Καὶ
1507 506 1705 559 ἐϐασί-

1812 517 1855 557 et
1889 516 2000 557 erat
2029 505 2194 560 David
2238 504 2433 572 faciens
2477 504 2726 570 iudicium
2748 513 2796 558 et
2832 505 3110 574 justitiam,
3148 517 3194 560 et
3223 506 3356 562 Joali

142 607 345 654 λευσε
371 601 477 669 (57)
501 598 672 651 Δαθὶό
689 598 788 650 ἐπὶ
826 599 1090 666 Ἰσραὴλ,
1109 599 1203 650 καὶ
1231 593 1308 666 ἦν
1329 597 1500 649 Δαϐὶδ
1525 595 1710 649 ποιῶν

143 692 335 758 κρίμα
359 690 453 742 καί
482 689 888 756 δικαιοσύνην,
931 689 1026 740 καὶ
1071 688 1237 740 Ἰωὰϐ
1264 686 1392 752 υίὸς
1424 688 1710 753 Σαρουίας

143 779 248 829 ἐπὶ
279 775 389 843 τῆς
413 775 708 843 στρατιᾶς.
735 777 840 829 Καὶ
867 775 980 845 μετ’
1001 775 1154 840 ὀλίγα
1172 792 1185 804 ·
1218 776 1325 828 Καὶ
1350 774 1712 828 ἀπέστειλαν

145 869 202 920 ol
260 866 379 920 υἱοί
444 864 678 934 Ἀμμὼν,
723 866 817 917 καί
874 865 1275 933 ἐμισθώσαντο
1325 864 1438 931 τὴν
1494 866 1712 931 Συρίαν

159 957 346 1011 Ῥοὼϐ
369 957 496 1027 (⁵58),
527 959 623 1011 καὶ
653 956 764 1025 τὴν
787 957 1006 1024 Συρίαν
1035 955 1198 1009 Σωϐἇ
1223 956 1416 1008 εἴκοσι
1442 955 1713 1024 χιλιάδας

147 1049 394 1117 ἀνδρῶν
412 1068 424 1080 ·
450 1051 545 1103 καὶ
562 1047 716 1103 εῖδεν
754 1048 908 1102 Ἰωὰϐ
920 1089 935 1113 ,
961 1049 1048 1100 ὅτι
1075 1047 1323 1116 ἐγενήθη
1359 1047 1504 1114 πρὸς
1531 1047 1714 1100 αὐτὸν

149 1142 611 1208 ἀντιπρόσωπον
631 1139 733 1193 τοῦ
759 1140 1040 1207 πολέμου,
1070 1140 1168 1192 καὶ
1197 1139 1482 1203 ἐπέλεξεν
1503 1139 1611 1209 (59)
1645 1139 1712 1191 ἐκ

151 1232 399 1285 πάντων
430 1231 545 1284 τῶν
561 1230 705 1284 υίῶν
742 1230 995 1298 Ἰσραὴλ,
1030 1231 1126 1284 καί
1163 1231 1564 1298 παρετάξαηο
1603 1230 1711 1301 (40)

150 1324 496 1387 ἐξεναντίας
540 1323 772 1388 Σηρίας.
838 1321 946 1377 Καὶ
989 1320 1150 1377 εἶδον
1191 1327 1244 1377 οί
1282 1323 1483 1377 δοῦλοι
1522 1324 1712 1392 Ἄδρα-

153 1411 277 1480 (ap,
320 1411 405 1464 ὅτι
443 1411 731 1465 ἔπταισαν
765 1412 1046 1466 ἀπέναντι
1087 1414 1342 1481 Ἰσραὴλ,
1397 1415 1492 1466 καί
1536 1416 1704 1479 ηὐτο-

147 1507 436 1571 μόλησαν
486 1503 581 1556 ἐπὶ
655 1503 906 1570 Ἰσραὴλ,
944 1505 1038 1556 καὶ
1077 1504 1448 1558 ἐδούλευσαν
1489 1505 1707 1568 αὐτοῖς.

154 1594 344 1664 Ταύτῃ
393 1597 456 1664 τῇ
503 1597 768 1665 περικοπῇ
816 1595 925 1663 (41)
970 1595 1067 1665 τῆς
1116 1595 1350 1664 ἱστορίας
1391 1595 1712 1664 εὑρίσκομεν

154 1686 255 1756 τὴν
290 1687 594 1757 ἐπιγραφὴν
627 1686 718 1739 τοῦ
755 1687 968 1756 ψαλμοῦ
1011 1687 1437 1757 συμϐαίνουσαν
1477 1686 1616 1757 πλήν
1649 1704 1712 1756 γε

155 1781 236 1830 ὅτι
264 1781 294 1831 ὀ
325 1780 507 1848 χρόνος
535 1779 648 1831 ἐστὶ
678 1779 778 1847 τῆς
807 1779 1203 1850 στηλογραφίας
1235 1779 1454 1850 ταύτης,
1509 1780 1629 1833 καθ’
1656 1781 1713 1834 ὂν

157 1871 533 1942 λαμπρότατος
570 1872 757 1925 ἑαυτοῦ
799 1871 889 1925 καὶ
937 1872 1387 1942 περιφανέστατος
1408 1870 1484 1943 ’ἦν
1525 1875 1714 1937 ἐντοῖς

157 1963 302 2017 κατὰ
339 1963 565 2034 πόλεμον
597 1963 1071 2033 ἀνδραγαθήμασιν
1099 1963 1127 2014 ὁ
1153 1963 1332 2016 Δαϐίδ.
1369 1965 1526 2016 Ὥστε
1553 1964 1715 2035 ζητή-

161 2073 300 2119 σεως
338 2056 503 2121 ἄξιον,
539 2054 652 2118 πῶς
687 2055 792 2107 ἀπὸ
829 2054 1074 2124 ὀδυρμῶν
1117 2056 1208 2108 καὶ
1233 2054 1444 2125 θρήνων
1470 2056 1710 2126 ἄρχεται,

156 2147 274 2199 δέον
305 2146 569 2216 περιχαρῆ
603 2142 740 2199 εἶναι
772 2147 864 2198 καὶ
901 2145 1130 2216 εὔθυμον
1171 2147 1262 2198 ἐπὶ
1312 2150 1420 2210 τοῖς
1444 2146 1713 2217 κατορθώ-

163 2253 347 2304 μασιν.
383 2235 568 2288 ΙἈλλαι
614 2237 721 2307 γὰρ
770 2237 1129 2307 ἑορταζόντων
1175 2239 1365 2305 φωναὶ,
1423 2239 1512 2290 καὶ.
1557 2239 1711 2290 ἄλλαι

161 2326 672 2397 σκυθρωπαζὼτων.
710 2328 974 2382 Ἐπινίκια
998 2329 1052 2380 δὲ
1077 2330 1265 2398 ἑορτῆς
1295 2329 1544 2392 ὑπόθεσις
1577 2346 1712 2383 παν-

157 2417 351 2486 δήμου,
402 2419 461 2471 οὐ
507 2419 860 2489 στρατιώταις
904 2419 1080 2486 μόνον,
1126 2417 1260 2471 ἀλλὰ
1309 2420 1400 2472 καὶ
1429 2424 1710 2492 γεωργοῖς,

161 2510 253 2560 καὶ
287 2509 566 2579 ἐμπόροις,
595 2511 684 2562 καὶ
714 2509 1096 2578 χειροτέχναις,
1133 2510 1225 2562 καὶ
1259 2512 1392 2563 πᾶσι
1433 2513 1543 2574 τοῖς
1583 2530 1714 2581 μετ-

162 2601 346 2668 έχουσι
398 2599 503 2651 τῶν
548 2600 762 2667 ἀγαθῶν
810 2601 908 2668 τῆς
929 2602 1166 2672 εἰρήνης.
1212 2603 1336 2665 Πῶς
1375 2600 1466 2657 οὖν
1495 2603 1624 2675 (42),
1661 2606 1714 2656 '0

164 2689 326 2754 θεὸς,
361 2689 575 2743 ἀπώσω
598 2687 772 2759 ἡμᾶς,
803 2690 900 2744 καὶ
931 2691 1198 2758 καθεῖλες
1233 2693 1422 2760 mide;
1458 2696 1565 2746 Καὶ
1607 2695 1714 2764 μὴν

163 2782 520 2851 προσελάϐετο
547 2784 670 2846 τοὺς
697 2783 1059 2852 νενικηκότας.
1092 2783 1214 2846 Πῶς
1255 2785 1311 2836 δὲ
1340 2785 1583 2837 καθεῖλεν
1623 2785 1715 2849 οὓς

163 2873 410 2926 τοσοῦτον
435 2876 652 2945 ηῠξησε,
677 2875 930 2945 προσθεὶς
958 2877 1136 2938 αὐτοῖς
1161 2876 1318 2937 ὅπλα,
1350 2878 1442 2928 καὶ
1471 2876 1711 2946 ἅρματα,

164 2965 255 3016 καὶ
293 2964 509 3027 ἵππους,
544 2966 634 3019 καὶ
667 2966 937 3035 ὑπηκόους
975 2968 1066 3019 καὶ
1093 2965 1270 3034 χώραν
1303 2966 1591 3037 ὑπόφορον,
1617 2969 1714 3040 τὴν

179 3055 430 3125 ’Δραϐίαν
466 3058 661 3119 πᾶσαν,
695 3055 790 3125 τὴν
813 3057 1059 3124 Φοινικὴν
1093 3054 1220 3123 (43),
1253 3054 1349 3124 τὴν
1379 3056 1566 3128 Μέσην
1608 3058 1714 3112 τῶν

1812 595 1953 663 ﬁlius
1981 595 2183 650 Sarviw
2204 613 2356 660 super
2379 600 2657 651 exercitum
2684 608 2790 650 erat
2807 599 2849 654 ⁸.
2878 597 2984 652 Nec
3010 599 3174 652 multo
3199 612 3356 668 post:

1813 683 1879 737 Et
1916 685 2168 738 miserunt
2217 685 2315 753 ﬁlii
2366 687 2602 747 Ammon,
2651 697 2696 739 et
2742 689 2969 740 mercede
3002 691 3360 744 conduxerunt

1817 774 2027 843 Syriam
2058 773 2256 837 thoob,
2281 785 2329 828 et
2360 774 2568 844 Syriam
2600 776 2743 829 Saba
2778 777 2955 844 viginti
2989 777 3153 830 millia
3187 779 3355 831 homi—

1812 883 1932 919 num
1961 883 1980 919 :
2003 877 2048 918 et
2077 867 2204 919 vidit
2231 865 2387 931 Joab,
2414 867 2547 936 quod
2574 876 2701 919 esset
2731 869 2798 919 ad
2827 884 2879 920 se
2911 870 3171 921 contraria
3196 869 3358 936 facies

1813 957 2012 1026 praelii;
2039 969 2085 1011 et
2124 959 2272 1026 elegit
2309 974 2372 1011 ea:
2403 958 2637 1010 omnibus
2674 956 2800 1023 ﬁliis
2846 957 3033 1020 Israel,
3065 969 3110 1012 et
3147 969 3355 1013 struxe-

1815 1058 1932 1100 runt
1956 1049 2115 1100 aciem
2140 1063 2203 1100 ea:
2232 1048 2448 1100 adverso
2471 1045 2657 1114 Syriae.
2689 1044 2756 1098 Et
2782 1047 3016 1100 viderunt
3037 1049 3170 1101 servi
3188 1048 3358 1100 Adm-

1815 1157 1926 1204 zar,
1952 1143 2086 1206 quod
2115 1141 2404 1192 ceciderunt
2435 1149 2554 1192 ante
2581 1138 2767 1203 Israel,
2794 1149 2842 1191 et
2869 1141 3258 1208 transfugerunt
3289 1143 3355 1192 ad

1813 1230 2006 1296 Israel,
2035 1241 2079 1283 et
2101 1231 2380 1284 servierunt
2405 1230 2478 1282 eis
2505 1230 2544 1282 ’.
2571 1228 2970 1296 lnscriptionem
3006 1230 3192 1295 psalmi
3237 1229 3360 1282 huic

1811 1322 2107 1391 fragmento
2153 1321 2386 1374 historia:
2422 1320 2715 1386 reperimus
2750 1320 3052 1382 convenire,
3091 1319 3191 1372 nisi
3220 1321 3359 1388 quod

1813 1413 1948 1465 tituli
1975 1409 2130 1475 hujus
2154 1410 2427 1480 inscriptio
2446 1411 2493 1464 id
2520 1420 2724 1478 tempus
2744 1421 2966 1478 spectat,
2985 1425 3090 1478 quo
3112 1411 3274 1464 David
3294 1413 3360 1463 ob

1812 1517 1900 1555 res
1927 1501 2063 1554 bello
2097 1501 2302 1555 fortiter
2333 1511 2526 1570 gestas,
2562 1501 2728 1555 multo
2762 1501 3089 1556 clarissimus
3133 1512 3250 1557 erat
3298 1519 3359 1555 ac

1814 1590 2223 1644 illustrissimus.
2244 1590 2418 1652 Quare
2439 1605 2534 1656 par
2557 1589 2717 1642 fuerit
2737 1604 2993 1658 quaerere,
3020 1604 3122 1656 qua
3158 1589 3361 1642 ratione

1814 1697 1842 1734 a
1869 1682 2013 1736 luctu
2041 1691 2093 1735 et
2123 1680 2366 1734 lamentis
2385 1680 2644 1741 ordiatur,
2671 1696 2790 1732 cum
2823 1680 2992 1748 ipsum
3015 1681 3084 1734 ob
3107 1681 3361 1747 praeclara

1815 1773 2047 1826 facinora
2079 1772 2346 1840 perlaetum
2383 1787 2501 1827 esse
2541 1781 2809 1840 oporteret
2838 1787 2900 1825 ac
2931 1771 3084 1826 valde
3112 1772 3356 1826 hilarem.

1748 1838 1786 1891 Β
1814 1864 1944 1918 Alite
1975 1865 2114 1918 enim
2144 1873 2268 1917 sunt
2303 1864 2495 1918 festum
2539 1863 2679 1917 diem
2726 1865 2993 1934 agentium
3038 1879 3213 1928 voces,
3248 1863 3362 1917 alia:

1817 1957 2070 2011 tristium.
2104 1956 2341 2024 Epinicia
2371 1965 2548 2010 autem
2578 1965 2946 2026 argumentum
2975 1966 3096 2011 sunt
3122 1971 3364 2010 cornutu-

1814 2051 1896 2104 nis
1951 2048 2317 2112 celebritatis,
2369 2064 2474 2103 non
2519 2049 2775 2102 militibus
2820 2048 3027 2111 solum,
3072 2049 3164 2103 sed
3202 2049 3362 2102 etiam

1811 2138 2060 2207 agricolis
2087 2149 2141 2192 et
2173 2139 2560 2193 mercatoribus
2595 2149 2649 2192 et
2686 2139 3004 2201 artificibus,
3032 2148 3087 2192 et
3117 2138 3365 2192 omnibus

1810 2231 1899 2298 qui
1947 2232 2210 2284 bonorum
2259 2230 2408 2297 pacis
2451 2231 2738 2297 participes
2773 2232 2925 2280 liunt.
2960 2230 3238 2294 Quomodo
3270 2230 3366 2298 igi-

1811 2331 1918 2386 tur,
1950 2320 2112 2383 Deus,
2149 2319 2384 2387 repulisti
2435 2335 2546 2384 nos,
2577 2329 2622 2372 et
2681 2319 2982 2372 destruxisti
3028 2322 3160 2373 nos?
3202 2319 3363 2386 Atqui

1813 2428 1906 2468 eos
1955 2411 2210 2468 eﬂ'ecerat
2251 2412 2502 2466 victores.
2543 2410 2820 2477 Quomodo
2868 2419 3044 2464 autem
3080 2409 3362 2473 destruxit,

1817 2520 1954 2576 quos
1979 2505 2117 2558 adeo
2147 2501 2507 2571 locupletavit,
2538 2503 2748 2557 tradens
2785 2503 2912 2571 ipsis
2940 2517 3109 2566 arma,
3143 2511 3198 2556 et
3239 2517 3364 2556 cur—

1814 2611 1925 2660 rus,
1958 2605 2011 2650 et
2046 2609 2233 2662 equos,
2261 2602 2312 2649 et
2342 2593 2602 2656 subditos,
2635 2605 2698 2646 ac
2731 2593 2998 2662 regionem
3026 2592 3361 2658 vectigalem,

1812 2686 2064 2739 Arabiam
2101 2699 2336 2750 omnem,
2369 2683 2700 2748 thnicem,
2734 2683 3201 2750 Mesopotamiam?
3229 2682 3364 2735 Num

1813 2777 2002 2830 vitium
2056 2775 2269 2840 aliquod
2320 2775 2510 2842 ingrati
2563 2774 2728 2827 animi
2771 2775 2933 2829 verba
2987 2774 3170 2827 isthtec
3210 2774 3368 2842 19o

1814 2885 1924 2938 pra:
1971 2882 2030 2921 se
2073 2865 2270 2930 ferant,
2300 2867 2440 2920 scire
2484 2881 2657 2933 operte
2698 2865 2926 2935 pretium
2960 2875 3058 2918 est.
3090 2865 3189 2930 Qut
3221 2865 3363 2917 enim

1817 2963 1962 3028 prius
2004 2959 2242 3012 Adrazar
2293 2972 2471 3028 regem
2527 2958 2664 3012 Soba
2714 2958 2934 3022 evertit,
2970 2958 3126 3024 eique
3179 2973 3367 3011 currus

1819 3052 1961 3106 mille
1993 3052 2205 3120 eripuit,
2240 3059 2294 3104 et
2338 3059 2544 3120 septem
2593 3048 2756 3102 millia
2805 3048 3065 3116 equitum,
3098 3059 3150 3100 et
3178 3048 3365 3116 viginti

166 3146 452 3213 ποταμῶνς
482 3145 660 3207 Ἀξιον
682 3143 984 3211 ἐπιστῆσαι,
1013 3146 1084 3213 μή
1114 3161 1230 3196 τινα
1260 3146 1578 3216 ἀχαριστίαν
1603 3148 1712 3217 ἔχει

1819 3142 1977 3194 millia
2019 3142 2274 3207 peditum,
2307 3145 2504 3208 quique
2548 3155 2732 3194 rursus
2775 3139 2946 3209 Syriae
2996 3154 3174 3208 regem
3221 3138 3369 3207 lapso

166 3234 229 3285 τὰ
253 3235 487 3304 ῥήματα.
525 3234 582 3285 Ὀ
607 3232 713 3303 γὰρ
749 3233 947 3287 ἀνελὼν
981 3236 1078 3305 μὲν
1111 3238 1367 3309 πρότερον
1399 3242 1487 3293 τὸν
1528 3242 1714 3313 Ἀδρα-

167 3321 266 3393 ζὰρ
298 3322 516 3392 βασιλέα
538 3324 711 3386 Σωϐᾶ,
745 3323 924 3376 λαϐὼν
948 3325 1004 3377 δὲ
1029 3328 1155 3396 παρ’
1183 3327 1344 3379 αὐτοῦ
1365 3328 1506 3396 χίλια
1538 3330 1714 3400 ἅρμα--

169 3428 250 3473 τα,
275 3414 367 3464 καὶ
401 3413 537 3464 ἑπτὰ
579 3413 818 3482 χιλιάδας
866 3414 1090 3476 ἱππέων,
1137 3417 1227 3465 καὶ
1266 3416 1434 3466 εἴκοσι
1473 3419 1713 3485 χιλιάδας

169 3506 362 3570 πεζῶν,
416 3506 574 3558 πάλιν
617 3506 671 3556 δὲ
707 3505 794 3555 τὸν
834 3505 1030 3574 Συρίας
1069 3504 1286 3574 βασιλέα
1326 3507 1713 3578 ὲπιϐοηθοῦντα

169 3597 240 3666 τῷ
268 3598 542 3650 ὲπταικότι
576 3597 994 3666 δουλωσάμενος,
1031 3598 1121 3650 καὶ
1149 3598 1414 3670 ὑπόφορον
1447 3601 1712 3670 καταστή-

172 3705 280 3752 σας,
323 3690 416 3741 καὶ
453 3690 508 3741 ὲν
552 3690 646 3760 μιᾷ
688 3689 876 3758 καιροῦ
924 3692 1058 3760 ῥοπῇ
1089 3690 1258 3743 είκοσι
1298 3692 1392 3744 καὶ
1421 3692 1522 3763 δύο,
1546 3692 1714 3763 χιλιά-

169 3779 256 3842 δας
286 3780 396 3850 (Η)
425 3781 585 3835 αὐτοῦ
620 3783 1037 3848 καταφονεύσας,
1073 3783 1164 3834 καὶ
1192 3783 1378 3854 τρίτην
1411 3759 1564 3852 νίκῆν
1591 3787 1714 3848 τοὺς

173 3871 310 3935 υἱοὺς
363 3872 583 3942 Ἀμμὼν
627 3874 852 3940 νικήσας
904 3874 1384 3943 παραταξαμένους
1428 3875 1579 3945 παρὰ
1616 3877 1714 3948 τὴν

173 3959 329 4029 θύραν
359 3962 453 4030 τῆς
488 3961 687 4022 πόλεως
720 3961 805 4012 διὰ
846 3962 996 4014 ’ίωὰϐ
1031 3961 1123 4014 τοῦ
1149 3965 1602 4035 ἀρχιστρατήγου.
1656 3966 1715 4028 ὃς

171 4046 348 4101 διελὼν
401 4050 521 4121 δίχα
570 4051 667 4121 τὴν
718 4050 961 4120 δύναμιν,
1009 4055 1120 4115 τοῖς
1173 4054 1269 4123 μὲν
1320 4055 1533 4126 ἀπήντα
1573 4055 1714 4107 κατὰ

174 4135 470 4205 πρόσωπον,
526 4141 649 4202 τοὺς
707 4139 760 4192 δὲ
786 4140 920 4193 κατὰ
967 4142 1116 4195 νότου
1162 4144 1457 4213 περιελθὼν
1493 4144 1713 4216 ἐχειρώ-

177 4243 325 4292 σατο·
360 4230 472 4293 πῶς
500 4231 590 4283 ἐπὶ
622 4235 731 4294 τοῖς
768 4232 1022 4296 τοιούτοις
1045 4233 1488 4306 ἀνδραγαθήμασι
1515 4238 1713 4306 στυγνὰ

174 4317 303 4372 οὕτω
337 4323 428 4374 καὶ
459 4323 674 4392 κατηφῆ
726 4322 1036 4390 φθέγγεται,
1061 4323 1229 4391 λέγων
1251 4342 1264 4354 ⁸
1316 4328 1375 4378 '0
1409 4328 1571 4394 Θεὸς,
1599 4330 1710 4382 ἀπ·-

176 4405 298 4462 ὡσω
353 4411 526 4481 ἡμᾶς,
582 4413 676 4466 καὶ
734 4413 997 4478 καθεῖλες
1045 4414 1233 4482 ἡμᾶς·
1273 4417 1584 4486 ὼργίσθης,
1613 4422 1709 4475 καί

1814 3233 2084 3301 suppetias
2117 3231 2374 3285 ferentem
2419 3231 2622 3299 redegit
2666 3231 2716 3282 in
2760 3229 3097 3293 servitutem,
3134 3230 3368 3298 fecitque

1816 3324 2150 3394 vectigalem,
2177 3340 2240 3378 ac
2267 3325 2317 3377 iu
2342 3339 2448 3378 uno
2477 3321 2731 3390 temporis
2757 3332 3025 3376 momento
3049 3323 3232 3391 viginti
3261 3323 3367 3376 duo

1815 3416 1978 3468 millia
2033 3416 2204 3482 ipsius
2249 3416 2464 3479 occidit,
2495 3425 2551 3470 et
2600 3415 2758 3469 tertia
2801 3416 3024 3469 victoria
3069 3415 3206 3469 ﬁlios
3237 3416 3366 3469 Am-

1814 3523 1958 3568 mon,
1984 3506 2076 3574 qui
2103 3506 2273 3560 aciem
2305 3509 2672 3560 instruxerant
2693 3505 2843 3573 juxta
2871 3507 3105 3562 civitatis
3133 3518 3362 3577 portam,

1812 3615 1907 3668 per
1928 3596 2061 3652 Joab
2091 3599 2360 3653 exercitus
2398 3600 2586 3652 ducem
2623 3599 2844 3663 devicit,
2876 3599 2965 3666 qui
3011 3599 3214 3653 viribus
3255 3600 3368 3654 suis

1813 3692 1866 3744 in
1893 3692 2024 3745 duas
2053 3702 2234 3760 partes
2258 3691 2462 3754 divisis,
2482 3691 2601 3744 aliis
2622 3691 2834 3758 quidem
2859 3691 3094 3744 occurrit
3113 3706 3140 3740 a
3165 3688 3362 3756 fronte,

1813 3785 1944 3837 alios
1978 3798 2104 3836 vero
2145 3799 2175 3835 a
2223 3792 2373 3850 tergo
2408 3783 2622 3836 adortus
2666 3782 2872 3848 subegit
2907 3798 2920 3833 :
2952 3782 3219 3850 quomodo
3247 3795 3365 3850 pOSt

1812 3877 2070 3944 ejusmodi
2105 3885 2324 3928 strenua
2363 3873 2527 3937 facta,
2560 3873 2697 3925 adeo
2727 3873 2900 3927 tristia
2933 3888 2993 3928 ac
3024 3884 3211 3928 intesta
3243 3893 3363 3946 pro-

1813 3969 1934 4028 fert,
1959 3966 2142 4018 dicens
2170 3981 2185 4018 :
2213 3965 2377 4027 Deus,
2420 3964 2658 4031 repulisti
2691 3981 2804 4028 nos,
2827 3973 2872 4016 et
2900 3964 3206 4019 destruxisti
3233 3983 3323 4020 nos
3347 3983 3362 4018 :

1811 4057 1975 4108 iratus
2013 4072 2087 4118 es,
2122 4065 2168 4109 et
2203 4057 2447 4108 misertus
2484 4072 2536 4108 es
2570 4057 2775 4108 nostri?
2807 4055 2971 4110 Porro
3005 4068 3211 4127 tempus
3243 4061 3366 4128 qui-

1813 4146 1932 4200 dem
1983 4146 2351 4214 inscriptionis
2379 4145 2542 4208 tituli,
2575 4145 2700 4199 illud
2729 4157 2865 4211 erat,
2907 4163 3012 4217 quo
3041 4151 3256 4219 egregia
3289 4151 3364 4204 fa-

1813 4239 1994 4292 cinora
2048 4236 2370 4307 perpetravit
2416 4239 2544 4292 :vis
2593 4253 2720 4292 vero
2769 4255 2953 4294 eorum
2999 4258 3117 4310 qua:
3164 4244 3362 4308 scripta

1812 4341 1972 4394 sunt,
2047 4330 2112 4382 ad
2197 4328 2353 4382 linem
2417 4328 2683 4394 refertur;
2761 4345 2880 4384 eum
2952 4343 3128 4385 autem
3207 4336 3362 4388 linem

1810 4421 1959 4486 dicit,
2011 4421 2099 4488 qui
2157 4420 2213 4473 in
2267 4421 2578 4474 saiculorum
2628 4423 3090 4477 consummatione
3144 4435 3362 4478 eventu-

175 4497 523 4570 ᾠκτείρησας
559 4503 744 4572 mide;
782 4503 917 4555 Ἀλλ’
949 4506 976 4556 ὁ
1013 4507 1108 4575 μὲν
1152 4509 1335 4577 καιρὸς
1383 4511 1481 4578 τῆς
1525 4513 1709 4583 στηλο-

1816 4527 1903 4566 rus
1957 4525 2058 4566 est.
2117 4511 2446 4580 Quapmpter
2497 4523 2552 4566 et
2607 4513 2705 4578 iis,
2766 4514 2856 4583 qui
2923 4516 3360 4582 iunnutabuntur,

177 4587 392 4655 γραφίας
424 4586 573 4654 οὗτος
603 4587 668 4662 ἦν
693 4591 841 4645 ὁτῶν
863 4594 1288 4665 κατορθωμάτων
1307 4613 1319 4625 ·
1347 4599 1380 4667 ἡ
1408 4597 1461 4650 δὲ
1489 4599 1712 4670 δύναμις

178 4676 274 4729 τῶν
316 4682 704 4749 γεγραμμένων
735 4686 812 4747 είς
843 4683 902 4735 τὸ
932 4684 1081 4747 τέλος
1117 4686 1226 4756 ἔχει
1267 4688 1364 4758 τὴν
1402 4689 1704 4759 ἀναφοράν·

238 4789 258 4820 ⁸
285 4788 320 4844 ΙΙ
348 4791 478 4861 Reg.
507 4808 619 4859 vnt,
653 4797 845 4860 15,16.
926 4800 946 4829 θ
977 4796 1021 4849 ll
1053 4798 1187 4868 Reg.
1223 4816 1274 4865 x,
1305 4802 1358 4865 6,
1389 4803 1556 4865 9,19.

242 4900 475 4982 i337).lta_
508 4920 642 4982 mss._
704 4923 927 4982 septem.
976 4913 1111 4965 Editi
1168 4914 1470 4969 ἐϐασίλευε.
1512 4917 1708 4972 Ibidem

357 4975 531 5057 Paris.
564 4977 655 5030 ἐπὶ
679 4971 854 5057 πάντα
895 4983 1130 5057 Ἰσραήλ..
1165 4982 1266 5057 sed
1301 4989 1428 5057 quin
1463 4988 1619 5041 fuerit
1645 5003 1711 5042 ex

186 5038 350 5124 llibliis
401 5045 611 5114 adjecta
656 5064 758 5124 vox
783 5038 982 5124 πᾴνταξ
997 5038 1237 5124 adsum
1265 5038 1346 5107 vi'x
1379 5038 1710 5124 possent-lii:

187 5118 390 5192 tramur,
426 5130 547 5168 cum
575 5120 706 5192 etin
732 5121 964 5192 editione
995 5122 1154 5178 Basil.
1186 5131 1238 5177 ct
1281 5124 1333 5176 in
1380 5118 1577 5180 nostris
1618 5144 1714 5180 un-

188 5177 343 5262 decim.
373 5177 502 5262 i355.
524 5189 732 5262 pariter
757 5189 912 5262 desit.

196 5250 365 5368 Ἓξ,ἓὲ
392 5250 571 5310 Editio
600 5257 769 5313 Paris.
811 5258 997 5315 Ῥαὰϐ.
1029 5262 1094 5315 Al
1119 5278 1246 5317 mss.
1282 5272 1392 5316 lrcs
1425 5282 1544 5318 cum
1578 5266 1715 5320 LXX

250 5333 345 5368 οωο
354 5359 365 5371 .

250 5385 351 5467 (ἵξ9)
383 5391 752 5470 Etlitio_]3_a_sil.
786 5407 986 5470 ctimss.
1018 5413 1218 5467 septem
1246 5404 1512 5470 ἐπέλεξεν.
1546 5406 1719 5458 Editio

191 5451 343 5583 gitis;
366 5476 490 5516 eum
526 5465 705 5519 Bibliis
746 5451 1217 5540 ἐπελέξάτόξῑιέέῖ
1248 5451 1513 5529 senatus“
1542 5451 1720 5527 ἕξεί.ξῖ

249 5542 292 5582 ν.

220 5540 292 5582 αν,

255 5596 761 5678 (49)(Ζοττῖεθης1ιιιῐι
831 5623 951 5662 esse
984 5611 1121 5663 hunc
1167 5612 1338 5665 locum
1400 5629 1461 5664 ex
1491 5612 1626 5666 Oliv.
1662 5625 1716 5665 et

434 5659 583 5740 putat
640 5659 884 5753 Duczetls,

199 5736 398 5820 gendum
431 5736 550 5796 esse
580 5736 930 5820 παρετάξατο.
959 5736 1061 5802 Sed
1096 5736 1213 5804 (τίιιιι
1246 5736 1504 5820 vulgatam
1537 5755 1712 5807 lectio-

201 5811 303 5857 ttctu
333 5819 379 5863 et
406 5828 534 5867 mss.
574 5811 738 5869 nostri
772 5834 953 5873 omnes
978 5829 1025 5873 et
1056 5820 1193 5876 LXX
1221 5839 1282 5878 ex
1319 5811 1468 5893 Equo
1520 5835 1705 5878 lucan-

1815 4602 2069 4668 scriptum
2126 4602 2381 4667 psalmum
2448 4616 2567 4656 esse
2623 4604 2769 4658 dicit.
2824 4603 3005 4660 Potest
3072 4618 3246 4660 autem
3313 4609 3364 4661 id

1816 4692 2032 4761 intelligi
2082 4691 2148 4746 de
2204 4692 2348 4746 onmi
2396 4697 2613 4748 omnino
2661 4695 2930 4750 hominum
2980 4712 3192 4764 genere,
3222 4700 3364 4767 quod

1820 4931 1927 4982 tur,
1960 4922 2085 4975 nihil
2119 4921 2473 4974 it‘tnovantlum
2507 4925 2833 4977 censuimus.

1891 4991 2007 5058 (41)
2038 4992 2177 5063 Editi
2235 4993 2300 5061 τῇ
2355 4996 2624 5063 προκοπῇ.
2657 4997 2723 5046 At
2763 4993 2898 5047 Oliv.
2927 5005 2977 5047 et
3004 4996 3206 5061 Anglic.
3241 5013 3364 5051 cum

1823 5063 2018 5133 nostris
2042 5061 2318 5133 duodecim
2351 5078 2478 5133 mss.
2508 5061 2891 5133 'cﬁ‘ueptxonﬁ,
2919 5065 3070 5133 bene.

1891 5130 2001 5198 (42)
2041 5129 2128 5180 Sic
2186 5131 2350 5198 editio
2385 5129 2702 5185 Basil."cutii
2733 5146 2823 5184 sex
2843 5129 2999 5184 "mss.
3034 5131 3205 5189 Editio
3236 5153 3364 5189 vero

1820 5195 1991 5282 Paris.
2017 5198 2138 5261 Πῶς
2157 5195 2250 5251 οὖν
2309 5217 2488 5279 φησιν.
2524 5202 2643 5254 Mox
2672 5200 2799 5254 editi
2827 5200 2943 5265 πῶς
2971 5202 3026 5255 δὲ
3063 5204 3174 5257 καί.
3208 5207 3366 5258 Det-st

1819 5283 1907 5319 και
1939 5287 1987 5320 ιιι
2028 5283 2151 5322 mss.
2177 5286 2280 5321 non
2305 5283 2506 5335 pauets.

1892 5338 2001 5411 (i5)
2049 5341 2168 5411 Alia
2219 5348 2301 5411 est
2363 5338 2720 5411 interpunctio
2763 5341 2818 5411 in
2889 5341 3049 5394 Coisl.
3085 5343 3361 5411 Ἀραϐίαν.

1825 5409 2000 5476 πᾶσαν
2021 5406 2118 5476 τὴν
2141 5407 2409 5476 Φοινίκην,
2446 5408 2717 5469 Arabiam.
2749 5409 3020 5464 Pltwniceu
3052 5406 3274 5466 omnem.

1895 5475 2004 5542 (44)
2058 5451 2276 5532 Viidetur
2315 5451 2502 5542 higisse
2563 5451 2821 5546 interpres
2878 5480 3048 5550 εἴκοσι
3101 5455 3360 5550 χιλιάδας,

1826 5562 1944 5600 cum
1972 5557 2162 5610 vertat,
2199 5549 2374 5617 viginti
2407 5549 2589 5601 millia.
2627 5549 2728 5601 Sed
2756 5560 2806 5601 et
2849 5553 2896 5601 in
2926 5549 3061 5605 Oliv.
3093 5549 3143 5602 ct
3170 5554 3218 5602 in
3243 5554 3364 5606 aliis

1829 5634 1953 5668 mss.
1987 5632 2090 5688 non
2121 5623 2305 5681 paucis
2355 5617 2543 5685 legitur
2593 5619 2761 5671 εἴκοσι
2816 5623 2908 5671 καὶ
2964 5620 3053 5672 δύο
3101 5620 3359 5688 χιλιάδας,

1823 5685 2117 5780 vigintritluu
2155 5688 2342 5753 millia,
2374 5697 2421 5741 t‘l
2458 5687 2525 5740 il'd
2565 5692 2760 5743 Ctilllltll
2807 5685 3111 5744 invenimus
3147 5691 3182 5742 ll
3232 5693 3355 5761 llt'g.

1821 5771 1929 5820 \‘III,
1969 5771 2014 5808 ξ).
