4058 6320
665 351 772 406 465

2039 350 2094 402 S.
2134 349 2371 403 BASILII
2404 348 2613 403 MAG-Nl

3800 351 3898 405 464

669 469 735 521 ad
762 481 948 522 omnes
978 465 1134 535 hujus
1165 465 1354 534 psalmi
1387 466 1586 521 utilitas
1618 465 1919 535 perveniat.
1954 467 2052 532 Qui
2084 467 2223 520 enim

2350 467 2473 532 ’έλος
2502 469 2556 520 δὲ
2596 467 2740 534 λέγει
2771 467 2827 519 τὸ
2852 467 2941 518 ἐπὶ
2974 467 3248 536 συντελείᾳ
3283 467 3388 519 τῶν
3425 466 3636 520 αἰώνων
3672 465 3900 535 ἐκϐήσε-

669 559 1043 621 immutantur,
1078 567 1132 610 et
1171 557 1259 625 qui
1297 556 1741 622 itnmulabuntur,
1779 557 1814 609 ii
1851 566 1979 610 sunt
2010 558 2100 626 qui
2137 574 2226 611 ne-

667 665 772 715 que
817 649 1062 703 eumdem
1113 648 1360 717 corporis
1409 648 1646 702 habitum
1690 657 1931 714 servant,
1966 663 2138 718 neque
2178 650 2229 703 in

668 741 857 794 eadem
887 753 1104 809 semper
1127 739 1417 808 persistunt
1447 740 1709 794 sententia
1744 755 1758 793 :
1787 742 1877 795 sed
1905 740 1994 810 qui
2021 751 2079 794 ut
2105 757 2231 796 cor-

668 848 802 902 pore
833 831 921 884 alii
947 830 1255 885 eiliciuntur
1277 830 1429 899 juxta
1460 841 1679 885 aetatum
1710 833 2130 900 vicissitudines,
2161 835 2231 887 ita

671 935 851 978 mente
894 940 990 993 pro
1041 939 1258 977 casuum
1309 925 1662 978 varietatibus
1712 936 2096 995 permutantur.
2129 928 2231 982 Alii

673 1031 904 1084 namque
953 1032 1138 1070 sumus
1186 1016 1359 1084 pueri,
1404 1016 1492 1068 alii
1553 1016 1795 1084 puberes,
1847 1018 1934 1072 alii
1981 1020 2080 1072 viri
2124 1019 2231 1087 jam

671 1104 824 1168 facti,
866 1122 929 1159 ac
979 1115 1435 1160 consenesccntes
1476 1105 1665 1160 iterum
1719 1109 1935 1162 omnino
1984 1110 2231 1163 immuta-

673 1211 815 1250 mur.
847 1195 910 1249 Et
942 1196 1028 1248 alii
1057 1197 1273 1265 quidem
1308 1211 1492 1250 sumus
1527 1198 1575 1250 in
1608 1197 1808 1252 laetiore
1839 1214 2014 1253 rerum
2053 1209 2191 1253 statu
2221 1219 2232 1252 :

674 1287 760 1339 alii
812 1302 942 1342 vero
999 1301 1062 1341 ex
1116 1287 1237 1342 aliis
1290 1288 1566 1351 cilicimur,
1609 1291 1880 1359 aSperiore
1938 1300 2234 1360 temporum

675 1391 802 1430 casu
845 1378 968 1431 usi:
1003 1378 1092 1430 alii
1137 1379 1260 1432 dum
1309 1391 1654 1447 aegrotamus,
1685 1381 1774 1434 alii
1809 1382 1934 1434 dum
1972 1382 2236 1434 valemus:

677 1467 768 1522 alii
819 1469 872 1522 in
919 1471 1140 1539 nuptiis,
1183 1470 1270 1523 alii
1323 1471 1372 1523 in
1412 1472 1577 1525 luctu.
1611 1473 1718 1526 Aut
1756 1473 2005 1538 quoniam
2041 1473 2240 1526 dictum

677 1574 782 1612 non
819 1569 920 1623 est,
954 1557 1024 1614 lis
1056 1561 1146 1629 qui
1181 1561 1554 1628 immutantur,
1587 1563 1702 1625 sed,
1740 1560 1816 1615 Iis
1860 1563 1948 1631 qui
1995 1562 2242 1615 immuta-

677 1655 890 1716 buntur,
939 1667 1150 1722 voxque
1211 1655 1440 1721 speciem
1489 1656 1784 1724 prephetia:
1843 1669 1951 1724 prre
2002 1668 2060 1709 se
2119 1653 2240 1720 fert,

674 1745 818 1811 quod
857 1743 1022 1797 futuri
1079 1745 1148 1799 sit
1200 1747 1493 1814 temporis;
1527 1748 1937 1802 cnnvenientius
1971 1748 2154 1815 fuerit,
2189 1757 2244 1801 ut

2334 555 2452 608 σθαι
2474 556 2682 625 μέλλον.
2709 557 2796 608 Διὸ
2819 556 2906 610 καὶ
2928 560 3039 619 τοῖς
3060 555 3571 626 ἀλλοιωθησομένοις
3593 555 3904 626 γεγράφθαι

2334 653 2464 721 φησὶ
2506 652 2594 703 τὸν
2630 651 2860 721 ψαλμόν.
2897 651 3048 702 Ἐστι
3076 648 3130 700 δὲ
3163 647 3489 712 ἁπαξαπλῶς
3528 649 3661 718 περὶ
3702 650 3902 709 ante;

2333 736 2427 788 τοῦ
2462 737 2648 804 γένους
2675 737 2781 788 τῶν
2809 737 3106 807 ἀνθρώπων
3137 737 3340 807 νοῆσαι,
3368 737 3441 800 ὡς
3470 741 3545 801 εἰς
3567 740 3786 799 πάντας
3811 737 3902 806 τῆς

2336 828 2442 880 ἀπὸ
2469 827 2559 880 τοῦ
2582 828 2793 898 ψαλμοῦ
2821 829 3194 900 διαϐαινούσης
3232 828 3514 899 ὠφελείας.
3559 831 3904 900 Ἀλλοιούμε-

2337 938 2414 972 νοι
2447 920 2554 991 γὰρ
2589 922 2681 973 καὶ
2710 920 3188 992 ἁλλοιωθησόμενοι
3217 925 3264 975 οἱ
3297 924 3431 993 μήτε
3469 923 3563 993 τὴν
3592 923 3686 975 τοῦ
3721 923 3903 992 σώμα-

2335 1030 2425 1075 τος
2458 1012 2568 1076 ἕξιν
2597 1013 2692 1083 τὴν
2726 1014 2892 1083 αὐτὴν
2924 1013 3290 1078 διασώζοντες,
3341 1017 3470 1086 μήτε
3512 1016 3605 1068 ἐπὶ
3646 1015 3745 1083 τῆς
3778 1015 3908 1082 γνὼ-

2341 1122 2446 1174 μης
2477 1105 2561 1157 ἀεὶ
2583 1104 2681 1172 τῆς
2707 1105 2874 1174 αὐτῆς
2908 1104 3213 1175 βεϐηκότες,
3240 1106 3370 1160 ἀλλὰ
3400 1107 3456 1158 τὸ
3487 1107 3580 1175 μὲν
3614 1105 3782 1176 σῶμα
3819 1125 3906 1158 κα-

2337 1196 2402 1247 τά
2442 1195 2538 1258 τὰς
2567 1194 2672 1248 τῶν
2698 1195 2920 1265 ἡλικιῶν
2958 1196 3255 1266 μεταϐολὰς
3299 1198 3687 1267 ἀλλοιούμενοι,
3726 1198 3830 1268 τὴν
3861 1198 3910 1250 δὲ

2339 1286 2577 1339 διάνοιαν
2610 1285 2745 1356 πρὸς
2781 1286 2877 1348 τὰς
2908 1286 3177 1346 ποικιλίας
3219 1285 3326 1338 τῶν
3358 1289 3783 1357 συμπτωμάτων

2338 1379 2700 1447 τατιθέμενοι.
2741 1377 2922 1430 Ἀλλοι
2953 1379 3050 1448 μὲν
3072 1379 3178 1448 γάρ
3207 1380 3372 1449 ἐσμεν
3407 1380 3608 1441 παῖδες,
3639 1381 3736 1432 καὶ
3767 1380 3910 1431 ἄλλοι

2342 1468 2552 1538 ἔφηϐοι,
2585 1471 2676 1521 καὶ
2705 1469 3065 1539 ἀνδρωθέντες
3090 1471 3285 1540 ἕτεροι,
3323 1473 3412 1524 καὶ
3453 1473 3912 1542 ἁπογηράσαντες

2345 1562 2503 1614 πάλιν
2529 1561 2805 1623 παντελῶς
2838 1561 3187 1631 ἀλλοιούμεθα
3217 1563 3348 1632 (45).
3381 1566 3488 1617 Καὶ
3529 1564 3682 1616 ἄλλοι
3722 1565 3821 1633 μὲν
3863 1566 3912 1612 ἐν

2344 1656 2461 1715 ταῖς
2495 1652 2867 1722 φαιδροτέραις
2908 1652 3071 1722 ἐσμὲν
3119 1656 3477 1708 καταστάσεσι
3517 1655 3623 1706 τῶν
3659 1657 3912 1725 πραγμά-

2345 1758 2451 1793 των
2473 1759 2486 1771 ’
2523 1742 2666 1820 ἄλλοι
2699 1743 2754 1795 δὲ
2793 1741 2850 1805 ἐξ
2877 1742 3047 1804 ἄλλων
3085 1743 3343 1812 γινόμεθα
3380 1747 3695 1816 τραχυτέρα
3725 1764 3896 1797 σοντι

677 1835 1040 1891 immutandos
1101 1837 1464 1908 intelligamus
1519 1856 1634 1907 eos,
1690 1841 1802 1909 qui,
1859 1842 2042 1894 relicta
2106 1855 2240 1894 vana

2350 1834 2437 1902 χίᾳ
2489 1835 2692 1905 καιρῶν
2733 1834 3092 1905 κεχρημένοι·
3133 1833 3278 1886 ἄλλοι
3327 1835 3621 1898 νοσοῦντες,
3673 1839 3766 1889 καὶ
3823 1837 3913 1888 ἆλ-

676 1937 891 1996 patrum
946 1944 1162 1983 suorum
1216 1934 1625 1998 consuetudine,
1657 1947 1722 1985 ex
1772 1933 2039 2001 Evangelii
2087 1931 2246 1986 disci-

674 2019 822 2088 plina
856 2021 1019 2074 vitam
1054 2037 1206 2074 suam
1235 2033 1390 2075 erant
1418 2023 1735 2076 instituturi.
1763 2022 1945 2091 itaque
1976 2039 2079 2078 non
2105 2024 2246 2078 illius

676 2113 854 2167 artatis
893 2111 1093 2167 .ludaeis
1134 2115 1217 2168 hic
1255 2115 1493 2183 psalmus
1540 2116 1770 2185 scriptus
1810 2126 1910 2179 est,
1951 2118 2042 2170 sed
2094 2116 2246 2173 nobis

681 2202 1056 2267 immutandis,
1091 2206 1182 2277 qui
1214 2208 1431 2261 deorum
1463 2208 1855 2262 multitudinem
1885 2209 1935 2261 in
1969 2211 2240 2277 pietatem,

679 2309 744 2350 ac
780 2294 1043 2352 idolorum
1087 2315 1324 2353 errorem
1371 2299 1422 2353 in
1452 2301 1757 2355 Conditoris
1787 2302 1952 2356 nostri
1983 2302 2247 2369 cognitio-

679 2402 802 2442 nem
833 2390 1159 2444 mutavimus
1185 2405 1198 2443 :
1224 2394 1312 2458 qui
1343 2409 1439 2461 pro
1465 2403 1795 2461 repugnante
1825 2393 1924 2462 lt-g-i
1955 2392 2244 2461 voluptate,

678 2481 1113 2534 consentientem
1176 2483 1273 2551 legi
1330 2485 1738 2552 temperantiam
1790 2485 2048 2555 elegimus
2097 2505 2110 2540 :
2160 2486 2246 2554 qui

679 2583 782 2638 pro
816 2568 959 2623 tibiis
989 2579 1042 2622 et
1074 2571 1260 2626 choris
1289 2589 1348 2627 ac
1375 2574 1637 2630 ebrietate
1667 2575 1928 2645 psalmum
1954 2576 2247 2646 jejunium-

679 2675 784 2729 quo
827 2671 881 2717 et
933 2665 1296 2731 precationem
1348 2669 1506 2722 nobis
1552 2668 1960 2724 vindicaviznus.
2018 2670 2249 2725 Proinde

678 2753 772 2821 qui
817 2754 963 2810 hunc
1011 2755 1276 2824 psalmum
1323 2758 1520 2811 dixerit
1562 2760 1819 2827 scriptum
1860 2762 2012 2813 nobis
2046 2775 2182 2825 esse,
2219 2778 2247 2813 a

683 2845 936 2901 veritatis
969 2861 1134 2916 scopo
1162 2847 1302 2902 haud
1341 2849 1632 2903 aberrabit.
1663 2849 1786 2903 Ideo
1821 2860 1874 2904 et
1915 2862 2095 2904 nostra
2127 2862 2252 2906 sunt

677 2935 897 2990 oracula
931 2937 1133 3005 divina,
1167 2949 1220 2992 et
1267 2940 1334 2993 ab
1383 2940 1619 2996 Ecclesia
1671 2942 1784 3008 Dei,
1825 2951 2074 3012 tanquam
2111 2944 2248 2998 dona

682 3025 939 3082 divinitus
988 3029 1177 3091 missa,
1208 3031 1259 3083 in
1312 3033 1536 3102 singulis
1582 3037 1935 3091 conventibus
1983 3037 2246 3107 leguntur,

2346 1925 2427 1978 λοι
2491 1927 2878 1990 εὐπαθοῦντες·
2940 1926 3086 1980 ἄλλοι
3139 1929 3193 1981 ὲν
3254 1927 3468 1997 γάμοις,
3521 1930 3614 1978 καὶ
3666 1928 3814 1980 ἄλλοι
3863 1933 3914 1980 ὲν

2346 2018 2620 2071 πένθεσιν.
2669 2021 2737 2071 Ἢ
2778 2020 2863 2072 διὰ
2906 2019 2966 2072 το
3014 2018 3086 2089 μὴ
3131 2019 3397 2088 εἰρῆσθαι,
3443 2016 3566 2080 Τοῖς
3603 2019 3915 2088 ἀλλοιουμέ-

2346 2127 2474 2173 νοις,
2512 2109 2665 2173 ἀλλὰ,
2704 2110 2828 2175 Τοῖς
2857 2109 3453 2178 ἀλλοιωθησομένοις,
3489 2109 3584 2162 καὶ
3606 2109 3710 2178 τὴν
3739 2111 3914 2179 φωνὴν

2345 2200 2566 2264 ἔνδειξιν
2600 2199 2741 2269 ἔχειν
2770 2201 3118 2270 προφητείας,
3151 2197 3228 2266 τῷ
3262 2201 3339 2260 εἰς
3370 2201 3428 2250 τὸ
3464 2198 3656 2267 μέλλον
3684 2201 3796 2270 (46)
3833 2203 3913 2251 ἑκ-

2348 2294 2629 2346 κεκλίσθαι
2664 2296 2755 2347 τὸν
2783 2294 2993 2364 χρόνον,
3020 2290 3433 2360 ἁκολουθότερον
3454 2292 3656 2343 ἐννοεῖν
3686 2295 3812 2355 τοὺς

2348 2381 2804 2451 λοιωθησομένους
2835 2382 2959 2444 τοὺς
2989 2381 3295 2450 μέλλοντας,
3331 2381 3426 2450 τὴν
3461 2381 3598 2450 πρὸς
3617 2381 3688 2432 τά
3719 2382 3916 2450 μάταια

2348 2472 2455 2525 τῶν
2490 2473 2738 2542 πατέρων
2771 2472 3052 2541 συνήθειαν
3098 2472 3210 2541 (47)
3259 2473 3512 2540 ἀφέντας,
3575 2475 3641 2542 τῇ
3677 2472 3819 2524 κατὰ
3864 2475 3916 2524 τὸ

2349 2566 2676 2637 Εὐαγγέλιον
2721 2566 2971 2638 ἀκριϐείᾳ
3012 2565 3307 2631 κανονίζειν
3359 2568 3456 2639 τὴν
3502 2569 3802 2622 πολιτείαν.
3849 2571 3914 2620 Οὐ

2347 2640 2524 2713 τοίνυν
2556 2663 2666 2723 τοῖς
2699 2661 2820 2713 τότε
2861 2659 3128 2722 Ἰουδαίοις
3148 2663 3176 2712 ὁ
3205 2660 3412 2729 ψαλμὸς
3437 2661 3774 2731 γέγραπται,
3811 2661 3916 2712 ἀλλ’

2348 2756 2480 2821 ἡμῖν
2521 2756 2630 2814 τοῖς
2661 2752 3198 2821 ἀλλοιωθησομένοις,
3232 2754 3342 2814 τοῖς
3380 2754 3478 2822 τὴν
3512 2753 3806 2805 πολυθεϊαν
3848 2755 3919 2814 εἰς

2352 2844 2629 2897 εὐσέϐειαν
2675 2842 3032 2912 διαμείϐουσι,
3087 2846 3184 2913 τὴν
3238 2843 3472 2913 περὶτὰ
3528 2843 3729 2897 εἴδωλα
3788 2844 3917 2897 πλά-

2352 2955 2448 3008 νην
2475 2936 2584 3007 (48)
2628 2937 2706 2998 είς
2754 2937 2852 3006 τὴν
2899 2933 2992 2988 τοῦ
3042 2936 3364 3005 ποιήσαντος
3401 2937 3547 3005 ἡμᾶς
3598 2936 3913 3004 ἐπίγνωσιν·

2351 3030 2460 3092 τοῖς
2491 3029 2608 3082 ἀντὶ
2635 3027 2822 3098 ἡδονῆς
2849 3026 3162 3099 παρανόμου
3192 3026 3545 3098 σωφροσύνην
3581 3027 3810 3097 ἔννομον
3839 3031 3920 3080 ai-

681 3114 830 3169 velut
861 3116 1173 3172 alimentum
1221 3125 1485 3189 quoddam
1536 3127 1856 3194 animarum,
1893 3130 2034 3197 quod
2067 3148 2094 3182 a
2131 3131 2245 3198 Spi-

2355 3123 2631 3194 ρουμένοις
2656 3139 2667 3151 ·
2700 3123 2819 3176 ἀντὶ
2857 3120 3063 3185 αὐλῶν,
3092 3120 3186 3172 καὶ
3218 3120 3412 3192 χορῶν,
3445 3121 3536 3173 καὶ
3573 3120 3766 3191 μέθης,
3795 3121 3920 3189 ψαλ-

679 3204 791 3260 ritu
820 3207 1278 3262 subministretur.
1312 3212 1415 3268 Sed
1448 3228 1496 3268 et
1525 3216 1611 3270 hic
1645 3219 1880 3286 psalmus
1905 3222 2136 3290 scriptus
2165 3234 2246 3276 est

679 3308 743 3352 ut
774 3301 828 3354 in
878 3299 1131 3355 columna
1164 3302 1519 3370 inscribatur;
1562 3308 1661 3362 hoc
1695 3320 1796 3376 est,
1835 3327 1937 3364 non
1979 3313 2242 3383 negligen-

681 3402 767 3447 ter
809 3403 865 3448 et
909 3393 1273 3462 perfunctorie
1325 3398 1603 3464 audiatur;
1657 3418 1850 3470 neque,
1893 3407 2246 3471 quemadmo-

683 3483 810 3536 dum
847 3485 954 3538 cito
999 3485 1249 3540 delentur
1286 3503 1406 3558 qua:
1449 3488 1502 3542 in
1549 3493 1771 3546 materia
1821 3508 1877 3546 se
1916 3495 2067 3563 191
2099 3494 2250 3547 facile

681 3585 1067 3646 corrumpente
1109 3578 1418 3635 scribuntur
1450 3600 1463 3636 :
1497 3583 1578 3637 sie
1611 3585 1662 3637 in
1708 3594 1798 3639 tuo
1839 3587 2019 3639 animo
2067 3587 2251 3640 isthaec

681 3663 750 3720 ad
783 3667 948 3722 breve
985 3678 1196 3738 tempus
1237 3675 1513 3728 memoria:
1560 3676 1853 3747 insculpas,
1891 3679 2082 3732 deinde
2135 3678 2247 3749 ipsa

683 3755 938 3810 confundi
972 3774 1033 3812 ac
1060 3762 1363 3819 oblitterari
1388 3767 1570 3833 sinas;
1611 3770 1704 3824 sed
1738 3771 1788 3823 in
1826 3781 1910 3824 tua
1947 3773 2122 3826 anima
2152 3789 2247 3828 ceu

683 3846 739 3901 in
790 3845 1042 3902 columna
1097 3849 1264 3904 incisa
1310 3854 1450 3918 sint;
1501 3857 1553 3908 id
1606 3870 1707 3922 est,
1743 3860 2149 3915 immutaliiliter
2188 3878 2250 3917 ac

682 3941 917 3996 ﬁrmiter
964 3958 1062 4012 per
1104 3959 1269 4000 omne
1309 3954 1518 4018 tempus
1559 3949 1612 4001 in
1659 3953 1912 4004 memoria
1964 3955 2246 4009 insideant.

683 4033 837 4101 Quod
869 4037 912 4090 si
953 4053 1051 4092 nos
1082 4041 1340 4109 repulerit
1371 4039 1609 4105 Judaeus,
1646 4041 1789 4095 velut
1817 4059 1845 4096 a
1870 4045 2086 4110 scriptis
2114 4046 2250 4100 alie-

682 4143 818 4194 nos;
865 4144 958 4197 per
992 4130 1108 4184 haec
1157 4147 1276 4198 qua:
1322 4135 1520 4202 scripta
1569 4144 1713 4200 sunt,
1749 4135 1920 4204 ipsum
1961 4135 2252 4189 adiciamus

682 4219 944 4288 pudore:
987 4221 1066 4277 sic
1117 4232 1172 4275 ut
1228 4224 1575 4280 ostendamus
1635 4227 1855 4280 mixtam
1918 4231 2250 4285 vocationem

685 4323 828 4366 esse.
855 4323 975 4378 qua:
997 4312 1253 4367 distantia
1281 4314 1502 4385 colligit,
1531 4326 1585 4369 et
1611 4330 1671 4368 ea
1700 4333 1818 4385 quae
1848 4321 2031 4388 procul
2059 4322 2251 4377 absunt

686 4409 968 4462 convocat,
997 4416 1060 4454 ac
1110 4417 1205 4473 per
1247 4403 1405 4458 {idem
1453 4405 1503 4458 in
1549 4403 1825 4459 Christum
1867 4409 2025 4461 eiiicit
2060 4413 2252 4466 multos

2360 3215 2477 3286 μὸν,
2515 3215 2605 3267 καὶ
2637 3213 2906 3283 νηστείαν,
2935 3213 3026 3265 καὶ
3058 3213 3359 3283 προσευχὴν
3398 3212 3915 3282 μεταλαμϐάνουσιν.

2365 3309 2523 3377 Ἡμῖν
2549 3302 2639 3358 οὖν
2669 3306 2973 3376 γεγράφθαι
3011 3305 3100 3358 τὸν
3137 3304 3347 3375 ψαλμὸν
3377 3306 3542 3358 εἰπών
3587 3323 3692 3368 τις,
3729 3308 3830 3358 οὐκ
3863 3307 3918 3357 iv

2355 3401 2587 3469 ἁμάρτοι
2620 3399 2718 3468 τῆς
2751 3398 3022 3469 ἀληθείας.
3057 3399 3146 3451 Διὸ
3174 3399 3284 3467 (49)
3318 3399 3410 3450 καὶ
3435 3398 3680 3469 ἡμέτερά
3711 3401 3826 3450 ἐστι
3861 3399 3920 3450 τὶ

2357 3489 2475 3541 θεῖα
2513 3489 2689 3556 λόγια,
2748 3491 2841 3542 καὶ
2884 3493 2949 3560 τῇ
2990 3490 3082 3542 τοῦ
3123 3489 3259 3542 Θεοῦ
3307 3490 3622 3560 Ἐκκλησία,
3677 3490 3755 3552 ὡς
3811 3488 3918 3541 θεός

2359 3595 2580 3648 πεμπτα
2623 3577 2790 3648 δῶρα,
2833 3579 2953 3630 καθ’
3004 3578 3231 3630 ἕκαστον
3275 3578 3526 3645 σύλλογον
3584 3579 3918 3645 ὑπαναγινὼ-

2359 3688 2565 3734 σκεται,
2613 3663 2722 3722 οἷόν
2761 3686 2843 3732 τις
2879 3670 3049 3740 τροφὴ
3082 3668 3266 3738 ψυχῶν
3306 3672 3683 3742 χορηγουμένη
3721 3673 3808 3724 διὰ
3834 3671 3918 3723 τοῦ

2359 3761 2687 3832 Πνεύματος.
2732 3757 2890 3812 Ἀλλά
2922 3758 3012 3810 καὶ
3052 3759 3129 3821 είς
3164 3758 3559 3829 στηλογραφὶαν
3613 3760 3917 3831 γέγραπται

2357 3859 2384 3909 ὁ
2430 3856 2676 3927 ψαλμός·
2734 3853 2994 3918 τουτέστι,
3045 3854 3117 3926 μὴ
3174 3853 3446 3924 πάρεργος
3493 3853 3635 3906 ἔστω
3679 3853 3845 3906 aii-:05
3891 3856 3916 3922 ἡ

2357 3950 2643 4020 ἀκρόασις·
2677 3949 2829 4019 μηδὲ,
2861 3947 3046 4017 ὥσπερ
3075 3946 3141 3999 τὰ
3175 3949 3230 3999 ὲν
3249 3950 3313 4017 τῇ
3350 3946 3636 4018 εὐφθάρτῳ
3672 3947 3775 4018 ὕλῃ
3799 3965 3920 4017 γραο

2359 4042 2566 4111 φόμενα
2609 4041 2775 4109 ταχὺν
2810 4039 2918 4108 (50)
2953 4038 3214 4106 λαμϐάνει
3257 4038 3344 4089 τὸν
3377 4040 3701 4107 ἀφανισμὸν,
3758 4041 3916 4099 οὕτως

2359 4135 2416 4184 ὲν
2441 4135 2506 4201 τῇ
2535 4129 2756 4182 σεαυτοῦ
2781 4127 2985 4196 διανοίᾳ
3010 4127 3144 4196 πρὸς
3171 4125 3346 4194 ὀλίγον
3369 4127 3675 4197 ἐγχαράξας
3703 4132 3769 4196 τῇ
3801 4133 3917 4196 μνή-

2363 4241 2456 4295 μῃ,
2513 4217 2628 4273 εἶτα
2678 4218 3034 4289 συγχωρήσῃς
3090 4215 3226 4270 αὐτὰ
3283 4217 3610 4287 συγχυθῆναι
3674 4218 3787 4284 (Si)
3837 4219 3912 4269 καί

2360 4313 2746 4383 ἀφανισθῆναι·
2785 4310 2894 4363 ἀλλ’
2921 4309 3005 4380 ἔχε
3030 4309 3503 4382 ἐνεστηλιτευμένα
3532 4326 3624 4361 σου
3656 4312 3722 4378 τῇ
3751 4310 3910 4379 ψυχῇ·

2359 4405 2628 4459 τουτέστιν
2659 4404 2884 4474 ἀκίνητα
2928 4405 3020 4456 καὶ
3053 4403 3223 4470 πάγια
3264 4405 3342 4466 εἰς
3380 4403 3552 4454 πάντα
3596 4401 3688 4451 τὸν
3743 4404 3917 4470 χρόνον

686 4501 875 4541 unum.
917 4487 1078 4543 Vens.
1121 4491 1175 4542 ’1.
1220 4491 1367 4546 Meus
1402 4504 1497 4558 est,
1530 4497 1722 4565 inquit,
1765 4494 1993 4562 Gulaad,
2025 4508 2072 4550 et
2111 4517 2245 4554 meus

2360 4497 2680 4570 ἐνιδρυμένα
2723 4499 2787 4566 τῇ
2829 4497 3032 4566 μνήμῃ.
3085 4495 3206 4547 Ἐὰν
3251 4495 3306 4546 δὲ
3353 4494 3672 4563 παρωθῆται
3716 4497 3916 4566 ἡμὶςό

687 4588 761 4632 ut
789 4578 1079 4636 Monaeses.
1101 4583 1163 4636 Et
1193 4582 1446 4651 Epltraim
1473 4589 1624 4652 dixit,
1643 4601 1695 4643 et
1728 4589 1917 4644 Judam
1943 4593 2255 4660 assumpsit,

688 4678 743 4722 et
769 4677 1143 4728 annumeravit
1167 4675 1344 4732 Moab.
1371 4676 1510 4744 Quin
1537 4689 1591 4733 et
1619 4681 1668 4733 in
1693 4682 1975 4736 ldurnaeam
2005 4699 2260 4738 ascensu-

692 4775 811 4814 rum
837 4778 894 4816 se
923 4766 1176 4834 minatur,
1197 4785 1258 4822 ac
1284 4770 1525 4822 omnium
1567 4772 1722 4825 simul
1751 4775 2135 4841 subjectionem
2167 4793 2260 4828 an-

693 4854 904 4907 nuntiat
935 4873 948 4908 :
982 4855 1145 4912 Vens.
1183 4859 1268 4913 10.
1303 4859 1435 4913 Mihi
1462 4862 1765 4929 alienigena:
1789 4865 1980 4916 subditi
2009 4877 2148 4919 sunt.

2376 4591 2620 4653 Ἰουδαῖος
2653 4591 2726 4651 ὡς
2758 4587 3067 4657 ἀλλοτρίους
3104 4587 3210 4641 τῶν
3252 4587 3668 4656 γεγραμμένων,
3731 4591 3792 4640 ἐκ
3825 4587 3914 4637 τῶν

2358 4681 2752 4752 γεγραμμένων
2807 4679 2966 4731 αὑτὸν
3014 4678 3449 4746 δυσωπήσωμεν·

2360 4773 2660 4843 σύμμικτον
2688 4771 2783 4839 τῆς
2808 4770 3046 4840 κλήσεως
3064 4786 3075 4798 ·
3110 4770 3256 4830 ὅπως
3300 4769 3366 4820 τὰ
3391 4769 3654 4822 διεστῶτα
3685 4768 3912 4834 συνάγει,

2357 4865 2426 4918 τὰ
2450 4863 2661 4935 μακράν
2693 4862 2972 4930 συγκαλεῖ,
3003 4861 3096 4910 ἕνα
3127 4862 3268 4910 ποιεῖ
3305 4861 3426 4922 τοὺς
3460 4858 3690 4922 πολλοὺς
3721 4859 3808 4910 διὰ
3831 4862 3914 4928 τῆς

3517 4677 3805 4748 δηλοῦντες
3868 4678 3915 4726 τὺ

692 4950 772 5014 είς
820 4949 1049 5022 Χριστὸν
1108 4952 1340 5016 πίστεως
1385 4951 1515 5023 (52).
1579 4953 1743 5019 Ἐιιός
1780 4955 1927 5019 ἐστι,
1990 4959 2142 5027 φησι,
2196 4957 2464 5012 Γαλαάδι
2524 4954 2619 5007 καί
2663 4954 2800 5022 ἐμός
2832 4955 2961 5007 ἐστι
3007 4951 3360 5020 Μανασσῆς.
3410 4951 3518 5002 Καὶ
3553 4950 3648 5003 τὸν
3694 4950 3912 5020 Ἐφραῖμ

766 5154 876 5223 (45)
912 5157 1039 5225 Reg.
1074 5156 1268 5210 tertius
1298 5155 1685 5226 ἀλλοιούμενοι.

769 5226 879 5299 (46)
914 5227 1090 5299 Nostri
1127 5226 1372 5299 undecim
1431 5243 1559 5299 tnss.
1601 5228 1796 5280 habent
1827 5230 1900 5290 εἰς
1957 5230 2015 5281 τὸ
2047 5231 2255 5299 μέλλον.

697 5296 838 5367 Edili
883 5300 961 5367 ei;
993 5298 1082 5350 τὸν
1133 5295 1411 5367 μέλλοντα.
1450 5295 1648 5350 Ibidem
1692 5310 1798 5348 tres
1838 5314 1963 5352 mss.
2013 5295 2257 5367 ἐγκεκλί-

699 5364 840 5419 σθαι.
874 5365 1064 5420 Statim
1103 5364 1340 5434 quinque
1373 5383 1499 5419 mss.
1542 5367 1960 5435 ἀκολουθότερον
1996 5364 2153 5426 νοεῖν.

770 5437 882 5504 (47)
915 5437 987 5489 Ila
1031 5438 1168 5493 Oliv.
1203 5448 1257 5488 et
1307 5436 1547 5490 Combel'.
1588 5455 1710 5491 cum
1765 5439 1881 5491 aliis
1907 5458 1998 5494 sex
2031 5459 2156 5497 mss.
2195 5444 2264 5495 At

697 5507 1072 5581 edit_i_et_ﬂeg.
1108 5517 1289 5581 sextus
1309 5507 1426 5581 frti»;
1451 5507 1751 5579 ἀνθρώπων
1782 5512 2082 5581 συνήθειαν.

773 5575 883 5647 (i3)
916 5575 1217 5651 Colliertini
1242 5578 1445 5651 primus
1470 5590 1519 5632 et
1541 5575 1734 5651 sextus
1760 5595 1878 5651 cum
1900 5575 2035 5651 'lleg.
2072 5592 2263 5649 quat-to

696 5645 798 5718 τῂν
831 5645 960 5718 περὶ
981 5647 1049 5699 τά
1079 5646 1270 5700 εἴδωλα
1299 5649 1505 5710 πτοίαν,
1533 5650 1738 5701 inanem
1759 5645 2014 5703 idolorum
2047 5645 2258 5706 metum.

703 5714 974 5789 Multiplii
1000 5733 1130 5771 mss.
1175 5734 1294 5771 cum
1329 5720 1485 5773 editis
1516 5720 1613 5789 τὴν
1655 5721 1779 5789 περὶ
1817 5719 1884 5772 τὰ
1913 5724 2102 5775 εἴδωλα
2127 5723 2262 5775 πλά-

703 5801 800 5858 νην
858 5786 965 5843 Nec
1009 5791 1082 5844 ita
1113 5790 1278 5843 multo
1326 5800 1444 5860 post
1500 5786 1684 5845 nostra
1715 5786 1877 5847 cditio
1908 5793 2076 5850 Paris.
2107 5797 2260 5866 αἱρη-

2364 5160 2563 5228 μένοις.
2612 5161 2854 5214 Secunda
2902 5159 3065 5214 editio
3112 5159 3283 5214 Paris.
3316 5158 3631 5228 ᾑρημένοις.
3685 5157 3752 5209 Al
3795 5174 3908 5210 IIIS-‘-

2361 5234 2716 5308 αἱρουμένοις.
3458 5299 3491 5308 ,,
3564 5298 3595 5308 ..
3679 5301 3691 5308 .

2434 5298 2542 5370 (49)
2577 5303 2650 5355 Ita
2691 5317 2781 5355 sex
2824 5316 2953 5356 mss.
3008 5316 3129 5357 cum
3169 5300 3402 5355 editione
3458 5298 3618 5352 Basil.
3666 5301 3734 5352 At
3763 5299 3910 5351 editin

2363 5371 2530 5428 Paris.
2560 5372 2709 5425 διότι.

2571 5443 2796 5520 godices
2819 5443 3022 5520 aliquot
3051 5440 3210 5520 ταχύ,
3240 5441 3494 5494 celeriter.
3839 5506 3888 5520 μ

2432 5443 2542 5577 (εςοζ
2571 5443 2796 5497 Codices
2819 5443 3022 5510 aliquot
3051 5443 3210 5511 ταχύ,
3240 5443 3494 5494 celeriter.
3839 5506 3888 5520 μ

2432 5513 2542 5590 (Situ
2577 5513 2711 5590 Editi
2742 5513 3345 5590 cu71;0ﬁvat._nttnss_.
3403 5520 3621 5590 septem‘
3666 5520 3910 5590 συγχυθῇ-

2364 5578 2467 5635 ναι.
2503 5584 2610 5637 lloc
2642 5583 2756 5650 ipso
2787 5578 2994 5638 innloco
3023 5583 3185 5636 editio
3215 5581 3383 5636 Paris.
3441 5578 3890 5647 ἐνστηλιτευμένα

2360 5656 2426 5705 At
2484 5662 2716 5725 quatuor
2783 5671 2910 5709 mss.
2989 5650 3484 5725 ἐνεστηλιτευμένα.
3538 5651 3692 5703 Cu“).
3742 5660 3908 5699 sextus

2360 5724 2799 5794 ἐστηλιτευμένα.
2976 5795 2986 5801 _
3167 5724 3170 5725 ν
3531 5791 3541 5801 .

2431 5798 2539 5867 (5'!)
2579 5797 2868 5853 {lollicrtini
2910 5795 3130 5864 primus,
3157 5800 3403 5863 quartus,
3455 5795 3696 5860 quintus,
3737 5799 3905 5839 sextus
