4084 6318
147 384 262 438 465

1304 382 1579 437 HOMILIA
1620 384 1681 437 IN
1722 384 2042 439 PSALMUM
2081 384 2212 443 LIX.

3258 389 3359 444 466

150 494 303 562 εἶπε,
339 499 430 552 καὶ
461 499 548 550 τὸν
581 496 774 549 Ἰούδαν
812 496 1196 566 προσελάϐετο·
1247 499 1340 549 καὶ
1399 498 1760 568 συνηρίθμησε
1795 497 1884 549 τὸν
1913 499 2100 552 Μωάϐ.
2137 501 2244 552 Καὶ
2272 499 2371 568 τῆς
2418 499 2711 570 Ἰδουμαίας
2737 501 3084 573 ἐπιϐήσεσθαι
3115 505 3359 561 ἀπειλεί⁶

152 589 256 643 καὶ
279 588 495 640 πάντων
538 585 670 656 ὁμοῦ
727 586 821 657 τὴν
852 587 1122 658 ὑποταγὴν
1146 587 1575 654 εὐαγγελίζεται·
1621 588 1769 655 Ἐμοὶ
1811 588 2147 656 ἀλλόφυλοι
2185 589 2586 659 ὑπετάγησαν.

229 680 285 732 3.
329 680 390 730 '0
431 677 572 742 Θεὸς
617 672 708 730 οὖν
743 676 958 730 ἀπώσω
990 674 1161 744 ἡμᾶς.
1182 676 1318 740 Τοὺς
1351 677 1716 748 μακρύνοντας

1889 678 1939 731 5.
1987 679 2123 731 Deus
2165 680 2322 748 igitur
2355 681 2586 748 repulisti
2629 699 2740 734 nos.
2780 681 2879 734 Eos
2911 681 3001 750 qui
3048 685 3363 754 semetipsos

154 771 389 834 ἑαυτοὺς
431 768 536 821 ἀπὸ
578 768 670 820 σοῦ
703 768 840 822 κατὰ
871 768 965 837 τὴν
993 767 1277 835 ἀναλογίαν
1320 769 1431 821 τῶν
1469 770 1712 838 ἁμαρτηο

158 860 356 932 μάτων
385 858 604 912 ἀπώσω.
647 857 727 911 Τὰ
765 859 1078 928 συστήματα
1123 859 1218 928 τῆς
1259 860 1516 930 πονηρίας
1562 860 1716 929 ἡμῶν

1817 781 1845 818 a
1899 776 1947 818 te
1990 768 2266 836 elongant,
2315 784 2411 836 prn
2458 770 2661 824 ratione
2727 771 3036 825 delictorum
3096 775 3356 842 repulisti.

1819 856 2130 912 Destrnxisti
2161 859 2454 928 iniquitatis
2476 869 2668 915 nostrae
2695 863 3019 930 congeriem,
3043 863 3112 918 ob
3139 865 3360 919 inﬁrmi-

156 949 429 1012 καθεῖλες,
463 947 778 1020 [εὐεργετῶν
810 949 953 1018 ἡμᾶς
989 946 1075 1001 διὰ
1104 949 1203 1016 τῆς
1229 947 1548 1020 ἀσθενείας.]
1602 951 1716 1021 Ὠρ-

1818 959 1977 1002 tatem
2033 951 2188 1004 nobis
2243 952 2604 1006 benefaciens.
2658 952 2829 1006 iratus
2875 969 2952 1016 es,
2997 970 3114 1008 cum
3173 969 3360 1011 natura

159 1040 374 1111 γίσθης,
403 1042 488 1093 ὅτε
517 1037 654 1111 ἦμεν
679 1039 833 1108 φύσει
859 1040 1021 1093 τέκνα
1048 1041 1234 1110 ὀργῆς,
1263 1040 1446 1093 ἐλπίδα
1479 1040 1550 1112 μὴ
1573 1041 1716 1112 ἔχον-

160 1148 276 1193 τες,
312 1130 404 1182 καὶ
438 1130 582 1183 ἄθεοι
610 1131 666 1180 ὲν
692 1129 770 1198 τῷ
797 1129 1000 1198 κόσμῳ.
1050 1128 1395 1199 ’ῼκτείρησας
1430 1133 1593 1201 ἡμᾶς,
1629 1135 1713 1186 ὅτε

158 1223 251 1274 τὸν
320 1223 591 1289 Μονογενῆ
652 1237 740 1272 σου
803 1220 1025 1291 προέθου
1081 1220 1382 1293 ἱλαστήριον
1426 1223 1563 1293 ὑπὲρ
1609 1225 1714 1276 τῶν

158 1313 442 1389 ἁμαρτιῶν
481 1311 655 1382 ήμῶν,
690 1313 775 1364 ἵνα
805 1313 859 1366 ὲν
883 1313 958 1382 τῷ
981 1314 1167 1381 αἵματι
1191 1313 1353 1366 αὐτοῦ
1385 1314 1478 1383 τὴν
1513 1303 1712 1367 ἆπολύ-

160 1422 361 1474 τρωσιν
403 1404 663 1474 εὕρωμεν.
697 1407 761 1456 "A
782 1405 879 1456 οὐκ
906 1405 966 1456 ἂν
1003 1405 1370 1473 ἐγνωρίσαμεν
1403 1405 1715 1476 εὐεργετού-

163 1515 333 1566 μενοι,
383 1497 429 1547 εί
480 1495 551 1565 μὴ
608 1495 858 1558 έπότισας
909 1497 1050 1564 ἡμᾶς
1100 1492 1266 1548 Οἶνον
1316 1498 1708 1562 κατανύξεως.

159 1581 314 1638 Οἶνον
334 1583 478 1652 λέγει
520 1585 607 1636 τὸν
633 1583 786 1652 λόγον
812 1585 897 1636 τὸν
925 1583 1018 1653 τὴν
1052 1585 1458 1654 πεπωρωμένην
1493 1585 1712 1654 καρδίαν

157 1675 238 1735 είς
308 1672 649 1743 συναίσθησιν
713 1672 928 1739 ἄγοντα.
1004 1671 1260 1736 Ἔδωκας
1324 1672 1445 1737 τοῖς
1501 1675 1711 1739 φοϐου-

153 1763 360 1833 μένοις
385 1781 456 1817 σε
484 1765 825 1834 σημείωσιν,
861 1763 963 1816 τοῦ
1003 1763 1213 1833 φυγεῖν
1245 1763 1360 1816 ἀπὸ
1394 1764 1711 1831 προσώπου

156 1855 356 1919 τόξου.
427 1856 662 1925 Μωῦσῆς
724 1856 819 1924 μὲν
883 1855 981 1918 τὰς
1050 1856 1207 1924 φλιὰς
1273 1855 1378 1909 τῶν
1454 1857 1713 1928 Ἰσραηλιο

157 1948 264 2000 τῶν
308 1949 416 2016 (55)
455 1948 530 2017 τῷ
579 1949 764 2017 αἵματι
819 1947 909 1999 τοῦ
957 1948 1223 2019 προϐάτου
1267 1953 1706 2019 κατεσημήνατο·

159 2041 224 2092 σὺ
275 2040 333 2092 δὲ
378 2041 580 2102 ἔδωκας
623 2041 749 2108 ἡμῖν
791 2040 1102 2110 σημείωσιν,
1153 2041 1282 2092 αὐτὸ
1332 2041 1389 2093 τδ
1443 2035 1578 2111 αἷμα
1616 2041 1708 2093 τοῦ

159 2130 390 2200 ἀμώμου
443 2129 611 2200 ἀμνοῦ
645 2129 736 2182 τοῦ
779 2131 1198 2199 σφαγιασθέντος
1222 2132 1358 2203 ὑπὲρ
1393 2134 1488 2203 τῆς
1538 2134 1713 2202 ἁμαρ-

156 2222 277 2284 τίας
320 2221 410 2274 τοῦ
471 2222 693 2292 κόσμου.
752 2223 861 2275 Καὶ
921 2220 1176 2292 Ἰεζεκιὴλ
1230 2224 1321 2275 ἐπὶ
1378 2223 1444 2274 τὰ
1490 2223 1712 2290 μέτωπα

157 2311 267 2363 τῶν
309 2310 605 2382 προσώπων
644 2310 877 2364 δίδοσθαι
914 2311 1057 2378 λέγει
1105 2311 1163 2362 τὸ
1197 2313 1431 2378 σημεῖον.
1469 2313 1712 2378 Πορεύε-

162 2408 272 2458 σθε
321 2402 446 2472 γὰρ,
503 2403 684 2472 φησὶν,
723 2405 910 2456 ὀπίσω
945 2400 1147 2459 αὐτοῦ.
1195 2400 1293 2452 καὶ
1325 2403 1595 2455 κόπτετε·
1627 2403 1710 2472 μὴ

161 2492 453 2561 φείσησθε
482 2493 591 2564 (54)
613 2512 624 2523 ·
657 2492 808 2562 μηδὲ
829 2490 1131 2558 ἐλεήσητε.
1161 2493 1585 2561 Πρεσϐύτερον,
1617 2496 1714 2549 καὶ

159 2584 498 2647 νεανίσκον,
533 2584 628 2635 καὶ
649 2581 885 2647 νήπιον,
912 2581 1010 2634 καὶ
1048 2580 1360 2650 παρθένον,
1391 2585 1485 2636 καὶ
1518 2583 1715 2653 γυναῖ-

162 2691 274 2738 κας
313 2672 690 2726 ἀποκτείνατε
730 2675 814 2738 εις
853 2672 1194 2742 ἐξάλειψιν·
1241 2664 1335 2727 ἐπὶ
1368 2674 1436 2726 δὲ
1467 2675 1710 2741 πάντας,

161 2764 256 2833 ἐφ’
302 2764 403 2830 οὓς
444 2764 575 2818 ἐστι
617 2764 680 2817 τὸ
724 2765 990 2834 σημεῖον,
1031 2765 1115 2834 μὴ
1148 2767 1437 2836 ὲγτίσητε.
1481 2767 1532 2818 Ὁ
1574 2768 1714 2830 Θεὸς

160 2854 464 2922 ἐλάλησεν
501 2855 570 2908 ἐν
605 2853 684 2920 τῷ
712 2856 854 2924 ἁγιῳ
879 2855 1081 2922 αὑτοῦ,
1111 2857 1572 2926 Ἁγηαλλιάσομαι,
1616 2856 1711 2908 καὶ

163 2945 436 3014 διαμεριῶ
461 2947 667 3014 Σίκιμα
700 2945 829 3016 (55).
876 2945 1071 3016 Σίκιμα
1115 2945 1173 2997 τὸ
1205 2945 1475 3014 ἐξαίρετον
1496 2947 1711 3016 χωρίον,

163 3037 245 3106 τῷ
285 3037 477 3108 Ἰωσὴφ
511 3038 660 3109 παρὰ
698 3037 790 3090 τοῦ
850 3036 1039 3090 Ἰακὼϐ
1082 3035 1380 3106 δεδομένον,
1422 3037 1588 3103 τύπος
1616 3041 1716 3111 τῆς

164 3128 428 3199 διαθήκης
462 3129 560 3199 τῆς
593 3129 735 3198 μόνῳ
759 3127 1013 3196 δοκούσης
1033 3125 1137 3196 tt?"
1153 3129 1350 3200 Ισραὴλ
1369 3130 1711 3202 δεδωρῆσθαι.

167 3218 280 3290 Τὴν
311 3219 483 3271 τοίνυν
521 3219 787 3287 ἐξαίρετον
818 3215 1077 3289 διαθήκην
1107 3221 1199 3272 καὶ
1230 3221 1585 3292 κληρονομίαν
1622 3223 1713 3275 τοῦ

1815 1057 2055 1098 essemus
2084 1045 2174 1097 ira:
2199 1042 2290 1096 lilii
2321 1045 2382 1110 ¹⁰,
2418 1058 2564 1113 spem
2596 1060 2696 1098 non
2726 1045 3000 1110 habentes,
3025 1057 3076 1100 et
3105 1063 3170 1102 ne
3199 1050 3358 1103 Deum

1816 1134 2031 1203 quidem
2061 1135 2112 1187 in
2142 1135 2338 1188 mundo
2365 1144 2711 1203 agnoscentes
2743 1133 2806 1188 “.
2838 1133 3081 1189 Misertus
3109 1151 3166 1190 es
3197 1139 3359 1191 nostri

1816 1235 1946 1288 tum,
1981 1241 2100 1279 eum
2149 1224 2483 1294 Unigenitum
2536 1236 2681 1278 tuum
2735 1239 2830 1293 pro
2881 1225 3074 1279 nostris
3130 1229 3362 1294 peccatis

1815 1317 2246 1383 propitiationem
2277 1315 2622 1384 proposuisti,
2647 1324 2705 1368 ut
2747 1317 2798 1368 in
2839 1314 2952 1383 ejus
2991 1317 3246 1385 sanguine
3275 1318 3361 1370 in-

1814 1408 2117 1460 veniremus
2148 1407 2586 1475 redemptionem.
2618 1407 2746 1471 Qtue
2773 1408 2954 1474 utique
2985 1423 3089 1459 non
3118 1409 3359 1475 agnovis-

1810 1507 1990 1548 semus
2047 1494 2302 1547 beneﬁcio
2361 1506 2449 1547 tuo
2503 1496 2657 1548 nobis
2718 1495 3035 1563 contigisse,
3105 1497 3204 1548 nisi
3265 1512 3360 1550 nos

1816 1584 1999 1655 (Vatis.
2035 1585 2088 1655 5)
2135 1583 2265 1637 Vino
2297 1585 2698 1654 compunctiouis
2741 1594 2997 1653 potasses.
3045 1585 3234 1640 Vinum
3266 1604 3363 1640 an-

1815 1688 1919 1732 tem
1979 1677 2207 1747 appellat
2267 1693 2587 1738 sermonem,
2628 1691 2732 1746 quo
2784 1677 3098 1729 obduratum
3155 1692 3248 1730 eor
3297 1682 3361 1732 ad

1812 1785 2028 1824 sensum
2063 1768 2363 1822 deducitur.
2400 1769 2560 1821 Vsus.
2599 1770 2650 1822 6.
2697 1768 2893 1822 Dedisti
2932 1768 3269 1821 metuentibus
3312 1779 3361 1822 te

1812 1863 2264 1932 signiﬁcationem,
2285 1870 2337 1911 ut
2357 1859 2559 1929 fugiunt
2589 1877 2618 1912 α
2647 1860 2780 1925 facie
2810 1877 2983 1915 arcus.
3017 1859 3222 1929 Moyses
3247 1861 3359 1929 qui-

1814 1955 1930 2008 dem
1978 1953 2329 2006 Israelitarum
2376 1961 2555 2020 postes
2603 1952 2762 2004 ovillo
2805 1954 3062 2019 sanguine
3109 1953 3362 2021 obsigna-

1815 2048 1890 2100 vit
1917 2048 1993 2112 ¹²;
2043 2056 2095 2099 ιιι
2133 2059 2258 2098 νει-ο
2308 2042 2458 2096 nobis
2511 2042 2699 2094 dedisti
2735 2041 3200 2111 signiﬁcationem,
3240 2059 3365 2095 san~

1811 2137 2023 2205 guinem
2075 2135 2247 2201 ipsum
2294 2129 2692 2184 incontaminati
2741 2131 2880 2198 agni,
2914 2130 3001 2198 qui
3049 2144 3144 2197 pro
3180 2128 3359 2181 mutuli

1810 2235 2029 2294 peccato
2064 2223 2366 2276 immolatus
2395 2230 2495 2274 est.
2527 2219 2590 2272 Et
2624 2219 2868 2275 Ezechiel
2925 2220 2975 2272 in
3028 2218 3233 2273 frontes
3279 2218 3361 2271 fa-

1811 2315 2010 2368 cierum
2036 2313 2242 2381 signum
2265 2313 2444 2364 datum
2484 2326 2603 2366 esse
2636 2311 2826 2365 dicit”
2859 2329 2870 2364 :
2902 2311 3175 2365 Ambulale
3201 2318 3356 2380 enim,

1813 2407 2004 2476 inquit,
2039 2418 2153 2474 post
2198 2405 2384 2472 ipsum,
2410 2415 2455 2457 et
2489 2405 2753 2470 percutite,
2796 2420 2857 2455 ne
2893 2403 3237 2470 peperceritis,
3276 2421 3361 2457 ne-

1811 2513 1909 2568 que
1940 2496 2306 2549 misereamini.
2338 2493 2619 2558 Seniorem,
2647 2504 2692 2548 et
2713 2492 2973 2561 juvenem,
3003 2506 3047 2546 et
3082 2493 3360 2561 infantem,

1812 2601 1858 2643 et
1880 2589 2150 2657 uirginem,
2177 2598 2222 2640 et
2248 2587 2486 2639 mulieres
2511 2585 2786 2651 interficite
2822 2586 2889 2637 ad
2922 2587 3320 2638 internecionem
3341 2599 3361 2638 :

1814 2683 1879 2734 ad
1910 2695 2082 2734 omnes
2115 2693 2248 2737 vero,
2281 2677 2334 2728 in
2371 2677 2556 2745 quibus
2603 2685 2676 2728 est
2724 2676 2944 2743 signum,
2975 2691 3035 2728 ne
3079 2677 3364 2743 appropin-

1811 2773 1995 2840 quetis.
2032 2767 2190 2823 Vsus.
2221 2766 2275 2821 8.
2310 2766 2446 2821 Deus
2480 2766 2680 2820 locutus
2707 2776 2778 2819 est
2812 2765 2862 2819 in
2895 2775 3071 2818 sancto
3102 2783 3213 2828 suo,
3249 2765 3364 2819 Lc-

1813 2863 1981 2926 tabor,
2021 2870 2070 2913 et
2100 2859 2333 2929 partibor
2367 2857 2641 2912 Sicimam.
2690 2856 2887 2910 Sit-ima
2920 2856 3188 2924 peculiare
3227 2871 3362 2925 pra:-

1815 2953 1981 3017 dium,
2007 2951 2240 3020 Josepbo
2261 2965 2288 3003 a
2313 2948 2508 3003 Jacobn
2531 2949 2709 3002 datum
2736 2948 2799 3014 “',
2828 2950 2993 3015 figura
3021 2963 3083 3001 ac
3107 2958 3261 3017 typus
3283 2958 3364 3002 est

1817 3042 2147 3106 testamenti,
2179 3041 2318 3108 quod
2349 3039 2528 3093 lsraeli
2569 3038 2664 3093 soli
2697 3038 2950 3092 traditum
2980 3052 3098 3092 esse
3134 3038 3360 3093 videtur.

1814 3136 1994 3203 Itaque
2029 3131 2294 3203 peculiare
2327 3129 2449 3183 illud
2487 3139 2860 3183 testamentum
2892 3128 3364 3196 haereditatemque

1816 3225 1994 3297 populi
2054 3226 2312 3279 adducam
2371 3223 2421 3274 in
2476 3221 2826 3285 divisionem,
2877 3234 2938 3273 ac
2988 3235 3108 3273 cum
3155 3219 3366 3273 caeteris

167 3309 298 3362 λαοῦ
342 3309 537 3378 ταύτην
580 3312 659 3372 εἰς
704 3310 964 3380 μερισμὸν
998 3309 1128 3374 ἄξω,
1173 3313 1266 3364 καὶ
1295 3313 1476 3381 κοινὴν
1511 3316 1716 3386 ποιήσω

1819 3319 2245 3377 communicabo.
2282 3315 2571 3383 Postquam
2622 3327 2748 3382 ergo
2803 3320 3174 3368 testamentum
3228 3311 3366 3365 inter

169 3402 306 3474 πρὸς
334 3404 456 3466 τοὺς
473 3403 708 3467 λοιπούς.
737 3403 1178 3474 Διαμερισθείσης
1214 3399 1304 3455 οὖν
1332 3405 1430 3474 τῆς
1460 3407 1720 3477 διαθήκης

172 3497 255 3558 είς
285 3495 504 3559 πάντας.
533 3497 626 3550 καὶ
653 3496 745 3549 τοῦ
784 3496 874 3548 ἀπ’
905 3495 1072 3562 αὐτῆς
1109 3495 1381 3565 ὠφελίμου
1410 3498 1587 3550 κοινοῦ
1619 3501 1719 3553 πᾶ-

171 3604 226 3640 σι
263 3591 372 3651 τοῖς
406 3587 868 3658 εὐεργετουμένοις
910 3586 1057 3657 παρὰ
1089 3586 1222 3639 Θεοῦ
1266 3590 1565 3660 γινομένου,
1600 3593 1718 3646 τότε

171 3681 267 3733 καὶ
299 3681 331 3750 ἡ
367 3677 546 3742 κοιλὰς
597 3680 701 3731 τῶν
750 3677 958 3749 σκηνῶν
1003 3677 1484 3751 διαμετρηθήσεται
1507 3699 1522 3714 ·
1565 3701 1719 3737 τουτ-

172 3769 354 3834 έστιν,
389 3770 728 3842 ήοίκουμένη
781 3774 959 3834 πᾶσα,
994 3771 1155 3824 οἱονεὶ
1193 3772 1411 3843 κλήροις
1442 3775 1569 3838 τισὶ,
1604 3780 1721 3839 ταῖς

170 3861 293 3914 καθ’
334 3861 553 3915 ἕκαστον
581 3864 741 3915 τόπον
786 3863 1092 3934 παροικίαις
1119 3865 1535 3934 διαιρεθήσεται.
1589 3871 1719 3922 Τότε

170 3953 266 4004 καὶ
297 3952 364 4004 τὰ
393 3953 648 4005 διεστῶτα
695 3953 946 4022 συνάψει,
978 3955 1036 4006 '0
1070 3955 1452 4022 εἰρηνοποιῶν
1488 3960 1606 4011 εἴτε
1651 3962 1722 4014 τὰ

168 4043 270 4096 ἐπὶ
315 4041 424 4109 τῆς
471 4041 598 4113 τῆς,
630 4043 747 4098 εἶτε
795 4045 866 4101 τὰ
905 4047 972 4098 ἐν
1020 4046 1142 4112 τοῖς
1170 4046 1471 4115 οὐρανοῖς·
1514 4051 1621 4102 Καὶ
1653 4051 1719 4103 τὸ

169 4136 522 4205 μεσότοιχον
555 4135 658 4190 τοῦ
698 4137 963 4207 φραγμοῦ
1009 4138 1118 4210 (56)
1176 4139 1390 4205 λύσας,
1439 4140 1511 4194 τὰ
1538 4143 1721 4211 ἀμφό-

172 4243 312 4296 τερα
333 4226 563 4293 ποιήσει
589 4228 674 4283 ἓν.

243 4317 298 4370 4.
348 4318 518 4386 Ἔμός
561 4319 690 4373 ἐστι
720 4322 993 4385 Γαλαὰδ,
1025 4322 1121 4376 καί
1159 4324 1299 4393 ἐμός
1325 4325 1450 4379 ἐστι
1482 4331 1721 4382 Μανασ-

171 4407 312 4476 σῆς.
348 4411 604 4478 Ἐγγονος
655 4412 748 4464 τοῦ
799 4416 1058 4485 Μανασσῆ
1109 4417 1136 4467 ὁ
1176 4416 1407 4470 Γαλαὰδ·
1451 4419 1537 4472 ἵνα
1577 4420 1720 4492 δείξῃ

170 4497 272 4567 τὴν
302 4499 406 4551 τῶν
435 4502 783 4572 πατριαρχῶν
823 4504 1137 4558 ἀκολουθίαν
1179 4509 1326 4578 παρὰ
1371 4509 1502 4561 Θεοῦ
1553 4511 1721 4580 καθή-

173 4604 393 4653 κουσαν,
417 4591 474 4655 ἐξ
500 4589 572 4644 ὧν
594 4595 622 4645 ὁ
641 4595 869 4665 Χριστὸς
888 4597 946 4648 τὸ
971 4596 1107 4649 κατὰ
1130 4597 1322 4667 σάρκα.
1345 4600 1449 4651 Καὶ
1480 4601 1723 4670 Ἔφριιῒμ

1816 3429 2004 3470 omnes
2061 3411 2400 3466 distributmn
2463 3407 2641 3474 fuerit,
2681 3416 2735 3460 et
2792 3405 2936 3459 illius
2987 3406 3190 3458 utilitas
3244 3419 3362 3458 om-

1817 3506 1970 3559 nibus
2019 3501 2280 3557 beneﬁcio
2328 3517 2356 3553 a
2408 3501 2514 3553 Deo
2562 3497 2766 3552 aﬁ‘ectis
2813 3495 2950 3549 facta
3011 3495 3170 3548 fuerit
3216 3509 3365 3548 com-

1819 3599 2018 3657 munis.
2050 3605 2174 3650 tune
2197 3596 2356 3649 etiam
2385 3590 2641 3645 convallis
2683 3587 3142 3643 tabernaculorum
3181 3587 3364 3641 metie-

1822 3700 1907 3745 lur
1946 3703 1961 3743 :
1988 3689 2091 3743 hoc
2118 3695 2221 3749 est,
2255 3694 2399 3738 totus
2426 3693 2689 3735 terrarum
2721 3681 2869 3736 orbis
2914 3678 3236 3732 habitaculis
3269 3693 3367 3746 per

1819 3780 2026 3851 singula
2065 3778 2177 3831 loca
2213 3776 2364 3846 quasi
2404 3774 2720 3842 quibusdam
2779 3771 3017 3824 sortibus
3068 3769 3360 3822 dividetur.

1820 3875 1968 3929 Tune
2019 3872 2228 3926 demum
2260 3865 2510 3922 distantia
2537 3864 2823 3933 conjunget
2854 3864 2899 3916 is
2921 3904 2935 3928 ,
2973 3862 3076 3927 Qui
3120 3861 3363 3927 paci/ient

1803 3968 1923 4021 ~sive
1959 3980 2074 4034 qua:
2097 3965 2149 4014 in
2176 3960 2347 4025 terris,
2378 3959 2481 4011 sive
2505 3974 2619 4028 qua:
2649 3958 2698 4008 in
2735 3955 2874 4008 caelis
2903 3964 3018 4007 sunt
3045 3954 3086 3985 ¹⁸
3119 3972 3130 4005 :
3161 3951 3228 4004 Et
3259 3968 3365 4004 me-

1819 4057 1962 4108 dium
2010 4056 2255 4123 parietem
2314 4052 2555 4105 maceria
2597 4051 2816 4111 solvens,
2849 4057 3069 4115 utraque
3094 4061 3250 4098 unum
3284 4043 3365 4111 fn-

1817 4150 1915 4202 ciet
1953 4148 2015 4203 ¹⁸.

1891 4330 1945 4385 4.
1981 4327 2125 4381 Meus
2167 4335 2238 4379 est
2288 4323 2515 4386 Gulaarl,
2545 4331 2592 4374 et
2628 4337 2771 4374 meus
2820 4328 2892 4371 est
2942 4317 3231 4370 Manasses.
3262 4313 3367 4367 Ga-

1821 4422 1937 4475 laad
1971 4419 2126 4489 192
2163 4418 2420 4470 Manassm
2442 4428 2520 4470 est
2552 4412 2795 4475 soboles;
2834 4420 2890 4462 ut
2937 4408 3365 4477 patriarcharum

1823 4515 2020 4568 seriem
2056 4511 2304 4564 ostendat
2335 4523 2398 4561 ex
2445 4507 2554 4559 Deo
2588 4504 3023 4565 descendentem,
3057 4516 3121 4554 ex
3176 4499 3368 4568 quibus

1824 4603 2069 4657 Christus
2106 4611 2188 4652 est
2216 4596 2505 4650 secundum
2530 4609 2769 4647 carnem.
2811 4592 2874 4645 Et
2907 4592 3155 4661 Epitraim
3196 4602 3368 4640 susce-

171 4681 490 4751 ἁντίληψις
528 4683 633 4752 τῆς
671 4688 937 4757 κεφαλῆς
981 4708 1125 4758 μου·
1179 4690 1406 4757 Ἰούδας
1429 4694 1716 4761 ,βασιλεύς

1826 4696 1932 4762 ptio
1963 4691 2145 4760 capitis
2178 4689 2276 4742 mei
2304 4705 2321 4751 ;
2369 4685 2509 4739 Judu
2547 4703 2634 4739 rex
2662 4702 2821 4738 utens.
2877 4684 3155 4736 Abscissas
3188 4690 3369 4747 partes

168 4793 308 4844 μου.
341 4776 419 4830 Τὰ
450 4776 824 4848 ἀπορραγέντα
857 4783 994 4852 μέρη
1041 4781 1295 4836 συνάπτει
1337 4783 1421 4836 διὰ
1460 4785 1557 4855 τῆς
1597 4787 1725 4857 ὁμο-

1829 4785 2100 4842 connectit
2137 4798 2230 4852 per
2261 4782 2618 4837 concordiam.
2651 4779 2806 4833 Vens.
2842 4776 2926 4828 10.
2974 4773 3128 4827 Μοιιὸ
3167 4775 3272 4842 spei
3297 4772 3371 4824 le-

248 4913 679 4991 ‘ﬁEphesangi.
757 4917 797 4946 ιι
831 4921 957 4973 ibid.
992 4921 1074 4974 ta.
1154 4923 1193 4954 η
1226 4923 1387 4977 Exod.
1422 4939 1519 4988 xu,
1550 4925 1601 4980 7.
1680 4927 1724 4958 ι·
1757 4928 2053 4991 Εῑεειι.ιιι,
2082 4925 2133 4989 5,
2166 4922 2217 4974 6.
2297 4913 2834 4979 “Geu.x1.vut,*22.
2913 4911 3364 4974 “Coloss.t,20.

177 4983 222 5013 "
257 4983 448 5053 Ephes.
493 5000 550 5050 ιι,
583 4986 668 5040 M.

176 5106 233 5151 et
277 5097 531 5177 septimus
584 5115 703 5153 cum
739 5099 880 5177 ξος..
925 5101 1094 5177 tertio
1115 5101 1211 5177 τῆς
1242 5102 1320 5164 εἰς
1355 5104 1585 5173 Χριστὸν
1612 5108 1734 5177 xli,-

179 5184 346 5246 σεως,
383 5169 521 5221 haud
550 5181 710 5226 recte.
743 5168 883 5224 Editi
909 5184 1026 5222 cum
1060 5170 1240 5242 Regiis
1263 5168 1453 5240 quarto
1481 5187 1532 5229 et
1562 5168 1730 5244 sexui,

181 5249 241 5291 ut
267 5253 318 5287 ιιι
354 5248 520 5291 textu.

255 5303 364 5388 (55)
396 5306 544 5388 Colb.
579 5319 800 5388 quartus
825 5309 980 5388 φλιὰς
1005 5310 1109 5362 τῶν
1145 5310 1730 5388 λισραηλιτῶνλθυρῶν,

183 5387 349 5457 postes
403 5386 670 5457 portarum
719 5378 1103 5457 Israeliturum.
1144 5378 1246 5435 Sed
1297 5378 1446 5437 abest
1499 5378 1729 5457 θυρῶνα

184 5446 364 5501 multis
403 5447 522 5502 aliis
551 5463 680 5501 mss.
713 5459 765 5503 et
797 5451 864 5502 ab
886 5451 1061 5504 editis.

259 5514 370 5637 ἒῦί)
405 5515 533 5582 Heg.
565 5529 785 5585 quartus
813 5531 865 5572 et
891 5520 1040 5574 Colb.
1081 5530 1264 5575 sextus
1295 5539 1447 5590 atque
1478 5540 1542 5578 ac
1585 5524 1725 5581 LXX

277 5584 450 5637 δεσθε.
479 5585 612 5637 Etlili
634 5603 749 5637 cum
783 5590 1022 5637 nlurimis
1047 5605 1172 5637 mss-
1205 5593 1459 5637 osia'mrnp

182 5584 454 5663 φείδεσθεἶ
479 5584 749 5663 Editicum
783 5590 1022 5663 plurimis
1047 5605 1172 5643 mss.
1205 5584 1480 5663 φείσησθε.

258 5655 366 5724 (55)
401 5655 490 5728 Sic
513 5654 795 5728 Golibertini
826 5659 1045 5728 primus,
1075 5654 1296 5726 quartus
1320 5654 1370 5714 et
1405 5675 1585 5718 sextus
1606 5681 1726 5719 cum

187 5724 535 5800 Beg.__ter_l_io.
577 5727 682 5782 Vox
733 5724 927 5798 Σίκιμα
957 5724 1117 5782 semel
1151 5731 1407 5785 duntaxat
1466 5736 1729 5800 reperitur

193 5797 248 5850 in
281 5795 546 5866 aliquibus
601 5812 726 5852 mss.
760 5806 809 5852 et
846 5795 895 5853 in
955 5801 1128 5854 editis.
1175 5801 1322 5864 lilud,
1368 5803 1426 5853 τὸ
1453 5795 1726 5875 ἐξαίρετον

1831 5107 2045 5176 χωρίον,
2077 5105 2152 5158 sic
2181 5114 2416 5158 verterat
2449 5105 2737 5176 interpres,
2765 5098 3365 5176 pra’cipurtmphrwdium:

1829 5167 1944 5238 sed,
1985 5192 2100 5229 meo
2126 5178 2337 5241 quidem
2367 5167 2803 5243 judicio,‘melius
2837 5169 3067 5243 reddidit
3102 5167 3367 5243 Combe-ti-

1827 5247 1962 5310 sius,
1996 5238 2256 5309 peculiare
2298 5238 2573 5309 priudium.
2627 5239 2856 5295 Jacohus
2905 5238 3046 5310 enim
3090 5252 3273 5310 agrum
3309 5240 3369 5289 il-

1827 5307 1957 5370 luni
1989 5307 2219 5384 Josepbo
2249 5307 2397 5368 citra
2449 5322 2646 5366 sortem
2685 5310 2964 5365 tradidisse
3000 5309 3190 5360 dicitur
3232 5307 3365 5360 Gen.

1828 5403 2009 5447 λωνιιι,
2042 5385 2128 5437 2‘2.

1899 5457 2011 5526 (56)
2051 5455 2122 5507 Ita
2179 5451 2535 5526 reditiofBasil:
2581 5461 2632 5526 et
2666 5466 2793 5526 mss.
2832 5464 2934 5502 non
2977 5447 3150 5515 pauci.
3211 5447 3370 5526 Abest

1833 5518 2090 5579 articulus
2126 5525 2210 5594 ab
2242 5524 2472 5594 editione
2507 5522 2689 5594 Paris._
2714 5520 3006 5594 Aliquanto
3044 5526 3159 5584 post
3209 5518 3375 5594 editio

1833 5596 1995 5650 Basil.
2033 5603 2083 5648 et
2108 5593 2211 5648 duo
2249 5608 2375 5647 mss.
2406 5593 2644 5660 ἔγγονος.
2676 5591 2729 5643 In
2764 5590 2848 5642 illo
2870 5589 3158 5660 qnodmox
3194 5589 3370 5650 sequi-

1837 5676 1942 5731 tur,
1970 5666 2052 5717 ἵνα
2075 5664 2244 5735 δείξῃ,
2275 5658 2505 5735 ellipsin),
2520 5665 2696 5735 inesse
2723 5661 2922 5719 vident,
2941 5658 3367 5735 opinor,omm's.

1838 5725 1946 5789 lloe
1983 5748 2064 5788 est
2100 5753 2111 5787 :
2151 5725 2275 5786 Ηῖιτ
2330 5725 2442 5785 ideo
2475 5733 2632 5792 dicit,
2681 5740 2732 5781 ut
2784 5731 3013 5782 ostendat
3049 5725 3364 5794 patriai'cltw

1838 5823 1948 5860 rum
1978 5805 2345 5859 successionem
2376 5819 2439 5859 ea:
2477 5802 2579 5855 Deo
2603 5801 2848 5854 (lc’scctztl-J
