4058 6320
673 303 771 357 ΜΠ

1998 305 2054 360 S.
2095 305 2175 359 BA
2185 305 2328 360 SILII
2367 305 2576 359 MAGNI

3780 307 3883 360 468

676 417 780 467 bes.
810 415 934 478 Aut,
971 414 1129 472 Lebes
1161 415 1383 480 lavacri,
1415 417 1494 470 ait
1517 417 1652 472 alius
1681 419 1893 487 quidam
1924 420 2214 487 interpres:

2339 418 2486 481 νοίας.
2549 419 2599 470 '0
2626 417 2799 471 Μωὰό
2818 416 2926 484 τῆς
2974 416 3217 482 ἐλπίδος
3275 415 3473 484 λέϐης.
3520 419 3615 477 ἺΙ,
3664 418 3880 482 Λέεης,

676 513 791 565 aut,
824 502 984 557 Lebes
1030 505 1367 566 securitatis;
1426 503 1530 558 hoc
1577 514 1680 570 est,
1731 507 1851 560 vilis
1883 516 1938 560 et
1987 507 2222 574 abjectus

679 595 858 659 homo,
881 594 964 647 cui
997 611 1118 650 cum
1153 595 1316 649 minis
1343 596 1685 650 interdictum
1720 608 1821 663 est,
1850 613 1915 652 ne
1943 599 1994 650 in
2018 598 2220 651 Domini

679 686 970 740 Ecclesium
1013 687 1364 753 ingrediatur.
1400 687 1513 740 Non
1550 689 1692 742 enim
1719 689 1938 742 intrabit
1972 688 2224 743 Moabitcs

676 785 732 831 et
768 777 1108 831 Ammonites
1138 792 1307 846 usque
1336 779 1398 830 ad
1427 778 1665 841 tertiam,
1709 789 1762 832 ct
1791 794 1960 847 usque
1990 781 2056 833 ad
2085 781 2226 832 deci-

681 881 822 918 mam
849 867 1272 934 generationem,
1300 879 1352 921 et
1401 881 1568 935 usque
1613 869 1677 920 ad
1710 878 1968 921 :eternum
1999 880 2223 937 tempus.

682 957 945 1023 Quoniam
979 968 1156 1011 tamen
1200 959 1462 1026 baptisma
1499 959 1868 1012 remissionem
1912 959 2073 1013 habet
2105 976 2229 1029 pec-

679 1056 943 1111 catorum,
974 1061 1037 1100 ac
1054 1048 1386 1102 debitoribus
1419 1047 1574 1102 aﬂ‘ert
1596 1049 1968 1113 securitatem;
2005 1049 2226 1114 idcirco,

679 1137 873 1191 [actam
908 1152 1000 1206 per
1023 1138 1346 1204 baptismum
1379 1141 1793 1207 redemptionem
1819 1150 1870 1193 et
1896 1139 2228 1202 conjunctio-

681 1244 804 1282 nem
853 1245 973 1283 cum
1030 1231 1137 1283 Deo
1195 1232 1504 1294 ostendens,
1543 1231 1719 1296 Moab,
1751 1232 1941 1300 inquit,
1969 1231 2104 1286 lebes
2151 1247 2226 1286 est

682 1321 878 1373 lavacri
897 1361 912 1384 ,
932 1332 1023 1373 aut
1053 1319 1211 1374 Lebes
1241 1323 1556 1374 securitatis.
1584 1321 1773 1376 Omnes
1793 1323 1951 1390 igitur
1981 1325 2227 1394 alienige-

685 1426 766 1464 πίε
812 1411 1004 1464 subditi
1034 1422 1172 1477 sunt,
1199 1424 1379 1481 utpote
1411 1414 1574 1480 quise
1597 1413 1794 1467 Christi
1817 1415 1942 1485 jugo
1965 1417 2228 1471 submise-

684 1501 822 1555 t-int:
856 1518 1018 1570 quare
1045 1504 1093 1556 in
1126 1503 1408 1557 ldummam
1436 1519 1587 1558 suum
1621 1508 1871 1561 extendet
1899 1507 2231 1561 Calceamen-

687 1603 818 1646 tum.
875 1593 1179 1649 Divinitatis
1231 1606 1408 1648 autem
1474 1596 1901 1650 calceamentum
1967 1613 2093 1651 caro
2151 1607 2231 1652 cst

689 1685 777 1737 Dei
835 1686 1132 1753 gestatrix,
1202 1702 1296 1754 per
1351 1702 1507 1755 quam
1549 1689 1614 1742 ad
1672 1690 1916 1742 homines
1983 1691 2226 1744 accessit.

2323 511 2453 582 φησί
2472 549 2485 570 ,
2517 509 2768 576 λουτροῦ
2798 509 2928 577 (57),
2957 508 3113 569 ἄλλος
3155 524 3236 570 τις
3266 507 3368 560 τῶν
3391 509 3881 578 ἑρμηνευσάντων·

2321 601 2376 668 ἢ,
2415 599 2603 666 Λέϐης
2626 599 2999 666 ἀμεριμνίας-ο
3038 598 3329 658 τουτέστιν,
3368 598 3396 648 ὁ
3425 598 3738 667 ἀπόϐλητος
3797 600 3884 651 άν-

2324 691 2557 760 Ορωπος.
2587 691 2615 742 ὁ
2649 689 2872 757 ἀπειλὴν
2913 689 3047 759 ἔχων
3085 689 3157 759 μὴ
3204 688 3597 740 εἰσελεύσεσθαι
3629 692 3713 751 εἰς
3759 690 3878 740 Ἐκ-

2324 781 2547 849 κλησίαν
2568 780 2789 849 Κυρίου.
2819 779 2930 831 Οὐκ
2953 779 3306 831 εἰσελεύσεται
3331 778 3434 849 γὰρ
3462 780 3765 847 Monam;
3794 783 3882 830 καὶ

2339 872 2672 941 Ἀμμανίτης
2704 872 2805 935 ἕως
2830 871 3013 940 τρίτης
3045 871 3136 923 καὶ
3163 870 3266 932 ἕως
3294 869 3520 940 δεκάτης
3537 872 3762 935 γενεᾶς,
3794 875 3882 923 καὶ

2329 964 2406 1026 εἰς
2435 962 2523 1016 τὸν
2571 963 2738 1015 αἰῶνα
2795 963 3004 1031 χρόνον.
3048 963 3230 1032 Ὅμως
3281 962 3460 1032 ἐπειδὴ
3498 963 3556 1014 τὸ
3594 961 3879 1030 βάπτισμα

2330 1055 2518 1121 ἄφεσιν
2553 1053 2662 1123 ἔχει
2691 1054 3114 1124 ἁμαρτημάτων,
3153 1053 3244 1104 καὶ
3266 1052 3590 1122 ἀμεριμνίας
3622 1053 3882 1120 πρόξενον

2330 1146 2533 1214 γίνεται
2570 1150 2676 1209 τοῖς
2713 1147 3059 1216 καταχρέοις,
3092 1145 3188 1216 τὴν
3229 1146 3315 1200 διὰ,
3357 1146 3449 1198 τοῦ
3506 1145 3879 1214 ﬂaminia-to;

2330 1236 2695 1308 ἀπολύτρωσιν
2727 1237 2818 1289 καὶ
2847 1237 2980 1307 πρὸς
3007 1235 3134 1288 Θεὸν
3164 1238 3426 1289 οἰκείωσιν
3448 1237 3877 1305 ἐνδεικνύμενος,

2331 1329 2524 1390 Μωὰϐ,
2552 1330 2703 1397 φησι,
2737 1330 2915 1396 λέϐης
2942 1329 3070 1381 ἐστὶ
3091 1330 3362 1395 λουτροῦ,
3387 1330 3441 1399 ἢ,
3466 1330 3658 1395 Λέῖης
3683 1331 3878 1397 ἀμερι-

2325 1421 2520 1489 μνίας.
2552 1418 2769 1484 Πάντες
2796 1417 2884 1472 οὖν
2908 1420 3239 1488 ἀλλόφυλοι
3268 1420 3655 1488 ὑπετάγησαν
3788 1421 3877 1483 ζυ-

2329 1511 2410 1581 γῷ
2456 1510 2547 1562 τοῦ
2604 1511 2833 1580 Χριστοῦ
2878 1512 3275 1581 ύποκύψαντες·
3327 1513 3412 1565 διὰ
3461 1513 3621 1565 τοῦτο
3651 1514 3745 1563 ἐπὶ
3786 1513 3879 1581 τὴν

2343 1599 2640 1670 Ἰδουμαίαν
2681 1599 2922 1651 ἐπιϐαλεί
2957 1601 3015 1652 τὸ
3047 1600 3235 1653 ἑαυτοῦ
3282 1601 3548 1668 ὑπόδημα.
3597 1599 3878 1668 Ὑπόδημα

2332 1693 2386 1745 δὲ
2410 1692 2506 1761 τῆς
2531 1691 2828 1762 Οεότητοςή
2857 1691 2989 1761 σάρξ
3149 1697 3181 1763 ἡ
3214 1693 3486 1762 Θεοφορος,
3517 1691 3583 1744 δι’
3609 1690 3678 1762 ἦς
3709 1693 3880 1761 ἐπέϐη

683 1777 763 1831 Ob
815 1778 956 1833 hanc
1011 1795 1157 1846 spem
1201 1780 1461 1849 Propheta
1510 1783 1722 1835 beatum
1772 1781 2067 1849 pnedicans
2101 1792 2233 1835 tem-

2339 1784 2441 1843 τοῖς
2467 1757 2793 1850 ανθρώτιοις.
2814 1757 2938 1832 Ἐπὶ.⁷
2960 1757 3126 1854 ταύτῇ
3238 1757 3409 1835 ὲλττίέι
3446 1757 3767 1851 μακαρίζων

685 1883 784 1934 pus
839 1871 1094 1925 adventus
1149 1872 1400 1939 Domini,
1460 1872 1535 1924 ait
1572 1870 1775 1940 (Vsus.
1817 1871 1902 1939 Η)
1935 1891 1948 1926 :
1988 1873 2117 1936 Quis
2145 1874 2235 1925 de-

683 1961 833 2014 ducet
860 1977 939 2013 me
970 1964 1023 2013 in
1054 1963 1312 2015 civitatem
1349 1964 1657 2015 munitionis
1685 1964 1708 2016 ἱ)
1740 1962 2011 2016 Fortassis
2051 1962 2235 2016 Eccle-

682 2049 818 2102 siam
843 2051 994 2114 dicit,
1037 2068 1154 2120 qua:
1184 2052 1398 2121 quidem
1423 2052 1615 2107 civitas
1645 2063 1748 2116 est,
1778 2055 1918 2122 quod
1964 2053 2036 2107 sit
2062 2064 2233 2108 coetus

683 2140 775 2206 qui
825 2140 1028 2210 legibus
1077 2144 1278 2212 regitur
1324 2157 1338 2197 :
1395 2145 1576 2198 civitas
1615 2160 1742 2198 vero
1786 2146 2115 2210 munitionis,
2164 2148 2232 2199 ob

686 2231 805 2285 lidei
827 2233 1233 2286 munimentum.
1252 2231 1401 2287 Unde
1418 2233 1678 2302 interpres
1694 2234 1911 2302 quidam
1927 2235 2234 2300 signiﬁcan-

686 2325 892 2378 tissitne
922 2325 1146 2378 reddidit
1174 2345 1184 2378 :
1215 2323 1279 2378 In
1315 2327 1569 2379 civitatem
1597 2326 2074 2378 circummunitum.
2106 2325 2234 2390 Quis

688 2415 848 2481 igitur
897 2416 1044 2468 dabit
1076 2416 1228 2478 mihi,
1286 2425 1346 2468 ut
1398 2432 1649 2484 magnum
1696 2416 1824 2467 illud
1871 2415 2233 2482 spectaculum

685 2506 1033 2575 conspiciam,
1063 2507 1225 2560 Deum
1253 2507 1392 2560 inter
1418 2507 1662 2561 homines
1687 2506 2040 2561 diversantem
2060 2507 2083 2559 ?
2105 2506 2234 2561 lllutl

686 2607 788 2660 est,
819 2601 960 2667 quod
987 2612 1015 2649 a
1050 2597 1270 2652 Domino
1293 2598 1494 2652 dictum
1535 2597 1673 2651 fuit:
1710 2596 1868 2650 Multi
1889 2601 2148 2666 propheta:
2185 2608 2235 2653 et

684 2686 812 2756 iusti
841 2689 1112 2757 cupierunt
1142 2690 1316 2743 videre
1334 2706 1450 2757 qua:
1477 2689 1682 2752 videtis,
1701 2701 1745 2740 et
1771 2706 1870 2742 non
1904 2690 2139 2744 viderunt
2170 2691 2232 2744 ".

757 2867 812 2923 5.
845 2867 926 2920 Da
961 2869 1105 2922 nobis
1161 2869 1422 2925 auxilium
1463 2869 1524 2924 de
1561 2870 1920 2926 tribulatione.
1964 2871 2234 2925 Auxilium

690 2976 758 3014 ne
784 2975 1083 3027 quaeramus
1108 2975 1136 3014 a
1161 2963 1376 3028 robore,
1429 2975 1496 3014 ne
1530 2977 1558 3014 ο
1592 2960 1728 3015 bona
1765 2962 2006 3029 corporis
2037 2960 2238 3014 habitu-

2333 1873 2517 1942 καιρὸν
2537 1873 2634 1942 τῆς
2652 1873 2744 1925 τοῦ
2771 1871 2973 1942 Κυρίου
3000 1873 3297 1942 ἀποδημίας
3331 1875 3356 1924 ὀ
3384 1875 3675 1942 Προφήτης
3713 1874 3876 1940 φησί·

2340 1966 2431 2028 Τίς
2455 1965 2665 2028 ἀπάξει
2691 1982 2763 2033 με
2789 1968 2874 2029 εἰς
2907 1965 3084 2017 πόλιν
3110 1965 3418 2033 περιοχῆς
3448 1966 3600 2033 Τάχα
3634 1965 3734 2034 τὴν
3768 1965 3883 2015 Ἐκ-

2333 2055 2556 2125 κλησίαν
2601 2055 2772 2118 λέγει·
2809 2055 2959 2109 πόλιν
2995 2054 3091 2124 μὲν
3112 2093 3124 2117 ,
3158 2055 3241 2106 διά
3265 2057 3324 2108 τὸ
3353 2057 3603 2125 σύστημα
3631 2050 3773 2106 εἶναι
3802 2071 3880 2104 νος

2335 2146 2514 2216 μίμως
2543 2147 2852 2216 οἰκούμενον
2887 2148 2994 2217 (59)
3020 2165 3030 2176 ·
3065 2147 3341 2215 περιοχῆς
3366 2149 3422 2199 δὲ
3443 2149 3529 2201 διὰ
3550 2150 3651 2218 τὴν
3682 2148 3781 2216 τῆς
3810 2146 3885 2197 πί-

2336 2254 2501 2300 στεως
2533 2238 2838 2309 περιϐολήν.
2877 2239 3033 2292 Ὅθεν
3075 2238 3414 2308 εύσημὸτατά
3455 2257 3537 2301 τις
3579 2239 3690 2290 τῶν
3717 2241 3884 2308 eam-

2333 2329 2628 2381 νευσάντων
2647 2330 2955 2393 ἐκδέδωκεν,
2981 2332 3080 2395 Εἰς
3107 2331 3283 2383 πόλιν
3310 2330 3879 2396 περιπεφραγμέτηγ.

2335 2416 2426 2476 Τίς
2448 2413 2536 2467 οὖν
2564 2417 2719 2470 δώσει
2758 2437 2844 2489 μοι
2877 2421 2937 2472 τὸ
2969 2421 3106 2490 μέγα
3145 2420 3297 2472 τοῦτο
3334 2419 3509 2488 θέαμα
3561 2421 3720 2481 ἰδεῖν,
3758 2419 3884 2470 Θεὲν

2333 2503 2635 2575 ἀνθρώποις
2665 2508 2773 2574 (60)
2808 2509 3199 2580 ὲπιδημοῦντα;
3238 2508 3404 2562 Τοῦτό
3429 2511 3543 2561 ἐστι
3569 2510 3632 2561 τὸ
3666 2510 3886 2580 εἰρημέ-

2333 2613 2421 2648 νον
2453 2596 2600 2666 παρὰ
2644 2595 2736 2647 τοῦ
2787 2599 3020 2667 Κυρίου’
3053 2602 3134 2653 ὅτι
3173 2601 3392 2654 Πολλοὶ
3445 2600 3745 2669 προφῆται
3793 2603 3885 2652 καὶ

2332 2685 2543 2738 δίκαιοι
2600 2685 2981 2753 ἐπεθύμησαν
3028 2687 3171 2740 ἰδεῖν
3227 2689 3265 2741 ἃ
3307 2688 3595 2753 βλέπετε,
3650 2691 3746 2742 καὶ
3783 2691 3886 2743 οὐκ

2333 2772 2511 2830 εἶδον.

2402 2867 2456 2920 5.
2486 2866 2597 2931 Δὸς
2640 2867 2782 2935 ἡμῖν
2833 2863 3122 2930 ,βοήθειαν
3167 2865 3233 2916 ἐκ
3295 2868 3568 2933 θλίψεως.
3641 2868 3734 2936 Μὴ
3787 2867 3889 2918 άπὸ

2339 2957 2513 3027 ἰσχύος
2563 2956 2878 3028 ζητήσωμεν
2912 2958 3009 3027 τὴν
3078 2955 3358 3027 βοήθειαν·
3428 2956 3498 3026 μὴ
3559 2957 3670 3007 ἀπὸ
3724 2958 3884 3009 εὐπα-

689 3049 812 3103 dine
843 3067 856 3102 :
898 3065 964 3104 ne
1009 3051 1075 3104 ab
1135 3050 1241 3103 ullo
1276 3064 1458 3104 eorum
1491 3052 1579 3120 qui
1612 3051 1742 3105 clari
1780 3063 1833 3104 et
1874 3051 2104 3104 illustres
2143 3050 2237 3103 ho-

2339 3048 2486 3112 Θείας
2525 3049 2752 3120 σαρκός·
2797 3049 2903 3102 άπὸ
2945 3050 3166 3120 μηδενὸς
3199 3049 3305 3120 (61)
3348 3049 3455 3103 τῶν
3491 3049 3644 3118 παρὰ
3685 3049 3886 3118 ἀνδρώ-

690 3141 923 3194 minibus
954 3141 1243 3206 habentur,
1276 3157 1429 3210 opem
1462 3142 1716 3210 consequi
1755 3143 2003 3194 velimus.
2046 3139 2160 3193 Non
2186 3140 2238 3194 in

693 3232 1046 3298 pecuniarum
1080 3233 1454 3299 exsuperantia
1485 3271 1498 3297 ,
1538 3247 1640 3284 non
1684 3233 1734 3284 in
1787 3231 2034 3298 potentiae
2075 3229 2237 3295 fastu,

693 3336 798 3373 non
834 3320 885 3373 in
914 3321 1096 3390 gloriae
1125 3321 1453 3376 sublimitate
1479 3323 1578 3376 sita
1610 3321 1830 3376 victoria
1861 3330 1943 3375 est
1974 3337 1987 3372 :
2019 3321 2111 3374 sed
2166 3335 2233 3374 ex

692 3427 902 3464 summa
936 3412 1283 3466 tribulatione
1305 3412 1530 3479 largitur
1555 3411 1812 3468 Dominus
1864 3411 2122 3465 auxilium
2175 3411 2242 3465 iis

693 3503 784 3570 qui
836 3503 1008 3570 ipsum
1046 3503 1340 3571 inquirunt.
1385 3502 1532 3557 Talis
1582 3513 1695 3557 erat
1731 3515 1784 3557 ct
1811 3503 2021 3568 Paulus,
2051 3504 2140 3572 qui
2184 3502 2236 3556 iu

695 3592 807 3648 suis
843 3592 1174 3661 gloriabatur
1204 3591 1635 3646 tribulationibus
1654 3593 1718 3644 ‘3.
1738 3595 1911 3658 Quare
1938 3595 2115 3648 dicere
2145 3609 2239 3662 po-

696 3692 857 3751 terat,
888 3685 1017 3739 Cum
1047 3685 1304 3752 inﬁrmor,
1333 3695 1452 3737 tunc
1487 3691 1665 3753 potens
1689 3700 1802 3737 sum
1843 3685 1906 3735 ³³.
1945 3683 2111 3738 Vens.
2150 3685 2238 3739 15.

696 3775 780 3829 Da
809 3778 952 3828 nobis
978 3778 1158 3845 igitur,
1194 3776 1434 3841 Domine,
1467 3777 1722 3848 auxilium
1761 3775 1823 3829 de
1852 3775 2194 3829 tribulatione
2223 3793 2241 3840 ;

697 3884 817 3921 cum
852 3867 1125 3922 tribulatio
1157 3867 1466 3936 patientiam
1502 3877 1776 3936 operetur,
1813 3867 2071 3936 patientia
2118 3883 2243 3937 pro-

697 3960 989 4026 bationem,
1025 3959 1266 4028 probatio
1300 3974 1485 4025 spent:
1527 3973 1649 4028 spes
1675 3967 1850 4011 autem
1883 3974 1986 4012 non
2015 3961 2242 4012 coniun-

699 4053 790 4104 dat
819 4053 884 4103 ’°.
917 4051 1075 4104 Vides
1122 4067 1227 4117 quo
1274 4051 1548 4105 tribulatio
1581 4061 1629 4104 te
1660 4048 1959 4103 subvehat?
1990 4050 2065 4100 Ad
2093 4065 2243 4114 spent

699 4156 818 4210 qua:
851 4159 952 4196 non
986 4141 1286 4197 confundit.
1322 4142 1614 4210 Egrotas?
1648 4142 1853 4205 Gaude,
1884 4139 2008 4210 quia
2032 4181 2046 4204 ,
2083 4137 2244 4203 Quem

699 4233 871 4301 diligit
919 4233 1174 4286 Dominus
1195 4273 1210 4300 ,
1263 4235 1480 4303 castigat
1508 4238 1572 4285 ιι.
1609 4233 1816 4301 Pauper
1848 4231 1947 4285 es?
1997 4231 2201 4284 La‘tarc
2226 4267 2242 4294 ,

772 4436 815 4469 "
855 4434 1040 4490 Matth.
1085 4452 1202 4502 xm,
1225 4438 1308 4490 17.
1388 4438 1429 4468 ¹⁸
1467 4436 1620 4492 Rom.
1662 4452 1712 4499 v,
1741 4437 1793 4490 '5.

1873 4436 1915 4467 ¹’
1941 4435 1979 4490 ll
2002 4435 2126 4490 Cor.
2157 4449 2254 4498 xu,
2289 4432 2375 4487 10.

2342 3158 2463 3202 ποις
2487 3142 2879 3211 νενομισμένων
2912 3143 3219 3213 περιφανῶν
3243 3143 3559 3212 ἀξιώσωμεν
3591 3146 3773 3212 τυχεῖν
3798 3143 3886 3210 τῆς

2343 3231 2687 3302 ἀντιλήψεως.
2740 3234 2851 3285 Οὐκ
2903 3236 2958 3285 ὲν
3011 3234 3263 3304 περιϐολῇ
3320 3235 3652 3304 χρημάτων,
3692 3236 3792 3287 οὐκ
3834 3237 3882 3285 ἐν

2342 3315 2612 3385 δυνάμεως
2659 3318 2836 3387 ὄγκῳ,
2875 3321 2974 3372 οὐκ
3018 3323 3074 3373 ἐν
3105 3321 3350 3391 bonum
3387 3322 3544 3392 δόξης
3571 3324 3628 3375 τὸ
3678 3328 3883 3394 κρατεῖν

2344 3406 2705 3474 περιγίνεται,
2753 3409 2864 3460 ἀλλ’
2910 3411 2971 3461 ἐκ
3002 3413 3098 3481 τῆς
3145 3412 3264 3464 καθ’
3316 3413 3620 3484 ὑπερϐολὴν
3666 3414 3883 3482 θλίψεως

2344 3498 2618 3569 χαρίζεται
2639 3497 2838 3568 Κύριος
2853 3503 2963 3561 τοῖς
2987 3503 3299 3570 ἐκζητοῦσιν
3323 3505 3480 3555 αὑτὸν
3500 3506 3598 3575 τὴν
3621 3507 3882 3574 βοήθειαν.

2345 3587 2589 3649 Τοιοῦτος
2614 3583 2681 3657 ἦν
2731 3589 2822 3640 καὶ
2853 3590 2880 3640 ὁ
2924 3588 3157 3654 Παῦλος,
3192 3594 3510 3662 καυχήματα
3559 3596 3758 3647 ἑαυτοῦ
3801 3597 3884 3656 τάς

2345 3681 2549 3750 θλίψεις
2581 3681 2911 3751 ποιούμενος.
2941 3680 3036 3733 Διὰ
3057 3681 3211 3735 τοῦτο
3235 3684 3460 3750 ἠδύνατο
3482 3685 3661 3750 λέγειν
3679 3705 3692 3713 ο
3720 3688 3888 3738 Ὅταν

2345 3772 2597 3835 ἀσθενῶ,
2624 3774 2755 3826 τότε
2795 3772 3046 3838 δυνατός
3068 3776 3199 3842 εἰμι.
3235 3773 3344 3839 Δὸς
3369 3770 3460 3827 οὖν
3488 3775 3654 3842 ἡμῖν,
3704 3779 3883 3842 Κύριε.

2341 3863 2623 3929 ,ϐοήθειαν
2665 3865 2730 3916 ἐκ
2800 3866 3083 3932 θλίψεως·
3120 3866 3301 3938 ἐπειδὴ
3341 3869 3373 3938 ἡ
3411 3867 3586 3936 θλίψις
3625 3869 3889 3939 ὑπομονὴν

2349 3955 2757 4026 κατεργάζεται,
2781 3959 2812 4026 ἡ
2843 3957 2899 4008 δὲ
2924 3957 3160 4027 ὑπομονὴ
3181 3958 3424 4028 δοκιμὴν,
3458 3960 3572 4028 me
3599 3961 3796 4030 δοκιμὴ
3819 3960 3887 4012 ἑλ-

2348 4049 2494 4114 πίδα,
2525 4051 2557 4118 ἡ
2586 4049 2643 4101 δὲ
2666 4048 2820 4111 ἐλπὶς
2856 4051 2913 4100 ού
2949 4049 3308 4116 καταισχύνει.
3357 4051 3514 4118 Ὁρᾷς
3556 4052 3660 4103 ποῦ
3710 4055 3887 4118 ἀνάγει

2350 4155 2409 4188 σε
2439 4141 2471 4207 ἡ
2499 4139 2705 4206 elidite;
2738 4141 2829 4199 Εἰς
2860 4139 2956 4207 τὴν
2978 4138 3398 4208 άκαταίσχυντον
3423 4139 3633 4193 ἐλπίδα.
3676 4142 3885 4206 Νοσείςς

2349 4227 2566 4298 εὑούμει
2591 4268 2607 4295 ,
2646 4231 2724 4283 ὅτι
2777 4233 2884 4282 Ὃν
2924 4228 3121 4298 ἀγαπᾷ
3154 4231 3382 4298 Κύριος,
3420 4231 3707 4286 παιδεύει.
3748 4235 3886 4286 Πτω-

2455 4430 2499 4461 "
2529 4429 2683 4486 Rom.
2709 4445 2761 4498 ν,
2789 4429 2902 4486 5-5.
2977 4433 3020 4463 ²¹
3051 4432 3212 4486 Hebr.
3245 4448 3341 4485 xu.
3367 4430 3418 4483 6.

771 4641 882 4720 (ξ’ἵ)
907 4640 1110 4720 “Editio
1155 4637 1328 4720 Raris.
1356 4655 1502 4720 curm
1537 4640 1686 4720 (ξοιὶ).
1736 4639 1962 4720 septimo
1987 4635 2238 4720 τοῦωλου-

2353 4633 2766 4720 Theotloretttm,
2791 4632 3428 4720 Ψαπεριτιεφραχμςνην
3455 4633 3552 4720 legi
3587 4635 3885 4720 simpliciter

699 4705 872 4781 τροῦ.”
907 4711 1062 4764 Deest
1106 4708 1197 4762 τοῦ
1256 4711 1308 4763 in
1371 4708 1615 4778 plurimis
1650 4705 1876 4764 mss._et
1929 4708 1982 4761 in
2025 4705 2255 4760 editione

701 4781 869 4833 Basil.

772 4849 881 4920 (58)
913 4849 1002 4920 Sic
1040 4847 1202 4920 Regii
1247 4847 1433 4902 tertius
1470 4857 1523 4901 et
1577 4857 1806 4920 quartus
1835 4858 2095 4920 mqu‘eAac
2146 4851 2255 4920 tres

700 4912 1017 4975 Cn‘lhe'rtini.
1068 4912 1207 4970 Editi
1261 4933 1386 4972 vero
1426 4931 1545 4970 cum
1577 4916 1711 4983 Reg.
1758 4912 1967 4985 sextoi]
1999 4912 2254 4985 θεοφόρος

703 4989 859 5058 σάρξ.
887 4988 1009 5042 Haec
1031 4987 1213 5058 Basilii
1245 4989 1404 5042 verba
1436 4988 1566 5041 citat
1602 4984 1968 5041 Theodoretus
1999 4997 2126 5041 tom.
2156 4984 2245 5049 IV,

701 5057 844 5114 Dial.
875 5077 911 5124 ι,
944 5074 1061 5124 pag.
1087 5057 1173 5111 to.

773 5121 1376 5197 (59)'A'itComhelisius
1416 5142 1513 5182 suo
1555 5127 1792 5193 periculo
1849 5142 1944 5194 pro
2007 5121 2250 5191 οἰκούμε-

703 5215 791 5249 νον
826 5198 1104 5264 legendum
1129 5210 1245 5250 esse
1275 5197 1550 5265 οἰκονομού
1562 5215 1719 5266 μενον
1748 5215 1762 5253 :
1794 5199 1883 5250 sed
1913 5197 2043 5266 quid
2068 5208 2254 5248 neces-

704 5284 764 5322 se
791 5270 858 5321 sit
889 5270 958 5320 ita
989 5266 1086 5334 legi
1123 5276 1308 5320 contra
1334 5265 1700 5320 auctoritatem
1724 5267 1960 5321 omnium
1995 5265 2248 5334 librorum

708 5347 816 5390 tum
852 5352 1003 5394 mss..
1045 5332 1169 5388 'tum
1204 5351 1545 5397 excusorum,
1573 5350 1669 5404 ego
1709 5337 1968 5389 nonsatis
2002 5332 2260 5404 intelligo.

707 5406 839 5458 Nam
898 5407 1175 5472 utriusque
1229 5407 1375 5459 verbi
1427 5402 1690 5458 οἰκεῖσθαι
1757 5415 1809 5459 et
1868 5402 2261 5473 οἰκονομεῖσθαι

706 5476 949 5528 eamdem
1005 5489 1144 5541 sazpe
1169 5475 1617 5543 signiﬁcationem
1641 5491 1781 5537 esse,
1838 5476 1919 5527 vel
1967 5472 2264 5543 ex'lexicis

706 5552 943 5597 constat.
983 5541 1331 5611 lnterpreiem
1362 5545 1504 5596 illum
1529 5546 1616 5612 qui
1653 5560 1769 5596 mox
1797 5559 1822 5595 a
1852 5543 2050 5597 Basilio
2081 5541 2260 5594 lauda—

711 5620 817 5672 tur,
838 5613 1219 5682 Symmachum
1243 5630 1360 5667 esse
1395 5615 1584 5667 docent
1643 5614 1901 5667 Eusebius
1930 5624 1981 5666 et
2013 5612 2260 5664 Theodo«

708 5693 874 5739 t'ctus.
920 5682 1215 5738 Notandqu
1276 5695 1452 5737 tamen
1515 5685 1665 5753 apml-
1707 5684 1986 5739 Ιίὶιιδεϋὶιιιιι
2019 5692 2064 5735 (ιι
2127 5683 2259 5746 apud

2357 4704 2769 4775 πεφραγμένην.
2806 4703 2909 4756 Sed
2933 4703 3175 4775 suspicor
3207 4703 3351 4768 illud,
3382 4705 3525 4773 περί,
3579 4721 3609 4757 a
3665 4705 3886 4759 librariis

2355 4771 2662 4840 utroque‘in
2700 4775 2815 4825 loco
2841 4771 3095 4842 omissum
3119 4786 3257 4837 esse,
3283 4784 3389 4827 tum
3419 4771 3558 4842 quod
3596 4791 3697 4827 vox
3748 4790 3884 4841 περι-

2355 4843 2744 4913 πεφραγμένην
2775 4841 3158 4913 sigttilicatttior
3195 4845 3283 4906 sit,
3319 4841 3601 4909 tum’quod
3632 4845 3684 4897 in
3718 4843 3883 4895 Hexa-

2353 4913 2452 4982 plis
2471 4910 2551 4965 ita
2582 4910 2644 4966 ex
2669 4910 2797 4964 mss.
2825 4910 3027 4964 editum
3057 4910 3221 4982 inisse
3250 4914 3538 4982 videamus.

2424 4982 2536 5047 (60)
2577 4982 2725 5036 Colh.
2794 4991 3016 5052 quartus
3077 4981 3207 5034 Θεὸν
3263 4984 3321 5034 ὲν
3375 4981 3703 5052 ἀνθρώποις.
3748 4981 3883 5034 Haud

2350 5050 2503 5118 longe
2537 5055 2639 5122 duo
2672 5051 2921 5122 ιιιεεχΔὸς
2945 5047 3035 5103 οὖν
3057 5052 3203 5122 ἡμῖν.

2424 5121 2749 5191 (bl)Totum
2798 5121 2945 5185 illud,
2976 5120 3357 5191 ἀπομηδενὸς,
3390 5132 3518 5182 elc.,
3575 5121 3654 5174 sic
3710 5120 3884 5174 Latine

2355 5189 2622 5244 redditum
2670 5189 2721 5242 in
2779 5192 3012 5244 editione
3060 5189 3229 5246 Paris.
3267 5193 3564 5244 invenimus
3601 5207 3614 5241 :
3654 5193 3692 5242 Α
3729 5193 3880 5243 nulla.

2356 5261 2587 5326 inquam,
2625 5275 2677 5310 re
2696 5276 2810 5325 qua:
2829 5259 3107 5328 quamlibet
3132 5264 3267 5328 apud
3289 5261 3520 5312 homines
3551 5272 3806 5325 praestans
3828 5263 3879 5308 sit

2360 5343 2406 5382 et
2442 5331 2657 5390 eximia,
2693 5330 2903 5397 (lignum
2946 5339 3018 5382 est
3052 5340 3106 5381 ut
3135 5337 3197 5382 ab
3220 5347 3278 5382 ea
3312 5331 3555 5392 deposcas
3579 5331 3672 5382 tibi
3704 5333 3883 5392 impar-

2361 5402 2449 5452 tiri
2484 5398 2636 5453 veluti
2669 5399 3083 5465 redemptionem.
3120 5399 3223 5452 Sed
3259 5398 3437 5451 Basilii
3473 5400 3635 5452 verba
3663 5400 3730 5452 de
3773 5413 3875 5464 per-

2359 5471 2502 5522 sonis
2527 5484 2627 5521 non
2661 5468 2725 5521 de
2758 5470 2914 5521 rebus
2944 5468 3276 5535 intelligenda
3305 5482 3424 5521 esse
3457 5480 3603 5536 puto.
3658 5467 3766 5520 Hoc
3793 5467 3877 5536 igi-

2362 5548 2446 5592 tur
2512 5538 2662 5599 dicit,
2719 5554 2890 5605 neque
2934 5552 2962 5589 a
3034 5541 3211 5599 rebus,
3260 5552 3429 5606 neque
3458 5535 3544 5590 fab
3593 5535 3877 5606 hominibus

2360 5608 2652 5675 quamlibet
2716 5609 2876 5661 claris
2933 5607 3092 5659 ullum
3162 5605 3416 5660 auxilium
3476 5605 3876 5672 exspectandum

2361 5693 2496 5733 esse.
2518 5676 2645 5730 Nam
2682 5677 2858 5731 omnia
2890 5677 3138 5743 excludit,
3175 5686 3227 5731 et
3261 5693 3344 5732 res
3369 5686 3417 5731 et
3448 5691 3715 5744 petsunas-
