4058 6320
157 373 284 424 469

159 501 232 552 χε
244 484 356 545 ἇεις
389 482 496 553 (69.)
524 500 537 546 ;

158 574 493 637 διαδέξεται.
543 570 803 642 Ἀτιμάζῃ
859 570 945 623 διὰ
989 572 1048 624 τὸ
1094 569 1262 639 ὄνομα
1312 570 1405 623 τοῦ
1460 571 1726 641 Χριστοῦς

157 666 459 736 Μακάριος
488 662 557 726 εἴ,
597 665 678 715 ὅτι
709 679 802 715 σου
835 663 942 734 (65)
975 661 1255 734 ήαίσχύνη
1293 665 1371 725 είς
1400 663 1625 730 ἀγγέλου
1649 662 1732 716 δό-

160 754 275 818 ξαν
310 755 788 828 μεταϐληθήσεται.
822 757 1100 824 Πείσωμεν
1123 754 1344 818 ἑαυτοὺς
1362 793 1376 816 ,
1407 754 1648 822 ἀδελφοὶ,
1673 757 1732 806 ὲν

159 849 351 918 καιρῷ
372 846 695 917 πειρασμοῦ,
729 849 802 919 μὴ
833 848 964 918 πρὸς
986 846 1325 917 ἀνθρωπίνας
1356 845 1572 908 ἐλπίδας
1599 850 1732 901 ἁπο-

159 941 406 1009 τρὲχειν,
443 939 572 1009 μηδὲ
603 940 806 993 ἐκεῖθεν
830 941 1038 1002 ἑαυτοῖς
1057 940 1154 1003 τὰς
1176 939 1424 1009 βοηθείας
1445 937 1725 1008 θηρᾶσθαι,

157 1029 290 1082 ἀλλ’
320 1030 376 1081 ἐν
404 1029 629 1101 δάκρυσι
660 1033 750 1084 καὶ
783 1033 1120 1099 στεναγμοῖς,
1155 1029 1247 1081 καὶ
1267 1027 1532 1099 φιλοπόνῳ
1565 1046 1724 1100 προσ-

159 1124 308 1192 ευχῇ
334 1161 348 1183 ,
383 1123 474 1175 καὶ
501 1123 774 1195 ἀγρυπνίᾳ
833 1122 1032 1192 εὐτόνῳ
1071 1122 1168 1183 τάς
1201 1121 1412 1190 δεήσεις
1439 1121 1725 1174 ποιεῖσθαι.

156 1205 342 1275 Οὗτος
367 1213 472 1284 γὰρ
494 1215 753 1284 λαμϐάνει
779 1212 1024 1282 βοήθειαν
1059 1214 1122 1264 ἐκ
1143 1211 1368 1282 θλίψεως
1389 1256 1403 1277 ,
1445 1216 1472 1264 ὁ
1504 1212 1600 1280 τῆς
1632 1211 1724 1262 άν-

157 1302 447 1375 ορωπίνης
473 1305 719 1377 βοηθείας
758 1303 832 1366 ὡς
863 1303 1092 1372 ματαίας
1117 1304 1462 1375 καταφρονῶν
1484 1342 1496 1361 ,
1537 1302 1629 1353 καὶ
1661 1303 1723 1370 τῇ

153 1391 264 1442 ὲπὶ
291 1393 380 1445 τὸν
411 1395 599 1460 σώζειν
629 1393 922 1462 δυνάμενον
951 1396 1093 1466 ἡμᾶς
1116 1396 1287 1449 ἐλπίδι
1320 1393 1721 1462 στηριζόμενος,

154 1482 221 1534 ὲν
245 1485 462 1556 Χριστῷ
501 1485 671 1554 Ἰησοῦ
696 1484 772 1554 τῷ
810 1487 1199 1557 Κυρίῳήμῶν,
1243 1478 1286 1551 ᾧ
1311 1486 1342 1554 ὴ
1371 1484 1493 1547 δόξα
1535 1485 1626 1536 καὶ
1665 1483 1722 1535 τὸ

155 1577 367 1645 κράτος
392 1579 470 1638 είς
502 1577 626 1639 τοὺς
645 1577 842 1641 αίῶνας
865 1578 971 1630 τῶν
991 1579 1218 1631 αἰώνων.
1264 1576 1452 1647 Ἀμήν.

807 1691 1668 1702 —_....__.—.___.____————-

569 1750 673 1802 ΕΙΣ
708 1751 842 1802 TON
869 1750 964 1800 ΞΛ¹
1002 1749 1314 1803 ΨΑΛΜΟΝ.

193 1840 306 1901 Είς
333 1838 398 1891 τὸ
422 1841 594 1903 τέλος
621 1839 768 1904 ὑπὲρ
812 1838 1082 1906 Ἰόιθοὺμ,
1118 1837 1355 1907 git-alluit;
1379 1837 1458 1902 τῷ
1491 1836 1685 1890 Δαϐίδ.

233 1930 287 1980 1.
323 1928 433 1998 (6-4)
485 1928 586 1979 Δύο
638 1927 881 1998 ψαλμοὺς
935 1927 1175 1999 ἔγνωμεν
1235 1928 1411 1994 ’Υπὲρ
1468 1928 1721 1997 Ἰδιθοὺμ

149 2019 382 2088 ἔχοντας
422 2020 519 2091 τὴν
564 2021 904 2091 ἐπιγραφήν·
945 2021 1032 2072 τόν
1075 2037 1132 2072 τε
1183 2019 1495 2089 τριακοστὸν
1542 2020 1718 2085 ὄγδοον

150 2113 257 2164 καὶ
287 2112 379 2167 τὸν
411 2115 468 2165 ὲν
515 2114 689 2183 χερσί.
735 2114 841 2164 Καὶ
889 2111 1207 2178 λογιζόμεθα
1256 2110 1350 2178 μὲν
1399 2109 1558 2160 Δαϐὶδ
1610 2111 1717 2178 (65)

149 2201 300 2258 εἶναι
328 2207 423 2276 τὴν
449 2205 694 2267 σύνταξιν
717 2205 814 2271 τῆς
847 2201 1248 2272 πραγματείας·
1282 2201 1359 2270 τῷ
1387 2203 1566 2272 μέντοι
1609 2203 1718 2255 ’ίδι-

148 2296 300 2365 θοίιμ
342 2296 579 2347 δεδόσθαι
624 2297 701 2355 είς
759 2292 1019 2360 ὠφέλειαν
1066 2293 1262 2358 αὐτού,
1304 2296 1394 2346 ἐπὶ
1440 2293 1717 2364 διορθώσει

147 2386 266 2438 τῶν
307 2389 363 2438 ὲν
401 2389 468 2455 τῇ
507 2385 651 2454 ψυχῇ
699 2384 1067 2454 παθημάτων,
1107 2388 1197 2438 καὶ
1229 2389 1305 2448 είς
1333 2386 1591 2454 μελῳδίαν
1621 2387 1717 2455 τὴν

147 2479 250 2530 ἐπὶ
282 2477 376 2529 τοῦ
406 2477 563 2530 λαοῦ·
620 2477 685 2530 δι’
711 2472 778 2547 ἧς
805 2477 897 2528 καὶ
937 2479 964 2528 ὁ
1012 2476 1140 2536 Θεὸς
1185 2477 1457 2540 ἐδοξάζετο
1482 2516 1494 2536 ,
1531 2476 1622 2528 καὶ
1668 2480 1714 2530 οἱ

147 2571 446 2634 ἀκούοντες
482 2571 581 2639 τῆς
621 2569 886 2638 ἁρμονίας
921 2567 1321 2637 ὲπανωρθοῦντο
1355 2569 1422 2619 τὰ
1455 2568 1576 2638 ἤθη.
1613 2565 1717 2620 Ἦν

145 2663 262 2732 γάρ
285 2663 377 2714 καὶ
418 2666 445 2716 ὁ
491 2662 718 2728 Ἰδιθοὺμ
765 2659 1078 2730 ἱεροψάλτης
1099 2701 1112 2722 ,
1142 2660 1215 2724 ὡς
1243 2664 1553 2732 μαρτυρείή
1565 2665 1651 2731 μίν
1683 2663 1714 2732 ἡ

148 2753 368 2822 ἱστορία
388 2753 492 2804 τῶν
516 2752 1021 2824 Παραλειπομένων,
1052 2749 1306 2816 λέγουσα·
1338 2753 1440 2803 Καὶ
1459 2751 1584 2817 μετ’
1613 2753 1716 2803 αὺ-

145 2840 272 2894 τῶν
309 2841 419 2909 (66)
467 2842 658 2909 Αἱμὰν
700 2842 795 2893 καί
843 2839 1118 2906 Ἰδιθοὺμ,
1161 2838 1486 2907 σάλπιγγές
1520 2856 1580 2890 τε
1618 2841 1711 2892 καί

144 2935 423 3003 κύμϐαλα
465 2931 570 2985 τοῦ
609 2930 972 3000 ἀναφωνεῖν,
1021 2930 1117 2982 καὶ
1149 2929 1366 2996 ὄργανα
1406 2929 1522 2981 τῶν
1552 2929 1716 2993 ᾠδῶν

145 3023 258 3076 τοῦ
321 3022 487 3076 Θεοῦ.
560 3022 668 3076 Καὶ
729 3022 844 3092 μετ’
894 3020 1045 3088 ὀλίγα
1104 3019 1270 3090 φησί’
1327 3019 1435 3071 Καὶ
1493 3020 1714 3085 ἔστησε

146 3115 330 3167 Δαϐίὸ
361 3119 393 3167 ό
417 3114 714 3178 βασιλεὺς
745 3112 841 3165 καί
872 3115 924 3164 οί
953 3111 1235 3180 ἄρχοντες
1270 3109 1379 3177 τῆς
1412 3110 1715 3179 δυνάμεως
1741 3109 1781 3140 ¹-⁴

145 3209 236 3269 είς
264 3205 336 3257 τὰ
359 3205 500 3273 ἔργα
526 3206 663 3268 τοὺς
687 3205 852 3269 υἱοὺς
887 3205 1086 3270 Ἀσὰρ,
1121 3206 1214 3256 καὶ
1246 3207 1432 3272 Αίμὰν
1462 3205 1590 3273 (67),
1615 3203 1713 3257 καί

159 3294 443 3363 Ἰδιθοὺμ,
475 3294 612 3359 τοὺς
631 3293 1183 3362 ἀποφθεγγομένους
1215 3295 1281 3343 ἐν
1308 3296 1588 3360 κινὺραις,
1617 3294 1712 3346 καί

144 3388 217 3439 ἐν
240 3385 508 3450 νάϐλαις,
540 3385 637 3437 καὶ
667 3385 735 3436 ἐν
761 3383 1108 3452 τυμπάνοις.
1134 3383 1266 3454 Περ).
1295 3385 1571 3452 ὑπομονῆς
1602 3386 1710 3436 τοί-

146 3497 241 3530 νυν
267 3477 524 3548 ἑκάτερος
551 3475 758 3546 ψαλμὺς
784 3477 881 3546 τὴν
905 3476 1156 3546 πλείστην
1183 3480 1412 3529 ποιεῖται
1433 3478 1541 3545 (68)
1571 3495 1710 3547 πρα-

145 3568 450 3636 γματείαν,
484 3567 548 3619 δι’
579 3562 645 3638 ἦς
691 3565 1105 3618 καταστέλλεται
1159 3567 1253 3636 μὲν
1294 3568 1391 3636 τῆς
1431 3567 1606 3636 ψυχῆς
1650 3567 1710 3619 τὸ

146 3659 506 3729 θυμούμενον,
559 3659 926 3728 ὑπερηφανίας
985 3659 1038 3711 δὲ
1094 3661 1270 3730 πάσης
1319 3660 1704 3730 ὲξορισθείσης,

147 3748 506 3818 κατορθοῦται
535 3748 876 3810 ταπείνωσις.
926 3750 1223 3818 Ἀμήχανον
1254 3750 1360 3818 γὰρ
1389 3750 1475 3802 τὸν
1507 3751 1578 3819 μὴ
1612 3767 1708 3802 κα-

145 3841 509 3910 ταδεξάμενον
534 3840 593 3893 τὸ
617 3841 750 3910 πρὸς
776 3842 977 3904 πάντας
999 3842 1215 3904 ὑποδεὲς
1235 3842 1327 3893 καὶ
1349 3842 1566 3910 ἔσχατον
1597 3843 1706 3910 (69)

145 3931 438 4002 δυνηθῆναί
472 3947 600 3982 ποτε
641 3931 672 4000 ἢ
719 3931 1118 4001 λοιδορούμενον
1145 3927 1314 4000 θυμοῦ
1349 3932 1638 4002 κρατῆσαι,
1673 3931 1704 4001 ἢ

147 4023 460 4091 θλιϐόμενον
493 4021 580 4074 διὰ
615 4021 987 4090 μακροθυμίας
1036 4023 1410 4091 περιγενέσθαι
1452 4025 1558 4074 τῶν
1599 4041 1708 4075 πει-

151 4115 395 4183 ρασμῶν.
441 4115 496 4166 ’0
551 4115 656 4182 γὰρ
722 4114 818 4183 τὴν
866 4113 1038 4182 ἄκραν
1070 4115 1392 4166 ταπείνωσιν
1443 4115 1704 4186 κατορθώ-

149 4221 268 4266 σας,
301 4205 357 4255 ὲν
393 4204 486 4272 μὲν
519 4205 634 4264 ταῖς
664 4202 945 4273 λοιδορίαις
973 4203 1188 4255 πλείονα
1215 4205 1405 4255 ἑαυτοῦ
1444 4222 1707 4274 προκατα-

149 4296 312 4360 γνοίις
347 4295 442 4364 τὴν
477 4294 765 4358 εὐτέλειαν,
793 4295 853 4346 οὑ
883 4295 1229 4365 κινηθήσεται
1254 4297 1350 4366 τὴν
1399 4297 1572 4366 ψυχὴν
1605 4296 1706 4349 ὑπὸ

1343 365 1621 420 HOMILIA
1661 364 1728 418 IN
1769 365 2094 421 PSALMUM
2132 365 2263 419 LXI.

574 480 862 549 εὐφραίνου
887 520 899 540 ,
935 481 1013 532 ὅτι
1046 477 1291 549 Λαζάρου
1341 496 1398 530 σε
1450 478 1517 532 τὰ
1560 480 1713 549 ἀγαθι

1841 482 1964 548 quia
2000 481 2188 535 Lazari
2215 483 2351 537 bona
2388 489 2436 537 ιε
2463 482 2734 552 excipient
2754 484 2818 536 η.
2868 482 3157 551 Ignominia
3199 483 3374 541 allice-

3271 370 3374 424 4Ἰο

1842 575 1913 627 ris
1951 584 2170 644 propter
2191 573 2390 629 Christi
2423 575 2650 630 nomen?
2689 573 2884 630 Beatus
2931 589 3022 638 es,
3054 578 3176 642 quia
3226 589 3375 633 tuttm

1837 667 2070 722 dedecus
2097 667 2149 718 in
2187 666 2361 736 angeli
2383 665 2602 736 gloriam
2633 675 2895 721 vertetur.
2935 665 3118 731 Nobis,
3159 669 3373 733 fratres.

1837 758 2152 814 tentationis
2181 766 2420 828 tempore
2448 759 2884 826 persuadeamus,
2913 769 2972 812 ut
2999 775 3063 813 ne
3095 759 3160 813 ad
3182 760 3371 814 humav

1837 865 1932 903 nas
1964 867 2087 918 spes
2127 849 2514 917 coniugiamus,
2550 863 2648 903 nec
2681 849 2834 920 193
2863 850 2984 903 inde
3023 852 3174 906 nobis
3229 865 3374 920 qum.-

1837 951 2017 992 ramus
2049 939 2245 993 auxilia
2280 951 2294 988 :
2326 940 2414 993 sed
2447 939 2497 993 in
2531 936 2783 1007 lacrymis
2815 948 2868 993 et
2907 940 3176 1008 suspiriis,
3203 951 3258 995 et
3288 955 3374 995 se-

1832 1029 1952 1081 dula
1998 1029 2389 1094 obsecratione,
2417 1042 2473 1086 et
2515 1031 2733 1085 intentis
2789 1032 2983 1100 vigiliis
3028 1047 3210 1100 preces
3249 1048 3374 1102 per-

1831 1135 2074 1190 agamus.
2101 1121 2196 1175 llic
2218 1123 2361 1176 enim
2386 1135 2416 1174 e
2443 1122 2788 1178 tribulatione
2815 1123 3116 1191 praesidium
3158 1124 3372 1192 accipit,

1828 1214 1916 1280 qui
1958 1227 2113 1281 opem
2150 1213 2436 1268 humanam
2479 1225 2536 1268 ιιι
2564 1232 2758 1271 vanam
2807 1226 3145 1283 aspernatur,
3183 1230 3246 1269 ac
3278 1230 3374 1282 spe

1832 1306 2020 1359 nititur
2049 1305 2210 1368 illius,
2243 1309 2330 1374 qui
2377 1321 2475 1362 nos
2504 1308 2677 1363 salvos
2701 1311 2878 1364 facere
2905 1315 3099 1377 potest,
3131 1308 3181 1360 in
3212 1306 3370 1361 Chri-

1827 1407 1911 1448 διο
1939 1396 2063 1451 Jcsu
2101 1395 2323 1451 Domino
2352 1409 2556 1464 nostro,
2598 1400 2681 1452 cui
2714 1400 2880 1467 gloria
2915 1407 2969 1454 et
3006 1397 3285 1467 imperium
3315 1397 3368 1450 itt

1827 1488 2021 1542 sarcula
2045 1487 2381 1542 sat-culorum.
2412 1489 2598 1544 Amen.

1673 1691 3335 1716 .____________________________,

2305 1745 2370 1799 IN
2404 1744 2725 1801 PSALMUM
2754 1746 2886 1802 LXI.

2020 1836 2084 1890 In
2115 1836 2270 1905 finem
2307 1854 2399 1904 pro
2428 1836 2684 1900 [dit/tum,
2712 1837 2943 1903 psalmus
2982 1837 3193 1892 Davidi.

1892 1929 1942 1982 1.
1977 1927 2216 1983 Psaltnos
2243 1929 2378 1982 duos
2411 1928 2682 1994 novimus,
2714 1928 2910 1996 quibus
2954 1928 3232 1997 inscriptio
3262 1940 3346 1985 est

1825 2018 1929 2071 Pro
1959 2018 2213 2081 [dit/tum,
2261 2019 2588 2072 tricesimum
2631 2029 2877 2072 octavum
2907 2057 2921 2078 .
2956 2027 3010 2071 et
3043 2018 3182 2073 hunc
3208 2035 3366 2088 quem

1820 2111 2079 2165 habemus
2116 2110 2168 2164 in
2199 2109 2465 2163 manibus.
2497 2110 2561 2162 Et
2593 2111 2916 2165 arbitramur
2951 2110 3238 2180 quidem
3263 2109 3366 2164 Da-

1821 2204 1939 2257 vide
1976 2197 2351 2270 'compositum
2410 2215 2543 2269 opus
2570 2215 2711 2263 esse,
2761 2203 2939 2256 datum
2982 2217 3108 2256 vero
3135 2200 3367 2254 ldithum

1819 2310 1916 2362 pro
1947 2293 2179 2347 utilitate
2212 2293 2399 2362 ipsius,
2435 2291 2498 2344 ad
2524 2291 2868 2361 corrigendos
2899 2293 3086 2347 anima:
3128 2292 3366 2346 aﬂ'ectio-

1819 2402 1935 2450 nes,
1966 2395 2018 2439 et
2047 2387 2112 2438 ad
2147 2383 2575 2440 concinnandam
2604 2398 2784 2437 coram
2828 2383 3022 2452 populo
3055 2384 3362 2449 melodiam,

1818 2491 1910 2543 per
1943 2490 2100 2543 quam
2150 2487 2204 2527 et
2248 2476 2384 2528 Deus
2414 2474 2747 2528 aﬂiciehatur
2771 2475 2963 2544 gloria,
2990 2486 3043 2528 ct
3069 2490 3244 2528 mores
3271 2490 3363 2528 eo-

1818 2585 1931 2622 rum
1964 2569 2052 2638 qui
2076 2568 2407 2621 harmoniam
2439 2567 2726 2619 audiebant
2761 2568 3201 2620 cntendahantur.
3239 2567 3365 2619 Erat

1815 2661 1958 2713 etiim
1999 2669 2050 2713 et
2086 2659 2314 2714 ldithum
2343 2659 2454 2728 ipse
2483 2672 2758 2713 sacrorum
2789 2658 3111 2726 psalmorum
3152 2669 3360 2722 cantor,

1815 2765 1870 2808 ut
1897 2754 2050 2807 nobis
2104 2762 2328 2805 testatur
2373 2750 2812 2817 Paralipomenon
2856 2750 3098 2814 historia,
3129 2750 3314 2803 dicens
3346 2767 3359 2803 :

1817 2848 1881 2898 lt‘t
1908 2862 2023 2898 cum
2060 2845 2185 2913 ipsis
2232 2841 2428 2894 (Emori
2483 2851 2530 2893 et
2573 2841 2829 2906 [dit/tum,
2870 2853 2915 2894 et
2963 2842 3098 2895 tuba:
3139 2851 3185 2895 et
3221 2857 3364 2912 tym-

1815 2938 1931 2989 bula
1965 2940 2031 2988 ad
2082 2934 2450 2997 resonantium,
2483 2941 2532 2985 et
2573 2949 2769 3000 organa
2810 2936 3132 2986 canticorum
3171 2935 3262 2987 Dei
3290 2934 3356 2985 ”.

1817 3029 1881 3081 Et
1917 3026 2075 3098 paulo
2120 3035 2239 3092 post
2269 3026 2343 3078 ait
2374 3041 2386 3078 :
2432 3024 2628 3078 Statuit
2660 3023 2825 3076 David
2876 3039 2963 3074 rex
3001 3032 3048 3075 et
3103 3025 3360 3091 principes

1814 3120 2067 3172 exercitus
2089 3119 2157 3170 ad
2187 3134 2340 3182 opera
2361 3117 2497 3184 ﬁlios
2527 3116 2701 3184 Ακαρή
2719 3125 2764 3168 et
2796 3113 2995 3167 jEman
3032 3123 3079 3167 et
3107 3113 3357 3175 ldithum,

1814 3229 1967 3265 sonos
1992 3210 2196 3264 edentes
2237 3211 2290 3262 iu
2320 3211 2557 3272 citharis,
2587 3219 2631 3260 et
2658 3211 2709 3260 in
2741 3209 2934 3269 nablis,
2972 3215 3020 3258 et
3061 3207 3114 3258 in
3160 3218 3358 3276 tympa-

1813 3304 1892 3356 nis
1923 3301 1988 3355 “.
2020 3300 2205 3368 Itaque
2248 3299 2314 3352 de
2354 3297 2610 3368 patientia
2660 3297 2896 3365 psalmus
2940 3307 3163 3365 uterque
3197 3298 3360 3366 pluri-

1812 3412 1955 3449 mum
1990 3403 2207 3456 tractat,
2244 3407 2337 3462 per
2365 3405 2526 3460 quam
2554 3399 2610 3442 ut
2641 3390 2858 3442 sedatur
2913 3389 3077 3440 animi
3117 3389 3359 3456 indigna-

1813 3488 1917 3551 tio,
1977 3489 2047 3537 ita
2104 3485 2248 3538 omni
2321 3482 2570 3549 superbia
2628 3482 3024 3541 exterminata,
3081 3477 3359 3532 humilitas

1809 3577 2125 3644 acquiritur.
2156 3574 2295 3628 Fieri
2327 3573 2468 3627 enini
2496 3587 2601 3624 non
2635 3578 2825 3638 potest,
2852 3580 2909 3621 ut
2942 3570 2985 3622 is
3035 3569 3123 3637 qui
3175 3569 3358 3622 inﬁmo

1810 3671 2104 3737 ultimoque
2134 3667 2250 3720 loco
2277 3680 2403 3734 erga
2437 3678 2623 3718 omnes
2670 3663 2851 3716 haberi
2885 3679 2986 3716 non
3030 3664 3161 3725 vult,
3196 3673 3359 3731 queat

1810 3777 2042 3831 unquam
2073 3770 2161 3812 aut
2196 3759 2320 3811 dum
2351 3756 2606 3811 conviciis
2629 3755 2922 3823 impetitur,
2957 3754 3044 3806 ira:
3070 3754 3354 3815 dominari,

1809 3853 2044 3906 autdum
2071 3848 2382 3912 alllictatur,
2430 3861 2523 3915 per
2559 3845 2868 3912 patientiam
2911 3843 3237 3896 tentationes
3269 3858 3360 3896 su~

1807 3958 2019 4011 perare.
2047 3940 2146 4005 Qui
2180 3938 2322 3990 enim
2359 3938 2424 3988 ad
2465 3948 2726 3986 summam
2779 3932 3132 3985 humilitatem
3172 3947 3357 4001 perve-

1807 4035 1903 4098 nit,
1939 4033 1982 4086 is
2013 4045 2133 4084 cum
2194 4028 2245 4081 in
2291 4026 2547 4079 conviciis
2593 4039 2741 4078 suam
2791 4024 3048 4076 vilitatem
3099 4023 3355 4092 majorem

1807 4129 1951 4194 prior
1995 4135 2278 4190 agnoscat,
2313 4119 2381 4172 ob
2436 4119 2598 4170 verba
2640 4117 2989 4184 ignominiosa
3019 4115 3199 4168 animo
3251 4131 3354 4168 non

1807 4216 2278 4271 eontmovebitur:
2315 4211 2406 4264 sed
2446 4210 2490 4262 si
2533 4208 2828 4276 appelletur
2859 4223 3075 4277 pauper,
3115 4209 3264 4262 novit
3296 4223 3355 4261 se

1807 4307 1976 4374 ipsum
2005 4317 2291 4373 pauperem
2330 4314 2473 4361 esse,
2497 4309 2549 4352 et
2569 4298 2807 4352 omnium
2841 4299 3097 4366 indigttm,
3141 4313 3202 4348 ac
3224 4312 3353 4364 quo-

147 4388 254 4439 τῶν
327 4388 578 4457 ῥημάτων
625 4387 718 4455 τῆς
755 4387 1003 4454 ἀτιμίας·
1055 4388 1166 4440 ἀλλ’
1211 4388 1305 4440 ἐὰν
1357 4389 1454 4457 μὲν
1499 4391 1702 4459 ἀκούσῃ

1813 4399 2007 4450 tidiauo
2042 4394 2245 4448 Domini
2276 4389 2546 4458 stipendio
2569 4405 2699 4456 Opus
2730 4389 2928 4442 habere
2957 4406 2969 4452 ;
3013 4388 3056 4442 si
3107 4404 3234 4441 vero
3258 4404 3353 4440 vo-

148 4479 339 4548 πένης,
373 4476 510 4530 οἶδεν
539 4478 726 4530 ἑαυτὸν
757 4480 963 4548 πτωχὸν
991 4481 1134 4545 ὂντα,
1164 4483 1256 4534 καὶ
1283 4483 1492 4534 πάντων
1528 4483 1700 4551 ἐνδεῆ,

147 4573 236 4624 καὶ
265 4573 364 4640 τῆς
392 4571 510 4623 καθ’
531 4571 741 4640 ἡμέραν
767 4572 913 4641 παρὰ
938 4572 1027 4624 τοῦ
1059 4575 1260 4642 Κυρίου
1291 4576 1548 4644 χορηγίας
1584 4577 1701 4626 ἐπι-

145 4662 430 4734 δεόμενον·
465 4663 558 4715 ἐὰν
591 4663 647 4714 δὲ
684 4663 888 4733 ἀκούσῃ
925 4664 1185 4736 δυσγενὴς
1225 4667 1314 4718 καὶ
1358 4667 1416 4730 ἐξ
1464 4667 1701 4735 ἀφανῶν,

216 4778 261 4808 η
281 4776 408 4830 Luc.
436 4791 547 4842 XVI,
572 4776 662 4830 22.
737 4777 781 4808 ’³
819 4775 1032 4832 lParal.
1069 4794 1172 4841 xw,
1205 4780 1292 4832 42.
1370 4781 1410 4811 ²⁵
1445 4781 1458 4833 l
1491 4781 1663 4834 Paral.
1700 4797 1820 4846 xxv,
1858 4782 1903 4833 Ι.

213 4940 325 5010 (62)
356 4939 449 5010 Sic
477 4940 641 4994 editio
669 4941 831 4996 Basil.
851 4955 968 4993 cum
1000 4940 1232 5008 quinrtue
1262 4957 1386 4993 mss.
1425 4941 1489 4993 At
1515 4956 1690 4996 nostra

145 5009 312 5063 t‘tlttio
335 5009 522 5083 _Paris.
549 5011 898 5083 πτωχεύσεις,
933 5025 1060 5083 non
1093 5011 1359 5083 itarecte.
1396 5011 1512 5064 Mox
1559 5014 1686 5083 ltcg.

147 5079 415 5134 secundus
442 5093 560 5131 cum
594 5082 823 5135 editione
857 5080 1011 5133 Basil.
1041 5079 1388 5142 διαδέξονται.

214 5147 555 5218 (65)7Edilio
603 5149 760 5203 Basil.
820 5166 939 5204 cum
998 5161 1223 5215 quatuor
1271 5167 1393 5201 mss.
1438 5150 1518 5202 ὅτι
1577 5169 1693 5205 σου.

148 5217 323 5274 Editio
352 5217 523 5288 Paris.
556 5233 674 5270 cum
726 5236 852 5272 mss.
888 5235 990 5288 non
1023 5221 1205 5288 paucis
1229 5219 1308 5272 ὅτι
1367 5237 1467 5273 σοι.
1502 5223 1692 5275 Statim

148 5292 300 5343 Colb.
333 5287 533 5358 primus
562 5289 840 5358 Πείσωμεν
867 5285 977 5342 οὖν.

215 5356 347 5429 (64)
393 5356 938 5429 ΙιιίιίιιιιιιΒεειΙίιιιιφ
1005 5358 1391 5424 explanationis
1444 5361 1694 5412 tribuitur

150 5426 433 5485 Theodoro
492 5427 542 5478 in
614 5426 810 5482 Catena
882 5428 1222 5482 Corderiana.
1291 5429 1417 5480 Illud
1481 5446 1694 5497 (pioque

151 5501 506 5568 fragmentum
541 5500 679 5565 quod
703 5498 939 5568 proxime
965 5500 1011 5549 in
1037 5513 1097 5550 ea
1125 5497 1383 5568 Anonymi
1420 5499 1691 5564 cujusdam

152 5565 364 5622 imiiiine
397 5565 596 5619 editmn
632 5577 732 5632 est,
761 5567 824 5620 ad
876 5578 1113 5621 nostrum
1161 5567 1410 5622 Basilium
1450 5569 1696 5622 similiter

153 5641 399 5704 pertinet.

217 5710 330 5775 ((33)
360 5707 446 5764 Sic
481 5722 609 5761 mss.
642 5715 691 5763 ct
719 5706 877 5762 editio
914 5705 1070 5758 thsil.
1113 5707 1176 5759 At
1209 5706 1370 5761 editio
1403 5705 1571 5762 Paris.
1606 5709 1692 5759 τοῦ

156 5779 326 5831 Δπίὶἷὸ.

1811 4498 1960 4540 cetur
1989 4483 2236 4554 ignobilis
2262 4493 2315 4535 et
2344 4483 2631 4543 obscurus,
2664 4480 2810 4546 prius
2833 4478 2934 4531 sibi
2977 4479 3027 4530 in
3065 4493 3164 4532 suo
3195 4478 3354 4530 corde

1811 4575 2057 4630 conscius
2096 4585 2200 4634 est,
2250 4579 2589 4640 procreatum
2627 4583 2744 4622 esse
2772 4583 2829 4621 se
2861 4582 2925 4620 ex
2959 4567 3085 4621 luto.
3116 4567 3355 4636 Quapro-

1813 4675 1928 4735 pter
1955 4666 2060 4718 illic
2088 4663 2299 4732 quidem
2327 4662 2425 4724 ait,
2456 4659 2579 4714 Dixi
2604 4676 2621 4712 :
2650 4657 2948 4712 Custodiam
2979 4659 3083 4711 vias
3116 4674 3254 4710 utens
3283 4657 3349 4719 ’⁵,

1977 4781 2022 4811 ’⁸
2041 4776 2180 4832 Psal.
2206 4790 2431 4838 xxxvnt,
2460 4771 2516 4824 2.

1871 4940 1981 5007 (66)
2007 4940 2154 4993 Colh.
2183 4948 2405 5006 quartus
2427 4937 2520 4989 καὶ
2547 4937 2660 5007 μετ’
2683 4934 2868 4993 αὐτοῦ,
2889 4948 2983 4985 nec
3012 4931 3163 4983 aliter
3191 4930 3348 5007 LXX.

1798 5010 1812 5062 I
1855 5003 2089 5076 Paralip.
2129 5003 2236 5074 xvi,
2273 5007 2362 5060 Η.
2414 5010 2481 5060 Al
2526 5003 2652 5059 editi
2683 5021 2803 5058 cum
2837 5013 3067 5072 quatuor
3093 5018 3221 5054 mss.
3261 5003 3350 5053 καὶ

1798 5081 1911 5148 μετ’
1933 5077 2134 5134 αὐτῶν.

1873 5149 1984 5217 (67)
2016 5150 2067 5201 Ιιι
2121 5148 2330 5222 Anglic.
2393 5146 2558 5222 Αίθάν
2598 5145 2834 5222 legitur“
2855 5156 2948 5222 pro
2992 5140 3180 5222 Λίμάνε
3247 5141 3348 5192 Sed

1803 5211 2063 5287 vulgatam
2131 5211 2406 5270 lectionem
2471 5215 2646 5287 ᾼίμάν
2681 5211 2949 5287 exhilmnt
2998 5219 3051 5262 et
3101 5211 3234 5264 Uliv.
3297 5223 3346 5287 et

1803 5280 1968 5340 ιιοεῖτὶ
2014 5303 2140 5342 mss.
2170 5305 2270 5340 una
2324 5302 2443 5340 cum
2483 5280 2646 5338 LXX.
2679 5283 2793 5336 Mox
2835 5280 2982 5333 Colb.
3035 5291 3259 5347 quartus
3293 5283 3348 5331 ὲν

1800 5357 2012 5428 κινύρᾳ.

1871 5423 1979 5494 (iiii)
2006 5427 2078 5478 lla
2117 5442 2207 5479 scx
2238 5441 2363 5479 mss.
2388 5425 2450 5477 At
2480 5423 2604 5494 editi
2629 5425 2793 5494 ποιεῖ.

1872 5485 1984 5565 (69)
2021 5497 2149 5564 lieg.
2182 5491 2682 5565 sccumtussmﬁség
2711 5492 2800 5542 καὶ
2827 5490 3071 5565 ἔσχατον.
3112 5485 3226 5565 Nec
3271 5487 3346 5565 _ita

1802 5555 1975 5618 multo
2002 5555 2125 5634 post:
2149 5565 2310 5634 editio
2360 5563 2522 5617 Basil.
2561 5579 2678 5614 cum
2704 5555 2928 5634 duobus
2988 5574 3118 5634 mss.
3171 5555 3352 5634 πλεῖον

1800 5627 2017 5689 ὲαυτοῦἶ
2053 5636 2220 5690 ΙΞιΙὶιίο
2254 5633 2420 5687 Paris.
2457 5648 2573 5687 cum
2610 5631 2786 5686 multis
2823 5644 2947 5684 mss.
2978 5627 3193 5680 πλείονα
3231 5627 3344 5678 ἐαυ-

1801 5723 1911 5759 του.
