4084 6318
715 351 813 404 471

2037 361 2092 415 S.
2137 362 2216 414 ΒΑ
2229 364 2378 418 Sll.ll
2418 365 2627 418 MAGNI

3835 378 3922 432 £72

715 468 1124 540 peccatorisque
1156 470 1581 536 coniurationem
1623 482 1830 535 narrat,
1890 485 1944 528 et
1999 481 2257 546 proprian

2376 479 2805 550 προειλημμένον
2835 480 2943 551 ἕχει
2974 483 3028 534 ἐν
3058 486 3120 553 τῇ
3151 485 3340 538 ἑαυτοῦ
3379 485 3576 557 καρδία
3601 489 3661 540 τὸ
3685 493 3745 542 ἐκ
3771 494 3920 561 πτιὶςὲ

714 561 1051 628 patientiam.
1086 561 1216 615 Cum
1244 564 1417 627 enim,
1454 564 1645 634 inquit,
1697 569 1999 622 consisteret
2028 585 2270 637 peccator

715 651 987 703 adversum
1027 666 1128 712 me,
1170 653 1403 706 obmutui
1442 664 1489 708 et
1531 656 1838 711 humiliatus
1881 676 2016 722 sum,
2061 669 2108 712 et
2144 663 2268 716 silui

715 758 744 791 a
791 741 938 794 bouis
977 743 1040 794 ".
1093 742 1280 797 Postea
1343 748 1687 816 progrediens
1745 751 1856 804 ait:
1907 749 2267 806 Verumtamen

716 831 888 882 omnia
928 831 1149 895 vanitas,
1192 835 1360 888 omnis
1381 836 1532 889 homo
1574 838 1741 892 livens
1781 841 1860 904 ’7;
1889 839 2099 906 deinde,
2140 843 2269 897 Tlte-

713 921 971 985 saurizat,
1009 931 1057 975 et
1089 925 1289 992 ignorat
1327 926 1410 978 cui
1437 932 1765 1000 congregabit
1789 947 1849 983 ea
1872 932 1937 984 ⁸⁸.
1964 934 2033 984 At
2059 933 2108 987 in
2135 952 2266 1005 pne-

714 1012 857 1066 senti
883 1015 1090 1081 psalmo
1124 1016 1436 1074 dubitanter
1477 1025 1706 1089 orditur,
1741 1024 1884 1077 velut
1919 1025 1982 1080 ad
2031 1029 2264 1082 animam

714 1118 867 1157 suam
919 1105 1160 1174 loquens,
1221 1117 1474 1178 tanquam
1507 1115 1549 1169 si
1595 1114 1776 1168 isthaec
1804 1130 1866 1169 ex
1905 1117 2053 1183 prius
2107 1118 2264 1174 dictis

714 1208 1191 1262 consequerentur.
1211 1199 1418 1256 Etenim
1443 1218 1507 1256 ne
1524 1204 1699 1258 anima
1729 1207 1905 1260 sensui
1935 1211 2114 1264 carnis
2144 1210 2266 1262 sub-

715 1285 846 1345 dita.
881 1286 946 1338 ad
974 1286 1082 1342 iras
1112 1298 1166 1343 et
1200 1291 1448 1346 tristitias
1475 1306 1791 1363 provocetur
1824 1316 1836 1352 :
1892 1301 2020 1365 Cur,
2071 1301 2261 1370 inquit,

713 1374 1049 1431 aﬂ‘ectionum
1106 1383 1367 1437 malarum
1421 1401 1630 1441 servam
1668 1388 1806 1445 facio
1841 1393 2116 1455 animam,
2177 1395 2262 1446 cui

715 1468 956 1533 corporis
1014 1471 1468 1545 aﬂ‘ectionumque
1517 1481 1631 1546 ejus
1666 1482 1824 1554 194
1871 1483 2202 1552 principatus
2234 1502 2262 1536 a

716 1557 845 1622 Deo,
877 1561 967 1628 qui
1000 1577 1116 1616 eam
1166 1567 1429 1630 condidit.
1478 1576 1823 1629 concreditus
1870 1576 1993 1628 est?
2043 1576 2264 1646 Oportet

715 1649 893 1717 itaque
925 1653 1193 1722 imperare
1231 1658 1531 1725 ali‘ectibus,
1577 1673 1631 1719 et
1687 1667 1891 1720 servire
1945 1667 2073 1722 Deo.
2123 1668 2264 1724 Fieri

711 1741 852 1793 enim
896 1758 998 1797 non
1030 1759 1224 1814 potest,
1261 1762 1318 1802 ut
1346 1750 1460 1820 ipsa
1502 1766 1556 1808 et
1589 1771 1617 1808 a
1643 1766 1861 1823 peccato
1896 1768 1949 1813 et
1977 1774 2009 1814 a
2041 1759 2148 1815 Deo
2177 1777 2261 1814 re—

2371 572 2709 640 γεγενῆσθαι.
2738 574 2833 626 Διά
2859 574 3011 628 τοῦτο
3035 577 3147 627 ἐκεῖ
3165 578 3261 644 μέν
3283 596 3466 649 φησιν.
3483 574 3661 638 Εἷπσ,
3690 584 3926 644 φυλάξω

2372 665 2475 728 τὰς
2518 665 2693 733 ὁδούς
2739 684 2876 732 μου,
2909 669 2998 720 καὶ
3045 668 3305 738 διηγεῖται
3353 673 3444 724 τοῦ
3473 673 3804 742 ἀμαρτωλοῦ
3847 679 3928 743 τὴν

2370 757 2741 820 ἐπισύστασιν,
2783 761 2874 811 καὶ
2907 760 3000 830 τὴν
3043 762 3246 813 οίκείαν
3285 765 3703 835 μακροθυμίαν·
3735 766 3829 816 Ἐν
3862 768 3928 830 τῷ

2369 849 2670 916 συστῆναι
2692 853 2820 918 γὰρ,
2839 855 2987 922 φησὶ,
3012 853 3114 906 τὸν
3137 854 3479 922 ἁμαρτωλὸν
3495 859 3784 912 ἐναντίον
3799 876 3926 924 μοι’,

2367 940 2684 1008 ἐκωφώθην
2705 942 2803 994 καὶ
2831 943 3246 1011 ἑταπεινὼθην,
3279 944 3375 998 καὶ
3405 946 3670 1015 ἐσίγησα
3703 949 3771 1013 ἐξ
3803 950 3926 1017 ἀςπι-

2370 1033 2518 1088 θῶν·
2554 1029 2671 1086 εἶτα
2703 1033 2905 1106 προῖὼν
2946 1037 3123 1105 λέγει’
3163 1037 3334 1105 Πλὴν
3366 1039 3436 1090 τὰ
3468 1043 3800 1108 σύμπαντα
3825 1059 3925 1112 μα-

2369 1125 2621 1190 τίιιότης,
2675 1124 2792 1190 πᾶς
2845 1125 3149 1194 ἅνθρωπος
3190 1126 3326 1188 (dir
3373 1123 3509 1190 εἶτα,
3561 1133 3925 1199 Θησαιψίζει,

2367 1217 2462 1268 καὶ
2491 1218 2560 1269 οὺ
2604 1216 2876 1284 γινώσκει
2928 1220 3043 1271 τίνι
3081 1221 3326 1284 συνάξει
3379 1219 3546 1273 αὑτά.
3607 1223 3697 1273 Ἐν
3753 1226 3809 1276 δὲ
3860 1226 3927 1294 τῷ

2370 1308 2710 1377 προκειμένῳ
2739 1307 2935 1376 ψαλμῷ
2963 1309 3185 1378 ἄρχεται
3221 1311 3641 1382 διατηρητικῶςν
3681 1315 3844 1367 dove“
3867 1322 3922 1384 τῇ

2367 1398 2556 1452 ἑαυτοῦ
2603 1401 2745 1472 ψυχῇ
2808 1400 3203 1470 διαλεγόμενος,
3235 1405 3304 1468 ὡς
3349 1402 3405 1468 ἐξ
3453 1404 3783 1468 ἀκολουθίας
3828 1411 3926 1458 τῶν

2366 1492 2789 1559 προειρημένων.
2847 1493 2961 1544 ’Ίνα
3019 1492 3124 1561 γάρ
3193 1496 3264 1565 μὴ
3323 1495 3394 1565 τῷ
3471 1498 3783 1564 φρονήματι
3833 1499 3923 1566 τῆς

2368 1580 2567 1651 σαρκὸς
2603 1583 2634 1651 ἡ
2682 1581 2822 1653 ψυχὴ
2871 1584 3216 1650 ὑππαγεῖσα,
3256 1587 3386 1655 πρὸς
3418 1587 3584 1658 ὀργάς
3621 1588 3719 1638 καί⁵
3758 1587 3922 1650 λύπας

2363 1670 2758 1742 διερεΘίζηται,
2822 1675 2907 1727 ἵνα
2949 1674 3021 1736 τί,
3061 1676 3210 1742 φησὶ,
3265 1677 3452 1748 δούλην
3505 1678 3769 1748 ποιοῦμαι
3818 1679 3920 1746 (7οι

2367 1763 2613 1835 πονηρῶν
2647 1764 2834 1816 παθῶν
2879 1766 2977 1835 τὴν
3003 1765 3196 1836 ψυχὴν,
3229 1767 3374 1837 παρά
3402 1770 3491 1822 τοῦ
3519 1772 3810 1832 κτίσαντος
3835 1772 3921 1822 αὖ·

712 1842 906 1898 gatur:
947 1837 1038 1888 sed
1093 1846 1149 1890 ut
1181 1840 1398 1897 malitia:
1443 1855 1652 1912 oportet
1702 1861 1817 1900 eam
1867 1850 2152 1914 dominari,
2192 1853 2257 1905 ita

2367 1857 2461 1926 τὴν
2499 1857 2631 1909 Θεοῦ
2676 1857 2772 1926 τὴν
2817 1857 3107 1926 ἡγεμονίαν
3157 1857 3249 1911 τοῦ
3286 1859 3533 1928 σώματος
3581 1865 3676 1916 καὶ
3730 1862 3835 1915 τῶν
3871 1864 3920 1914 ἐν

715 1924 937 1980 Domino
989 1928 1363 1986 universorum
1410 1937 1707 2003 subiectam
1753 1954 1893 1995 esse.
1927 1943 2102 2008 Quare
2133 1943 2260 1996 Pro-

713 2014 870 2082 pheta
920 2018 1199 2090 insurgens
1232 2023 1282 2076 in
1337 2037 1479 2088 eum,
1512 2029 1602 2094 qui
1654 2032 1976 2085 tentationes
2012 2033 2258 2096 inducit,

713 2109 1043 2182 multamque
1085 2114 1345 2169 malorum
1401 2119 1613 2173 turbam
1657 2137 1706 2176 et
1742 2125 1965 2187 excitat,
2003 2134 2055 2176 et
2103 2139 2256 2177 suum

712 2201 944 2255 studium
979 2204 1029 2256 in
1060 2204 1110 2257 id
1139 2206 1368 2274 confert,
1400 2221 1455 2263 ut
1487 2213 1708 2280 spiritus
1732 2214 2026 2269 celsitatem
2060 2217 2263 2286 redigat

711 2288 764 2342 in
792 2294 1106 2348 servitutem
1137 2298 1207 2362 ’⁸,
1233 2314 1294 2354 ac
1319 2300 1490 2370 ipsum
1515 2305 1665 2358 carni
1695 2306 1965 2376 subjiciat,
2003 2308 2145 2363 velut
2179 2326 2259 2364 re-

710 2380 980 2450 darguens
1002 2401 1190 2441 vanam
1221 2391 1364 2445 illius
1388 2395 1672 2449 adversum
1713 2411 1771 2453 se
1797 2399 2110 2464 versutiam,
2151 2402 2260 2458 hmc

709 2471 838 2528 dicit
869 2491 883 2529 :
917 2476 1054 2543 Quid
1076 2495 1160 2535 me
1190 2483 1392 2538 servire
1409 2485 1556 2555 cogis
1585 2487 1653 2544 iis
1681 2489 1873 2557 quibus
1898 2491 1977 2544 fas
2008 2494 2257 2547 nonest?

709 2561 838 2620 Mihi
870 2567 1122 2626 Dominus
1160 2585 1261 2638 est,
1296 2591 1529 2645 agnosco
1558 2596 1737 2633 verum
1776 2584 1994 2651 Regem.

2367 1948 2512 2016 αὐτῷ
2543 1947 2873 2017 παθημάτων
2904 1951 3372 2019 πεπιστευμένην;
3403 1954 3495 2004 Δεῖ
3525 1957 3712 2006 τοίνυν
3744 1959 3918 2026 ἄρχειν

2369 2038 2463 2108 μὲν
2489 2040 2594 2091 τῶν
2621 2038 2822 2103 παθῶν,
2845 2036 3107 2091 δουλεύειν
3127 2040 3180 2091 δὲ
3203 2039 3278 2109 τῷ
3303 2040 3437 2109 Θεῷ.
3480 2043 3788 2111 Ἀμήχανον
3823 2047 3917 2112 γάρ

2365 2125 2531 2196 αὐτὴν
2564 2129 2656 2180 καὶ
2693 2126 2797 2178 ὑπὸ
2825 2125 2924 2195 τῆς
2964 2128 3230 2197 ἁμαρτίας
3265 2126 3662 2195 βασιλεύεσθαι,
3697 2133 3789 2181 καὶ
3824 2133 3918 2181 ὑπὸ

2367 2216 2457 2268 τοῦ
2485 2217 2651 2268 Θεοῦ·
2685 2218 2818 2272 ἀλλά
2861 2218 2941 2271 δεῖ
2989 2219 3184 2280 κακίας
3229 2218 3324 2286 μὲν
3358 2221 3696 2288 ἐπικρατεῖν,
3734 2221 3809 2289 τῷ
3835 2225 3918 2272 Δε-

2371 2308 2537 2377 σπότῃ
2558 2307 2613 2360 δὲ
2643 2309 2749 2362 τῶν
2776 2310 2909 2362 ὅλων
2953 2309 3326 2378 ὑποτετάχθαι.
3369 2310 3469 2363 Διά
3501 2312 3662 2365 τοῦτο
3707 2314 3915 2366 ἀποτεια

2365 2401 2633 2469 νόμενοςό
2671 2401 2954 2470 Προφήτης
2995 2399 3070 2469 τῷ
3103 2401 3354 2468 ἐπάγοντι
3395 2405 3520 2465 τοὺς
3562 2407 3912 2475 πειρασμοῦς,

2365 2488 2455 2541 καὶ
2478 2487 2565 2540 τὸν
2595 2486 2756 2540 πολὺν
2795 2485 2948 2554 ὄχλον
2983 2486 3129 2557 αὖτῷ
3172 2489 3276 2542 τῶν
3323 2490 3506 2543 κακῶν
3553 2493 3666 2560 (71)
3711 2494 3916 2558 ἐπεγείι

2369 2595 2530 2651 ροντι,
2560 2577 2652 2629 καὶ
2678 2576 2907 2647 σπουδὴν
2937 2577 3109 2647 ἔχοντι
3135 2577 3537 2648 δουλαγωγῆσαι
3580 2583 3638 2632 τὸ
3670 2584 3914 2651 φρόνημα

705 2655 797 2707 τοῦ
829 2660 1160 2729 πνεύματος,
1200 2668 1291 2718 καὶ
1337 2669 1634 2739 ὑπορρῖψαι
1677 2674 1808 2726 αὐτὸ
1873 2679 1934 2745 τῇ
1994 2679 2187 2749 σαρκὶ,
2219 2670 2327 2728 οἷον
2367 2672 2601 2741 ἐλέγχων
2651 2668 2814 2722 αὑτοῦ
2851 2671 3082 2739 ματαίαν
3111 2668 3272 2723 οὖσαν
3315 2672 3412 2741 τὴν
3449 2674 3566 2724 κατ’
3607 2675 3774 2726 αὑτοῦ
3807 2677 3914 2726 ἐπί·

705 2761 873 2811 νοιαν,
904 2753 1074 2808 ταῦτά
1101 2773 1257 2826 φησι·
1286 2760 1348 2812 Τί
1385 2779 1450 2830 με
1483 2762 1642 2836 βιάζῃ
1669 2766 1934 2822 δουλεύειν
1966 2765 2044 2832 οἷς
2068 2772 2140 2840 μὴ
2171 2769 2359 2837 οέμις;
2395 2767 2545 2834 Ἔχω
2567 2762 2862 2834 Δεσπότην,
2891 2760 3138 2834 γνωρίζω
3166 2762 3254 2814 τὸν
3283 2762 3495 2833 ἀληθῶς
3520 2764 3776 2818 Βασιλέα-

773 2841 828 2894 2.
856 2841 1042 2898 Nonne
1068 2848 1174 2903 Deo
1198 2851 1431 2921 subjecra
1470 2858 1567 2908 erit
1616 2860 1792 2910 animo
1823 2865 1980 2918 mea?
2028 2863 2089 2914 ub
2143 2863 2253 2928 ipso

703 2934 838 2987 enim
879 2937 1109 2994 salutare
1143 2957 1333 2998 meum.
1374 2945 1601 3001 Causam
1631 2950 1765 3004 dixit
1795 2968 1890 3006 cur
1921 2954 2110 3024 subjici
2140 2966 2253 3009 stu-

2427 2857 2480 2908 2.
2516 2857 2660 2923 Οὐχὶ
2702 2855 2780 2921 τῷ
2834 2854 2954 2921 Θεῷ
3006 2854 3437 2924 ὑποταγήσεται
3480 2857 3517 2923 ἡ
3552 2858 3728 2926 ψυχή
3767 2875 3912 2925 μοιι;

2357 2945 2488 3014 παρ’
2523 2946 2705 2998 αὑτοῦ
2742 2948 2851 3013 γὰρ
2884 2947 2949 2997 τὸ
2985 2945 3276 3013 σωτήριόν
3297 2965 3433 3016 μου.
3467 2947 3575 3018 Τὴν
3602 2949 3779 3001 αἰτίαν
3801 2944 3909 2999 εῖτ-ιε

704 3026 829 3080 deat
857 3045 872 3082 :
905 3032 1159 3098 quoniam
1192 3048 1221 3088 a
1248 3035 1358 3092 Deo
1392 3039 1630 3095 salutare
1657 3051 1758 3097 est.
1807 3042 2087 3115 Proprium
2111 3047 2251 3102 enim

2361 3038 2455 3108 τῆς
2487 3034 2614 3107 περὶ
2644 3035 2741 3106 τὴν
2785 3036 3060 3105 ὑποταγὴν
3108 3039 3365 3107 σπουδῆς·
3412 3039 3492 3090 ὅτι
3543 3039 3604 3089 τὸ
3654 3040 3911 3108 σωτήριον

705 3117 927 3188 Opiﬁcis
951 3132 1052 3188 est,
1083 3125 1416 3194 Opiﬁciorum
1451 3147 1669 3187 suorum
1715 3136 2136 3193 incolumitatem
2165 3155 2257 3193 cu-

706 3223 850 3264 rare.
905 3212 1020 3279 Vel,
1051 3216 1124 3269 Ab
1167 3219 1279 3285 ipso
1311 3221 1544 3276 salutare
1576 3233 1690 3291 est;
1745 3228 1999 3295 quoniam
2027 3231 2257 3298 prophe-

704 3300 809 3353 tice
833 3305 1133 3369 praevidens
1160 3307 1395 3364 futuram
1426 3328 1546 3366 esse
1588 3318 1816 3384 gratiam
1865 3318 2256 3376 incarnationis

703 3394 935 3464 Domini,
966 3399 1076 3454 haec
1111 3401 1279 3457 dicit:
1315 3405 1566 3460 nimirum
1605 3410 1710 3464 Deo
1750 3413 1953 3468 servire
1986 3425 2254 3481 Oportere,

703 3498 760 3542 et
788 3489 962 3557 ipsum
989 3493 1231 3565 diligere,
1253 3496 1342 3566 qui
1366 3497 1682 3554 beneﬁcium
1721 3513 1922 3559 tantum
1958 3505 2106 3575 prior
2131 3522 2257 3561 con-

705 3578 890 3633 tulerit
922 3583 974 3634 in
1014 3584 1286 3640 hominum
1343 3605 1533 3659 genus,
1567 3601 1623 3647 ut
1677 3609 1743 3650 ne
1795 3598 2010 3667 proprio
2044 3601 2254 3669 quidem

705 3668 844 3723 Filio
873 3678 1194 3740 pepercerit,
1240 3681 1330 3734 sed
1361 3697 1458 3750 pro
1487 3683 1641 3739 nobis
1673 3689 1922 3744 omnibus
1968 3691 2115 3745 illum
2150 3702 2256 3748 tra-

701 3760 898 3817 diderit
945 3765 1008 3819 ³⁵.
1041 3765 1153 3822 Mos
1195 3778 1278 3823 est
1325 3773 1468 3824 eiiim
1512 3775 1824 3842 Scripturce,
1883 3791 1936 3832 ut
1981 3781 2253 3836 Christum

706 3851 822 3917 Dei,
846 3856 1081 3912 salutare
1113 3861 1376 3927 appellet;
1411 3863 1552 3916 sicut
1589 3863 1784 3920 alicubi
1837 3869 2000 3922 etiam
2037 3871 2251 3926 Simeon

703 3948 778 3999 ait
813 3966 828 4003 :
859 3949 1015 4005 Nunc
1055 3954 1274 4008 dimittis
1303 3973 1506 4010 servum
1541 3969 1710 4024 tuum,
1745 3961 1959 4016 Domine
1978 3953 2001 4027 ,’
2033 3965 2155 4033 quia
2177 3966 2252 4018 vi-

703 4040 890 4092 derunt
913 4045 1050 4095 oculi
1081 4047 1178 4098 mei
1205 4047 1438 4102 salutare
1484 4059 1632 4104 tuum
1659 4053 1723 4105 ³¹.
1760 4053 2116 4125 Subjiciamur
2157 4058 2254 4127 igi-

702 4137 787 4183 tur
828 4132 954 4197 Deo,
995 4136 1134 4203 quod
1184 4139 1419 4194 salutare
1455 4143 1521 4196 ab
1552 4142 1672 4211 ipso
1722 4155 1823 4201 est.
1881 4149 2018 4213 Quid
2074 4160 2250 4206 autem

699 4219 768 4272 sit
799 4221 1055 4291 salutare,
1117 4228 1364 4296 explicat.
1416 4229 1530 4285 Non
1575 4233 1711 4286 nuda
1747 4238 1988 4303 qumdam
2017 4251 2252 4310 estOpe-

701 4311 842 4365 ratio
869 4355 883 4376 ,
938 4315 1168 4383 aliquam
1207 4319 1360 4374 nobis
1408 4321 1817 4377 benelicentiam
1867 4327 2114 4391 aﬂerens,
2148 4348 2250 4400 qua

2356 3130 2502 3203 παρά
2531 3129 2619 3182 τοῦ
2640 3126 2791 3182 Θεοῦ.
2819 3127 2975 3189 Ἰδιον
3003 3126 3110 3197 γὰρ
3137 3127 3473 3198 Δημιουργοῦ
3503 3129 3562 3179 τὸ
3594 3129 3701 3181 τῶν
3728 3131 3911 3183 ἑαυτοῦ

2357 3226 2674 3293 ποιημάτων
2701 3221 2813 3291 (72)
2853 3222 2949 3289 τῆς
2977 3218 3268 3286 ἀσφαλείας
3291 3219 3616 3289 φροντίζειν.
3647 3221 3742 3286 Ἥ,
3777 3225 3911 3288 Hap‘

2354 3313 2537 3367 αὐτοῦ
2564 3314 2629 3366 τὸ
2660 3312 2950 3380 σωτήριον
2969 3330 2980 3342 ο
3004 3311 3188 3382 ἐπειδὴ
3215 3313 3563 3384 προφητικῶς
3596 3315 3909 3385 προορώμε-

2354 3419 2442 3466 νος
2462 3404 2557 3472 τὴν
2583 3403 2874 3472 μέλλουσαν
2895 3402 3110 3456 ἔσεσθαι
3147 3404 3304 3475 χάριν
3329 3405 3425 3474 τῆς
3452 3406 3908 3474 ὲνανθρωπήσεως

2354 3494 2444 3547 τοῦ
2469 3494 2692 3565 Κυρίου,
2717 3493 2888 3548 ταῦτά
2917 3511 3078 3565 φησιν
3095 3515 3106 3526 ·
3132 3496 3212 3548 ὅτι
3238 3496 3501 3549 δουλεύειν
3535 3496 3616 3545 δεῖ
3657 3496 3738 3564 τῷ
3776 3495 3905 3564 Θεῷ,

2357 3587 2449 3640 καὶ
2473 3588 2686 3658 ἀγαπᾷν
2712 3587 2892 3650 αὑτὸν,
2931 3588 2988 3650 ὃς
3028 3587 3352 3657 τηλικαύτην
3391 3586 3710 3655 εὐεργεσίαν
3751 3590 3828 3650 εἰς
3855 3589 3906 3638 τὸ

2356 3678 2508 3748 γένος
2548 3679 2653 3732 τῶν
2695 3679 2988 3751 ἀνθρώπων
3037 3677 3495 3746 προκατεόἀλετο,
3545 3676 3623 3738 ὡς
3661 3679 3797 3748 μηδὲ
3819 3678 3904 3728 τοῦ

2360 3770 2485 3822 ἰδίου
2520 3770 2646 3821 Υίοῦ
2675 3769 2976 3837 φείσασθαι,
2999 3766 3108 3819 ἀλλ’
3133 3765 3269 3836 ὑπὲρ
3306 3765 3518 3818 πάντων
3550 3769 3583 3836 ἡ
3594 3767 3712 3837 μῶν
3741 3785 3904 3838 παρα-

2353 3881 2548 3933 δοῦναι.
2586 3882 2849 3949 Σωτήριον
2881 3880 2987 3952 γὰρ
3035 3880 3152 3942 ἔθος
3186 3880 3464 3949 ὀνομάζειν
3506 3884 3571 3950 τῇ
3599 3882 3788 3951 Γραφῇ
3820 3884 3903 3934 τὸν

2351 3969 2582 4038 Χριστὸν
2624 3970 2714 4021 τοῦ
2752 3970 2884 4022 θεοῦ
2906 3988 2918 4000 ·
2953 3970 3026 4032 ὥς
3061 3987 3160 4022 που
3197 3971 3288 4022 καὶ
3329 3968 3548 4038 Συμεών
3584 3989 3718 4038 φησι
3742 3991 3753 4002 ·
3785 3974 3902 4025 Νῦν

2351 4060 2630 4125 ἀπολύεις
2657 4059 2763 4112 τὸν
2783 4060 3002 4115 δοῦλόν
3023 4076 3158 4124 σου,
3181 4059 3443 4114 Δέσποτα
3463 4061 3574 4131 (75)
3593 4080 3606 4090 ·
3634 4063 3722 4114 ὅτι
3749 4064 3902 4116 εἴδει·

2353 4154 2405 4203 ol
2450 4152 2742 4220 ὀφθαλμοί
2777 4170 2894 4221 μου
2929 4152 2991 4205 τὸ
3027 4153 3316 4220 σωτήριόν
3349 4169 3482 4206 σου.
3523 4154 3900 4224 Ὑποτάγησὼ-

2358 4237 2491 4308 μεοα
2540 4235 2629 4292 οὖν
2677 4241 2754 4310 τῷ
2800 4241 2936 4311 Θεῷ,
2966 4242 3095 4294 διότι
3128 4244 3256 4313 παρ’
3299 4241 3458 4294 αὑτοῦ
3514 4242 3576 4293 το
3622 4246 3897 4312 σωτήριον.

2356 4328 2419 4381 Τί
2469 4330 2523 4382 δέ
2568 4333 2679 4384 ἐστι
2732 4332 2793 4384 τὸ
2845 4335 3124 4402 σωτήριον,
3166 4334 3469 4402 ἐρμηνεύει.
3519 4334 3635 4386 Οὐκ
3665 4336 3899 4406 ἐνέργειά

701 4401 769 4454 ab
823 4404 1136 4461 inﬁrmitate
1181 4409 1487 4476 liberemur,
1540 4413 1782 4482 bonaque
1818 4418 2060 4485 corporis
2095 4421 2250 4475 habi-

2361 4435 2434 4479 τις
2487 4418 2633 4489 ψιλὴ,
2685 4421 2842 4490 χάριν
2900 4421 3019 4472 τινὰ
3063 4423 3189 4491 ἡμῖν
3243 4424 3587 4495 παρεχομένη
3629 4430 3710 4489 είς
3739 4431 3896 4480 ἀπαλ-

704 4493 888 4548 tudine
908 4505 1139 4555 utamur.
1168 4503 1270 4556 Sed
1300 4503 1426 4572 quid
1452 4513 1536 4559 est
1579 4505 1852 4560 salutare?
1881 4506 2038 4562 Vsus.
2070 4510 2122 4565 5.
2157 4509 2248 4563 Et-

701 4585 836 4636 enim
883 4587 988 4650 ἔρξε
1043 4589 1180 4644 Deus
1229 4609 1369 4645 mea:
1402 4604 1450 4645 et
1499 4593 1740 4647 Salvator
1776 4613 1938 4661 meus,
1985 4612 2245 4668 susceptor

702 4690 873 4739 meus;
909 4693 1009 4731 non
1045 4683 1280 4734 movebar
1308 4684 1548 4738 multum.
1577 4686 1761 4752 Filius,
1789 4691 1876 4756 qui
1912 4705 1975 4744 ex
2010 4691 2118 4746 Deo
2145 4703 2246 4756 est,

703 4764 842 4820 Deus
876 4779 1056 4824 noster
1101 4783 1204 4827 est.
1257 4774 1397 4828 Idem
1429 4777 1590 4829 etiam
1647 4778 1893 4834 Salvator
1923 4791 1999 4834 est
2042 4785 2251 4850 generis

698 4856 943 4929 humani,
988 4864 1315 4922 debilitatem
1365 4879 1598 4923 nostram
1646 4870 1889 4938 fulciens,
1915 4889 1976 4927 ac
2009 4890 2250 4929 commo-

766 4971 810 5001 ‘°
838 4971 980 5026 Psal.
1027 4991 1251 5044 xxxviii,
1279 4979 1332 5033 5.
1406 4981 1449 5011 ⁸⁷
1476 4981 1604 5035 ibid.
1642 4981 1691 5034 6.

911 5105 1060 5181 Quill.
1082 5125 1179 5175 qua
1192 5111 1528 5181 rtllsraouit'qv
1555 5113 1836 5181 ποιοῦμεν.

769 5172 878 5243 (7i)
909 5175 1040 5246 Reg.
1087 5172 1273 5234 tertius
1298 5180 1450 5250 ὄχλον
1473 5172 1578 5233 τῶν
1602 5172 1804 5247 παθίῦν,
1839 5188 2036 5239 turbam
2073 5190 2261 5255 cupidi-

699 5252 886 5298 latum.

903 5312 1054 5395 (Ilolb.
1069 5321 1452 5395 ’ςιιιιιι-ιιιετῶν
1484 5321 1673 5375 ἑαυτοῦ
1710 5323 1772 5392 δη
1783 5342 1902 5392 μιου
1912 5342 2013 5395 ργη
2023 5327 2223 5395 μάτων.

769 5381 880 5451 (75)
917 5382 986 5434 lta
1017 5381 1181 5439 editio
1213 5387 1376 5442 Basil.
1406 5400 1456 5442 et
1506 5404 1628 5446 orto
1661 5381 1793 5445 mss.-
1824 5381 1970 5448 Atio
2004 5381 2252 5450 editione

699 5449 869 5528 Daris.
904 5462 1024 5528 post
1049 5469 1228 5528 vocem
1259 5459 1503 5512 Δέσποτα
1534 5462 1710 5515 addita
1743 5471 1860 5515 ειιιιι
1889 5465 1995 5528 illa,
2032 5449 2255 5519 uman

699 5521 971 5602 ῥῆμά-σου
1096 5526 1284 5602 εἰρήνῃ
1319 5561 1330 5580 .
1369 5531 1459 5582 sed
1517 5533 1642 5596 quin
1687 5547 1750 5584 ex
1809 5521 2095 5602 Evangelio
2153 5539 2252 5590 huc

701 5591 957 5643 translata
986 5593 1111 5657 sint,
1146 5591 1362 5650 dubium
1389 5615 1491 5652 non
1529 5591 1719 5654 habeo.

768 5660 878 5739 (η.)
923 5660 1164 5739 Verterat
1191 5668 1456 5734 interpres
1480 5686 1544 5721 ex
1588 5670 1825 5739 Vulgata.
1859 5669 1979 5726 Non
2014 5677 2247 5727 movebar

702 5730 944 5798 amplius.
1002 5732 1102 5789 Sed
1153 5752 1271 5791 cum
1302 5730 1401 5792 vox
1458 5730 2114 5807 (ιιιψίὶιιδνᾶυευιιιιιιυιίίιΐὶ
2157 5747 2240 5798 vix

1766 4984 1810 5014 ³⁸
1829 4984 1953 5042 ibid.
1991 4987 2040 5039 7.
2097 4987 2178 5040 "I
2215 4989 2337 5043 Cur.
2370 5005 2444 5056 lx,
2469 4990 2560 5044 27.

2356 4513 2522 4583 λαγὴν
2575 4515 2872 4577 ἀσθενείας,
2913 4515 3002 4566 καὶ
3049 4515 3292 4584 σώματος
3341 4517 3568 4582 εὐεξίαν.
3645 4523 3801 4575 Ἀλλά
3851 4525 3896 4574 τί

2349 4603 2463 4655 ἐστι
2527 4603 2587 4654 τὸ
2659 4605 2948 4675 σωτήριον;
3017 4606 3125 4658 Καὶ
3175 4607 3282 4674 γὰρ
3337 4610 3515 4672 αὐτὸς
3581 4614 3728 4677 Θεός
3789 4631 3895 4681 μου

2346 4694 2443 4745 καὶ
2495 4693 2691 4761 Σωτήρ
2747 4712 2885 4763 μου,
2933 4695 3302 4764 ἀντιλήπτωρ
3343 4716 3458 4766 μου
3533 4704 3608 4754 οὐ
3659 4703 3747 4771 μῖι
3799 4721 3895 4756 σα-

2344 4787 2536 4840 λευθῶ
2577 4786 2670 4839 ἐπὶ
2716 4788 2923 4841 πλεῖον
2968 4789 3098 4859 (74).
3132 4789 3259 4852 Θεὸς
3299 4791 3449 4860 ἡμῶν
3488 4795 3635 4845 ἐστιν
3663 4799 3689 4848 ὁ
3719 4799 3780 4848 ἐκ
3810 4797 3892 4848 τοῦ

2348 4880 2480 4932 Θεοῦ
2532 4881 2672 4944 Υἱός.
2731 4882 2788 4933 '0
2844 4882 3000 4945 αὐτὸς
3044 4883 3133 4936 καὶ
3183 4883 3368 4955 Σωτὴρ
3409 4886 3500 4937 τοῦ
3550 4888 3744 4954 γένους
3797 4891 3891 4940 τῶν

2635 4991 2848 5046 "Rom.
2886 5009 2995 5058 vnt,
3018 4995 3105 5050 32.
3180 4997 3221 5027 ³¹
3262 4995 3389 5052 Luc.
3416 5013 3472 5060 ιι,
3500 4998 3587 5062 9.9,
3623 5002 3710 5055 330.

2358 5122 2790 5194 posseuvideatur
2824 5125 2886 5178 ad
2935 5124 3248 5178 Basilianam
3281 5128 3744 5194 explanationem,
3806 5150 3887 5183 ιιως

2358 5207 2476 5243 cum
2510 5192 2831 5245 Combelisio
2859 5195 3074 5245 multum
3105 5192 3444 5264 interpretari
3477 5200 3785 5254 maluimus.
3815 5206 3884 5251 Αι.

2357 5276 2458 5326 que
2515 5262 2651 5313 hanc
2683 5275 2918 5316 nostram
2951 5262 3331 5332 interpretandi
3372 5268 3635 5320 rationem
3673 5286 3700 5321 a
3752 5271 3883 5322 Seri-

2359 5340 2526 5397 ptura:
2557 5345 2712 5403 sensu
2769 5347 2869 5383 non
2920 5334 3190 5403 aberrare,
3231 5349 3293 5387 ex
3349 5334 3603 5403 "exortis
3647 5341 3880 5403 cognosci

2359 5411 2546 5464 potest.
2585 5399 2636 5451 In
2672 5400 2734 5454 iis
2763 5402 2902 5453 enim
2933 5417 2998 5454 ex
3032 5401 3252 5457 Hebraeo
3280 5406 3354 5458 sic
3384 5399 3630 5467 vertitur,
3662 5399 3781 5460 Non
3816 5409 3879 5458 la-

2361 5468 2726 5541 bar-Amulium.
2791 5470 2897 5522 Hoc
2928 5472 3062 5523 idem
3097 5476 3326 5525 ostendit
3372 5484 3424 5528 et
3471 5477 3716 5541 Aquilas,
3769 5482 3877 5527 dum

2359 5538 2427 5614 ita
2469 5539 2968 5614 iiiterpretaliis_est
3018 5543 3076 5592 οὐ
3126 5543 3461 5613 σφαλήσομαι
3503 5538 3719 5614 πολλήν,
3772 5545 3875 5596 Non

2358 5605 2507 5656 labar
2559 5609 2794 5660 multam.
2829 5609 2948 5663 Mox
2988 5605 3630 5681 Operarnm'negligentia
3658 5605 3757 5677 ’βω

2354 5677 2567 5745 ερείόων
2596 5679 2790 5732 editum
2822 5681 3061 5735 fueratin
3090 5683 3320 5738 editione
3344 5677 3511 5738 Paris.
3552 5685 3823 5757 ὑπεριδών.
