4058 6320
137 366 267 417 475

1309 362 1588 419 "OMILIA
1630 362 1696 417 IN
1735 358 2066 415 PSALMUM
2105 359 2241 417 LXI.

3280 364 3384 419 474

137 481 483 553 ἀνθρώπων,
542 481 569 532 6
616 481 676 534 τὸ
731 479 953 544 ἀσθενὲς
1001 481 1154 553 ἡμῶν
1210 479 1529 550 ὑπερείδων,
1563 480 1590 532 6
1633 480 1713 533 τὸν

1828 479 2022 534 tionem
2061 494 2126 534 ex
2166 478 2556 535 tentationibus
2609 478 2802 535 animis
2850 480 3050 535 nostris
3097 481 3387 541 advenient--

134 577 211 626 ἐκ
253 577 359 628 τῶν
396 573 719 648 πειρασμῶν
757 573 1104 646 ἐγγινόμενον
1168 574 1287 636 ταῖς
1332 573 1530 644 ψυχαῖς
1562 573 1719 644 ἡμῶν

134 669 316 723 σάλον
345 667 825 741 ἐπανορθούμενος.
846 671 924 723 Οὐ
945 667 1030 737 μὴ
1053 665 1329 721 σαλευθῶ
1356 666 1454 719 ἐπὶ
1489 667 1716 720 πλεῖον

134 761 513 834 ἀνθρωπίνως
578 759 829 829 ὁμολογεῖ
889 760 980 812 τὸν
1047 757 1226 812 σάλον.
1302 757 1432 810 Ἐπὶ
1487 756 1719 818 πλεῖον.

152 853 470 926 Ἀμήχανον
505 849 611 923 γὰρ
647 851 703 904 ὲν
734 850 1021 922 ἀνθρώπου
1054 849 1166 920 (75)
1197 849 1339 922 ψυχῇ
1374 848 1448 921 μὴ
1471 848 1720 916 γενέσθαι

135 949 277 1001 τινα
309 947 466 1000 σάλον
511 944 617 997 ἀπὸ
662 946 767 1000 τῶν
802 943 1145 1016 πειρασμῶν.
1183 943 1326 1007 Ἕως
1372 943 1471 1012 μὲν
1498 936 1589 994 οὖν
1629 961 1718 1013 μι-

136 1042 263 1110 κρὰ
301 1037 683 1109 ἁμαρτάνομεν
727 1039 818 1091 καὶ
860 1038 1034 1104 ὀλίγα,
1085 1035 1275 1109 ὥσπερ
1320 1035 1390 1088 τὰ
1434 1034 1574 1103 φυτά
1618 1034 1721 1087 ὑπὸ

137 1130 386 1199 πραείας
414 1127 586 1200 αὑρας
623 1127 1060 1200 περιδονούμενοι
1107 1127 1238 1199 (76),
1269 1127 1451 1196 ἡρέμα
1481 1142 1596 1189 πως
1627 1143 1720 1180 σα-

135 1221 419 1291 λευόμεθα
441 1240 453 1253 ·
490 1222 705 1276 ἐπειδὰν
734 1220 790 1273 δὲ
817 1220 986 1273 πλείω
1014 1219 1105 1272 καὶ
1137 1219 1356 1292 μείζονα
1453 1218 1523 1270 τὰ
1553 1218 1716 1278 κακὰ,

135 1315 292 1366 κατά
322 1314 419 1384 τὴν
439 1313 726 1380 ἀναλογίαν
749 1312 850 1383 τῆς
878 1312 986 1365 τῶν
1011 1312 1424 1386 ἁμαρτημάτων
1445 1312 1719 1383 αὐξήσεως

135 1405 246 1458 καὶ
289 1407 317 1458 6
356 1409 513 1468 σάλος
546 1405 912 1458 ἐπιτείνεσθαι
962 1406 1194 1476 πέφυκε.
1245 1404 1354 1457 Καὶ
1403 1407 1451 1456 οἱ
1496 1404 1592 1475 μὲν
1627 1403 1718 1457 ἐπὶ

135 1497 334 1549 πλεῖον
369 1497 681 1551 σαλεύονται
708 1515 721 1526 ’
751 1499 798 1549 οἱ
829 1497 883 1549 δὲ
930 1499 1088 1570 μέχρι
1130 1497 1224 1550 τοῦ
1267 1496 1362 1549 καὶ
1409 1496 1717 1570 αὑτόρριζοι

133 1587 552 1660 ἀνατραπέντες
594 1587 1015 1659 καταϐληθῆναι,
1067 1591 1194 1642 ὅταν
1227 1586 1488 1651 λαίλαπος
1538 1588 1719 1656 πάσης

136 1679 454 1753 βιαιότερον
501 1680 568 1734 τὰ
616 1681 960 1750 πνευματικὰ
998 1682 1094 1750 τῆς
1122 1678 1384 1750 πονηρίας
1413 1680 1508 1741 τὶς
1556 1678 1718 1731 οἱονεὶ

136 1775 306 1843 ῥίζας
333 1775 431 1844 τῆς
454 1774 648 1846 ψυχῆς,
699 1768 786 1836 αἷς
812 1775 1170 1845 ἐπεστήρικτο
1207 1767 1316 1842 (77)
1347 1775 1410 1843 τῇ
1441 1771 1616 1823 πίστει
1651 1773 1712 1842 τῇ

1828 580 1932 626 tem
1958 571 2257 642 corrigens.
2298 572 2422 628 Non
2450 571 2690 627 movebar
2727 572 2969 628 multum.
3001 571 3245 631 llumano
3271 593 3386 631 mo-

1825 679 1884 718 re
1943 664 2230 719 conlitetur
2266 667 2703 721 commotionem.
2761 665 3009 721 Multum.
3043 665 3185 721 Fieri
3239 671 3382 724 enim

1825 772 1928 811 non
1973 767 2145 828 potest
2195 758 2336 812 utin
2387 759 2620 818 hominis
2670 771 2860 815 natura
2910 763 3204 818 commotio
3238 764 3380 818 nulla

1823 850 2088 903 excitetur
2120 864 2149 902 a
2179 849 2580 908 tentatiunibus.
2619 856 2750 909 Dum
2783 854 2946 924 igitur
2973 873 3133 924 parva
3165 868 3217 913 et
3246 874 3381 929 pau-

1822 955 1883 994 ca
1915 952 2134 1008 peccata
2167 942 2577 1007 committimus,
2597 946 2792 1003 leniter
2817 947 3212 1018 quodammodo
3235 967 3382 1008 com-

1822 1049 2122 1102 movemur,
2154 1036 2301 1090 velut
2335 1035 2530 1105 plantae
2556 1053 2675 1107 qua:
2703 1056 2730 1093 a
2764 1042 2866 1096 leni
2903 1057 3032 1096 aura
3070 1042 3377 1112 agitantur:

1822 1128 1910 1181 ubi
1947 1144 2073 1182 vero
2103 1130 2254 1198 plura
2280 1131 2589 1199 maioraque
2619 1131 2816 1186 fuerint
2847 1138 2981 1189 mala
3003 1180 3018 1204 ,
3048 1153 3144 1207 pro
3170 1137 3380 1192 ratione

1823 1220 2142 1273 incrementi
2178 1232 2545 1289 peccatorut..,
2577 1223 2739 1277 etiam
2765 1231 3052 1282 commotio
3081 1233 3262 1299 augeri
3287 1246 3378 1286 so-

1822 1313 1912 1368 let.
1942 1313 2003 1366 Ει
2037 1313 2124 1366 alii
2153 1315 2366 1382 quidem
2399 1317 2624 1371 multum
2664 1328 3072 1372 commoventur
3097 1323 3220 1376 :alii
3251 1340 3377 1380 vero

1821 1423 1991 1477 usuue
2023 1406 2177 1466 adeo.
2205 1395 2453 1462 utetiam
2501 1411 2759 1467 radicitus
2799 1411 2972 1467 eversi
3029 1413 3373 1483 dejiciantur,

1819 1516 1940 1555 eum
1985 1501 2296 1570 spirituales
2321 1503 2573 1571 nequitia:
2603 1506 2753 1574 quasi
2787 1505 2995 1561 radices
3027 1506 3240 1574 animae,
3267 1511 3379 1577 qui-

1821 1593 1918 1648 bus
1951 1609 2047 1662 per
2070 1593 2227 1646 tidem
2273 1595 2324 1646 in
2365 1594 2529 1648 Deum
2561 1598 2788 1651 subnixa
2811 1609 2944 1660 erat,
2975 1600 3126 1653 omni
3161 1599 3376 1655 turbine

1819 1686 2107 1742 violentius
2127 1687 2464 1756 abruperint.
2485 1689 2595 1759 Ego
2623 1691 2823 1760 itaque,
2849 1693 3042 1762 inquit,
3074 1704 3376 1753 commotus

1819 1781 2033 1845 quidem
2058 1794 2176 1834 sum
2215 1789 2271 1834 ut
2294 1780 2481 1848 homo;
2514 1783 2605 1837 sed
2650 1783 2870 1837 multum
2912 1801 3014 1840 non
3063 1801 3375 1843 commove-

133 1869 288 1921 κατὰ
304 1869 456 1930 Θεὸν,
483 1867 790 1938 ἀπορρήξῃ.
818 1867 956 1934 Ἐγὼ
989 1868 1188 1930 τοίνυν,
1211 1868 1390 1935 φησιν,
1416 1867 1713 1939 ἐσαλεύθην

1817 1871 1930 1936 bor,
1964 1871 2219 1939 quoniam
2265 1869 2541 1927 suti'ulcior
2593 1874 2814 1929 dextera
2857 1890 3014 1930 manu
3055 1877 3372 1936 Salvatoris.

134 1959 245 2028 μὲν
261 1960 337 2021 ὡς
375 1958 688 2029 ἄνθρωπος·
721 1959 812 2010 ἐπὶ
847 1959 1025 2012 πλεῖον
1048 1960 1102 2012 δὲ
1132 1958 1191 2011 οὑ
1219 1959 1294 2028 μὴ
1329 1960 1593 2025 σαλευθῶ,
1628 1960 1718 2014 διὰ

128 2050 199 2102 τὸ
235 2050 712 2123 ἀντιστηρίζεσθαι
740 2055 805 2124 τῇ
837 2052 986 2124 δεξιᾷ
1008 2053 1149 2124 χειρὶ
1171 2052 1265 2104 τοῦ
1309 2054 1577 2124 Σωτῆρος.

211 2140 267 2194 5.
289 2140 441 2209 Ἕως
457 2143 601 2197 πότε
620 2145 956 2199 ἐπιτίθεσθε
972 2145 1061 2197 ἐπ’
1076 2144 1387 2212 ἄνθρωπον
1405 2144 1718 2213 ψοιέύετε

131 2233 367 2301 πάντες
408 2238 594 2305 ὑμεῖς,
627 2236 706 2301 ὡς
749 2238 926 2303 τοίχῳ
967 2236 1292 2304 κεκλιμένῳ
1342 2237 1439 2290 καὶ
1473 2235 1718 2305 ρραγμῷ

127 2323 420 2394 ὠσμὲνῳ;
453 2326 621 2381 Πάλιν
670 2328 782 2388 τοῖς
827 2328 1081 2398 πονηροῖς
1128 2327 1425 2397 ὑπηρέταις
1464 2328 1557 2382 τοῦ
1583 2328 1715 2380 -δια-

130 2415 295 2468 δόλου
331 2418 583 2486 μάχεται,
624 2418 722 2490 τὴν
752 2419 1018 2491 ἀμετρίαν
1040 2419 1361 2490 αἰτιώμενος
1384 2421 1411 2472 6
1437 2421 1592 2488 λόγος
1616 2421 1715 2490 τῆς

130 2513 270 2579 παρ’
299 2509 477 2564 αὑτῶν
508 2512 854 2585 έπαγομένης
884 2513 1195 2585 ἐπιϐουλῆς.
1230 2514 1351 2568 Ὅτι
1391 2517 1438 2568 oi
1485 2513 1582 2584 μὲν
1619 2512 1714 2566 ἆν-

131 2601 352 2673 θρωποί
379 2607 484 2658 είσι
514 2604 652 2670 ζῶον
676 2605 900 2670 ἀσθενές
923 2624 935 2636 ·
976 2608 1132 2678 ὑμεῖς
1166 2605 1222 2659 δὲ
1251 2604 1554 2660 ἐπιτίθεσθε
1574 2645 1586 2668 ,
1615 2605 1715 2658 οὑκ

129 2695 476 2766 ἀρκούμενοι
506 2701 570 2768 τῇ
597 2697 789 2771 πρώτῃ
818 2698 1091 2770 προσϐολῇ
1121 2715 1135 2727 ·
1168 2698 1302 2752 ἀλλὰ
1344 2699 1437 2752 καὶ
1459 2697 1716 2768 δευτέραν

130 2788 231 2839 καὶ
255 2788 445 2868 τρίτην
467 2791 720 2856 ὲπὰγετε,
749 2791 852 2854 ἕως
884 2791 948 2844 ἂν
978 2791 1119 2844 οὕτω
1147 2791 1246 2862 τὴν
1274 2791 1450 2862 ψυχὴν
1477 2791 1569 2844 τοῦ
1611 2810 1714 2845 πα-

133 2879 474 2947 ραπεσόντος
500 2881 629 2951 ὑμῖν
658 2883 1071 2954 καταστρέψητε
1100 2883 1245 2954 (78),
1276 2883 1414 2936 ὥστε
1463 2883 1712 2952 γενέσθαι

132 2980 532 3051 παραπλησίαν
560 2982 725 3053 τοίχῳ
756 2983 989 3036 κλιθέντι
1009 2984 1101 3037 καὶ
1120 2983 1358 3056 φραγμῷ
1378 2985 1714 3055 ἀνατραπέν-

129 3089 206 3125 τι.
229 3072 420 3143 Τοῖχος
445 3073 523 3139 δὲ,
551 3073 656 3138 ἕως
679 3076 774 3146 μὲν
798 3076 886 3128 ὅτε
915 3076 1012 3146 τὴν
1030 3075 1195 3147 ὀρθὴν
1219 3074 1569 3144 διαφυλάσσει
1595 3075 1715 3126 στά-

134 3179 242 3226 σιν,
296 3164 494 3232 πάγιος
527 3167 708 3236 μένει·
749 3167 966 3220 ἐπειδάν
1005 3167 1061 3220 δὲ
1088 3167 1268 3236 κλιθῇ,
1317 3165 1531 3234 ἀνάγκη
1563 3166 1712 3217 πᾶσα

130 3219 302 3308 αὑτὸν
337 3219 650 3310 διαλυθέντα
672 3219 889 3310 πεσεῖν.
1029 3259 1126 3327 μὲν
1150 3219 1536 3326 γάέὴνωμένά
1571 3255 1709 3327 βάρη
1740 3219 1781 3279 C

135 3348 280 3417 μετά
307 3349 405 3422 τὴν
453 3351 627 3404 κλίσιν
675 3351 928 3423 ὀρθοῦται
979 3350 1109 3420 (79),
1159 3351 1226 3404 τὰ
1278 3349 1333 3402 δὲ
1361 3349 1425 3402 ὲκ
1453 3350 1709 3404 πλειόνων

133 3442 494 3511 συγκείμενα,
532 3445 743 3496 ἐπειδάν
769 3446 855 3513 ἐφ’
891 3445 948 3496 ἓν
974 3445 1071 3516 τὴν
1096 3445 1266 3516 ῥοπὴν
1295 3443 1444 3518 πάθῃ
1464 3485 1477 3507 ,
1526 3445 1710 3497 οὑκέτι

132 3531 350 3601 δέχεται
379 3533 477 3603 τὴν
502 3534 888 3606 ἐπανόρθωσιν.
919 3535 1509 3589 Ἐνδείκνυταιτοίνυνὸ
1531 3534 1707 3602 λόγος,

131 3625 214 3675 ὅτι
236 3627 270 3693 ἡ
299 3625 456 3691 φύσις
475 3627 505 3696 ἡ
524 3625 613 3678 τοῦ
636 3625 946 3697 ἀνθρώπου,
968 3626 1219 3690 σύνθετος
1233 3623 1385 3693 οὖσα,
1404 3627 1592 3696 ἐκλίθη
1614 3627 1710 3697 μὲν

133 3715 243 3766 ὑπὸ
259 3716 358 3784 τῆς
379 3717 666 3787 ἁμαρτίας,
683 3717 907 3788 λυθῆναι
921 3718 977 3771 δὲ
993 3718 1207 3780 πάντως
1225 3718 1392 3789 αὑτὴν
1407 3719 1532 3788 χρή·
1549 3717 1709 3782 ὥστε,

136 3807 243 3859 ὑπὸ
277 3805 372 3858 τοῦ
404 3808 460 3873 ἐξ
477 3810 649 3878 ἀρχῆς
677 3810 1127 3882 οἰκοδομήσαντος
1158 3809 1325 3881 αὑτὴν
1351 3809 1590 3879 τεχνίτου
1609 3808 1712 3862 πά-

132 3900 216 3954 λιν
242 3901 761 3968 ἀνασκευασθεῖσαν,
793 3903 853 3954 τὸ
869 3903 1104 3971 ἀσφαλὲς
1139 3904 1231 3955 καὶ
1259 3903 1590 3957 ἀκατάλυτον
1617 3903 1711 3956 καὶ

136 4004 276 4073 πρὸς
324 4003 582 4074 δευτέραν
632 4002 838 4056 πτῶσιν
897 4002 1347 4056 ἀνεπιϐούλευτον
1396 4001 1708 4056 ἀπολαϐεῖν.

138 4093 292 4146 Θεοῦ
319 4093 616 4163 γεώργιον,
670 4096 825 4167 φησι,
881 4096 1026 4150 Θεοῦ
1062 4095 1340 4165 οἰκοδομή
1388 4096 1544 4150 ἐστε.
1601 4095 1709 4166 Τὴν

135 4191 428 4260 οἰκοδομὴν
455 4194 656 4263 ταύτην
686 4195 997 4247 κατέσεισεν
1034 4197 1062 4246 ὁ
1089 4193 1282 4263 ἐχθρός
1301 4212 1313 4224 ·
1350 4196 1416 4248 τὰ
1449 4195 1709 4265 γενόμενα

137 4283 193 4334 ὲν
248 4283 386 4353 αὑτῇ
443 4287 698 4355 ῥήγματα
746 4289 1106 4340 ἀνεσκεύασεν
1153 4291 1181 4342 6
1221 4289 1572 4359 Δημιουργός.
1609 4288 1711 4341 Οὖ-

136 4391 245 4436 τως
279 4375 551 4443 ἀναγκαία
595 4378 690 4447 μὲν
736 4379 768 4449 ἡ
806 4378 1010 4442 πτῶσις
1039 4379 1126 4433 διὰ
1156 4379 1251 4450 τὴν
1280 4380 1572 4450 ἁμαρτίαν,
1610 4397 1707 4450 με-

138 4467 282 4538 γάλη
311 4468 368 4520 δὲ
399 4470 747 4539 ήάνάστασις
771 4471 857 4525 διὰ
888 4471 984 4543 τὴν
1016 4472 1334 4526 ἀθανασίαν.
1381 4471 1552 4539 Πλὴν
1595 4471 1709 4539 τὴν

1886 2147 1938 2202 5.
1985 2148 2145 2205 Vens.
2170 2151 2223 2204 4.
2265 2148 2543 2222 Quousque
2570 2151 2771 2208 irruitis
2802 2153 2856 2206 in
2883 2153 3185 2210 hominem?
3208 2157 3374 2214 inter-

1815 2240 1969 2310 ﬁcitis
2000 2243 2155 2315 195
2180 2245 2404 2300 universi
2426 2261 2513 2300 vos
2536 2253 2780 2315 tanquam
2819 2247 3003 2313 parieti
3045 2248 3296 2305 inclinato
3322 2261 3372 2305 et

1816 2338 2056 2388 macer-iw
2081 2337 2346 2406 depulsae?
2381 2339 2591 2394 Rursus
2629 2340 2887 2394 adversus
2930 2356 3127 2411 pravos
3167 2343 3369 2399 diaboli

1818 2424 2094 2480 ministros
2138 2438 2337 2497 pugnat
2387 2428 2475 2483 ltic
2519 2446 2718 2495 sermo,
2779 2432 3094 2490 immodicas
3129 2450 3249 2505 quae
3302 2436 3372 2490 ab

1817 2515 1949 2584 ipsis
1977 2529 2263 2575 struuntur
2313 2521 2536 2576 insidias
2565 2538 2847 2579 accusans.
2886 2525 3151 2583 Nimirum
3190 2529 3367 2583 homi-

1817 2632 1913 2672 nes
1953 2614 2151 2669 animal
2182 2613 2356 2668 debile
2391 2625 2548 2680 sunt;
2587 2630 2680 2670 vos
2710 2624 2888 2669 autem
2933 2619 3161 2687 irruitis,
3194 2621 3370 2690 primo

1815 2707 2018 2761 assultu
2052 2723 2154 2760 non
2190 2707 2427 2760 contenti
2458 2725 2474 2761 :
2505 2707 2599 2761 sed
2630 2716 2683 2761 et
2717 2708 3013 2762 secundum
3064 2719 3118 2765 et
3147 2711 3364 2765 tertium

1814 2801 2047 2863 infertis,
2079 2801 2250 2854 donec
2277 2800 2354 2854 sic
2390 2801 2626 2855 animam
2680 2800 2798 2872 ejus
2827 2801 2917 2871 qui
2949 2802 3002 2855 in
3046 2817 3138 2859 vos
3165 2801 3370 2858 incide-

1815 2896 1902 2954 rit,
1933 2891 2276 2952 subvertatis,
2311 2892 2383 2945 ita
2413 2900 2469 2943 ut
2499 2894 2690 2960 parieti
2730 2894 2989 2950 inclinato
3025 2904 3080 2949 et
3119 2899 3369 2951 maceriae

1814 2985 2004 3035 dirutae
2041 2983 2130 3036 liat
2163 2983 2481 3038 consimilis.
2515 2982 2698 3039 Paries
2735 2997 2912 3040 autem
2961 2987 3195 3055 quandiu
3246 2990 3368 3056 qui-

1814 3076 1934 3129 dem
1980 3076 2142 3130 situm
2191 3088 2395 3131 rectum
2441 3088 2743 3138 conservat,
2796 3077 2985 3133 firmus
3037 3087 3242 3145 manet;
3277 3080 3366 3134 ubi

1816 3184 1943 3224 vero
1991 3171 2279 3227 inclinatus
2336 3169 2520 3236 fuerit,
2567 3170 2742 3241 ipsum
2789 3171 3107 3226 dissolutum
3165 3172 3363 3228 cadere

1811 3265 2031 3318 omnino
2061 3279 2277 3318 necesse
2310 3275 2406 3317 est.
2443 3262 2572 3317 Nam
2611 3265 2840 3332 pondera
2878 3279 2941 3318 ex
2980 3279 3086 3319 uno
3109 3274 3366 3319 constan-

1813 3359 1884 3412 tia
1931 3368 2052 3427 post
2089 3357 2491 3411 inclinationem
2533 3357 2849 3426 eriguntur:
2887 3358 2980 3412 sed
3027 3373 3090 3412 ea
3138 3373 3256 3428 quae
3296 3372 3360 3412 ex

1812 3450 2053 3518 pluribus
2103 3457 2520 3516 componuntur,
2547 3459 2826 3519 postquam
2865 3449 3264 3504 inclinationem
3296 3450 3360 3504 ad

1812 3556 1968 3594 unam
2002 3551 2207 3610 partem
2265 3555 2517 3609 perpessa
2569 3541 2791 3604 fuerint,
2848 3542 3025 3596 denuo
3068 3543 3200 3612 erigi
3255 3558 3361 3596 non

1809 3644 2054 3703 possunt.
2080 3634 2325 3688 Ostendit
2373 3634 2536 3703 igitur
2578 3648 2778 3700 sermo,
2833 3643 3078 3687 naturam
3130 3634 3362 3688 hominis

1810 3742 1930 3782 cum
1970 3729 2264 3795 composita
2291 3726 2381 3788 sit,
2412 3725 2724 3780 inclinatam
2752 3725 2965 3794 quidem
2991 3726 3156 3780 fuisse
3180 3743 3207 3780 a
3238 3741 3362 3794 pec-

1811 3829 1952 3883 cato,
1979 3821 2071 3874 sed
2099 3820 2265 3888 ipsam
2299 3817 2511 3888 penitus
2544 3815 2674 3870 solvi
2705 3829 2973 3884 oportere,
3001 3817 3136 3869 ntali
3157 3816 3363 3870 artifice

1809 3911 1899 3978 qui
1927 3927 2045 3966 eam
2071 3910 2138 3964 ab
2163 3912 2314 3966 initio
2337 3909 2624 3966 :editicavit
2654 3922 2838 3962 rursus
2871 3917 3136 3976 reparata,
3166 3916 3361 3962 statum

1810 4003 2040 4074 accipiat
2066 4013 2258 4067 tutttm,
2290 4001 2851 4070 indissolubilemque,
2883 4013 2937 4056 et
2982 4001 3188 4056 insidiis
3229 4001 3364 4056 alte-

1809 4098 1920 4151 rius
1946 4112 2104 4152 casus
2133 4098 2486 4150 inaccessum.
2537 4095 2632 4147 Dei
2679 4093 3021 4163 agricultura,
3053 4093 3242 4161 inquit,
3268 4090 3362 4144 Dei

1808 4189 2089 4256 aediﬁcatio
2134 4186 2260 4241 estis
2279 4187 2346 4240 ”.
2393 4184 2829 4240 IEditicationem
2884 4184 3040 4237 istam
3089 4182 3362 4238 concuSsit

1810 4280 2085 4342 inimicus,
2116 4287 2171 4333 at
2194 4278 2460 4333 fracturas
2501 4277 2553 4330 in
2582 4291 2644 4330 ea
2679 4277 2853 4331 tactas
2873 4274 3059 4345 Opifex
3089 4275 3360 4329 instaura-

1807 4373 1904 4425 vit.
1939 4371 2029 4426 Sic
2050 4371 2390 4426 necessarius
2411 4370 2625 4440 quidem
2646 4379 2728 4424 est
2766 4384 2945 4430 casus.
2983 4377 3205 4436 propter
3231 4380 3358 4436 pee-

1810 4476 1990 4520 catum
2023 4465 2154 4520 :sed
2192 4479 2382 4533 magna
2418 4471 2501 4518 est
2545 4461 2889 4523 resurrectio,
2936 4461 3006 4513 ob
3045 4458 3361 4512 immortali-

137 4561 318 4628 τιμήν
335 4579 454 4630 μου
473 4562 909 4617 ἐϐουλεύσαντο
937 4565 1306 4620 ἀπώσασθαυ
1328 4563 1582 4630 ἔδραμον
1598 4563 1706 4634 (80)

1814 4567 1993 4614 tatem.
2019 4556 2180 4612 Vens.
2204 4557 2256 4610 5.
2288 4556 2650 4610 Verumtamen
2672 4555 2892 4607 nretium
2914 4567 3081 4607 meum
3109 4553 3362 4622 cogitave-

211 4675 259 4706 ³⁸
301 4674 470 4729 lCor.
510 4692 591 4740 ιιι,
626 4677 679 4733 9.

212 4764 331 4834 (75)
353 4765 514 4839 _Coll_).
585 4778 809 4836 quartus
859 4768 1284 4839 ἐπ’ἁνθρώπου.
1345 4769 1550 4823 Ibidem
1602 4775 1711 4820 tres

141 4850 279 4889 mss.
308 4836 572 4902 γίνεσθαι.

213 4905 332 4976 (76)
364 4907 539 4978 Εόίιίο
562 4905 722 4960 Basil.
759 4909 1202 4978 περιδονούμενα.
1243 4908 1420 4962 Editio
1448 4921 1576 4961 vero
1613 4905 1712 4960 Paw

141 4975 244 5048 ris.
278 4975 331 5048 et
356 4976 567 5046 Anglic.
604 4988 656 5032 et
684 4975 913 5033 Otii-{et
944 4975 1113 5033 nostri
1154 4994 1351 5034 novem
1389 4993 1518 5032 mss.
1553 4992 1710 5048 περι-

138 5043 296 5098 δονού
305 5043 477 5113 μενοι.

216 5114 333 5191 (77)
357 5117 506 5191 _Col_b.
529 5129 759 5191 quartus
782 5120 1166 5191 ἀπεστήρικτο.
1198 5118 1388 5191 Statim
1409 5117 1534 5172 editi
1568 5115 1707 5191 Ἐγὼ

141 5186 325 5238 τοίνυν
353 5186 664 5258 ὲσαλεύθην,
695 5191 876 5260 φησὶν,
906 5186 1008 5252 ὼςῖ
1032 5193 1103 5243 At
1132 5203 1258 5244 tttss.
1299 5189 1533 5257 quinque
1574 5189 1704 5241 utitt

141 5265 420 5310 contextu.

213 5325 331 5398 (78)
369 5326 442 5380 Ita
487 5326 782 5382 Cnlbertini
828 5330 1066 5398 quintus,
1121 5340 1306 5382 sextus
1349 5339 1403 5382 et
1443 5329 1701 5398 septimus

141 5412 267 5448 cum
301 5395 432 5466 Reg.
461 5399 617 5451 tertio
659 5409 713 5452 et
739 5395 862 5452 cum
889 5402 1122 5453 editione
1154 5399 1309 5451 Basil.
1343 5398 1447 5450 Alii
1480 5395 1696 5467 quidam

144 5479 299 5540 mss:
312 5481 435 5540 eum
463 5467 708 5540 editione
725 5468 792 5520 Pa
803 5471 893 5540 risi.
923 5467 1390 5540 καταστρέψησθε.

212 5533 326 5608 (ἶθ)
351 5536 477 5608 Reg.
515 5538 778 5608 secundus
799 5538 1102 5608 ὀρθοῦνται.

213 5603 327 5676 (80)
360 5607 509 5672 Illud,
541 5606 790 5676 ἔδραμον,
827 5603 894 5661 ita
929 5613 978 5661 in
1020 5608 1236 5675 Vulgata
1270 5617 1322 5661 et
1356 5608 1493 5671 apud
1537 5606 1687 5659 Lati-

143 5690 243 5726 nos
296 5675 480 5728 Patres
509 5675 817 5743 etpreSSttttt
875 5681 1162 5739 invenitur,
1192 5678 1398 5729 cucurri
1446 5695 1463 5732 :
1511 5689 1565 5729 et
1612 5676 1685 5742 ita

145 5759 378 5812 quoque.
438 5746 601 5799 invito
650 5746 864 5810 Ba~ilio,
924 5752 1301 5814 interpretatus
1337 5757 1422 5800 est
1450 5745 1687 5798 Tilman-

149 5831 269 5868 nus.
309 5814 519 5869 Etenim
568 5819 655 5884 qui
698 5833 799 5874 nou
836 5819 994 5884 videt,
1029 5820 1128 5872 nisi
1171 5827 1406 5871 vertatur
1442 5831 1686 5870 cucurre-

1814 4770 1953 4823 runt,
1974 4756 2294 4812 ἀκολουθίαν
2323 4756 2584 4811 orationis
2616 4764 2868 4810 constare
2897 4769 2999 4808 non
3042 4768 3218 4822 posse,
3253 4769 3359 4809 cre-

1812 4833 1982 4886 cutiat
2032 4842 2250 4882 necesse
2273 4839 2374 4880 est.
2408 4825 2534 4879 Hem
2563 4835 2768 4895 gratam
2814 4825 3078 4879 facturum
3118 4839 3203 4876 me
3247 4837 3358 4876 stn-

1811 4900 1978 4954 diosis
2008 4897 2336 4960 existimavi,
2374 4896 2419 4950 si
2457 4897 2555 4950 hoc
2583 4898 2700 4950 loco
2723 4895 2924 4950 edenda
2956 4908 3205 4947 curarent
3233 4909 3355 4962 qme

1810 4970 1938 5024 olim
1963 4970 2014 5021 in
2061 4968 2200 5021 hunc
2225 4964 2400 5020 locum
2435 4967 2711 5020 annotavit
2747 4964 3156 5034 antiquissimus
3187 4963 3358 5018 inter-

1811 5055 1936 5110 pres
1958 5037 2235 5110 Eusebius.
2268 5036 2396 5110 Ejus
2429 5037 2587 5105 igitur
2619 5037 2729 5110 haec
2756 5045 2901 5110 sunt,
2925 5035 3182 5110 psalmum
3208 5049 3358 5110 seta-

1811 5102 2071 5179 gesimum
2092 5102 2338 5179 pt‘ittlt'llti
2359 5102 2768 5179 nlui-pretantis:
2792 5103 3084 5179 ξΕδζραμον
3196 5103 3356 5179 δίψει

1802 5174 2083 5248 iuream»
2111 5176 2408 5248 ἀπώλειαν
2441 5175 2768 5230 θεάσασθαι
2789 5174 3100 5248 διψῶντες.
3124 5174 3272 5248 IAth
3299 5174 3355 5225 δὲ

1798 5243 1910 5312 τοῦ,
1935 5243 2004 5301 ἐν
2020 5243 2196 5315 δίψει.
2228 5248 2295 5300 ἐν
2319 5247 2716 5316 διαψεύσματι
2732 5248 2759 5297 6
2796 5243 3017 5316 Ἀκύλας
3031 5261 3054 5316 '_
3073 5247 3100 5297 6
3120 5243 3174 5296 δὲ
3207 5243 3353 5316 Σύμ-

1795 5337 1989 5402 μαχος.
2006 5321 2074 5372 ἐν
2086 5313 2399 5402 ψεύσματι·
2468 5319 2523 5370 δὲ
2541 5325 2578 5368 ε’
2593 5316 2816 5402 ἔκδοσις,
2833 5313 3134 5402 exaggam
3155 5315 3247 5401 καὶ
3260 5315 3356 5402 παῖ

1796 5380 2057 5459 itii-{spe
2077 5380 2302 5451 ἔκδοσίς,
2322 5389 2390 5441 ἐν
2406 5380 2584 5459 δὸλῳ,
2605 5380 3136 5459 ἡρμήνευσανΕίκδς
3157 5380 3247 5437 οὖν
3263 5386 3357 5459 καὶ

1794 5463 1852 5512 ὲν
1873 5464 1936 5531 τῇ
1968 5455 2089 5531 καθ’
2111 5457 2589 5531 ἡμᾶς-ἀναγνώσει
2619 5455 2828 5531 κεῖσθαι
2855 5457 2954 5527 μὲν
2983 5455 3353 5531 πρ-ότε-ρονμτὸ,

1792 5531 1860 5583 ἐν
1877 5524 2084 5599 ψεύδει
2104 5546 2115 5559 ’
2133 5524 2229 5601 ’ἵνα
2291 5529 2356 5601 τὸ
2380 5528 2666 5601 λεγόμενον
2680 5543 2700 5601 ,ο
2725 5524 3110 5601 ᾝὸῥαιιοιξένς
3123 5524 3351 5601 ψεύδει,

1792 5588 2105 5669 τουτέστιν,
2139 5600 2189 5651 οἱ
2218 5588 2400 5669 ὲξθροί
2439 5588 2581 5669 pob,“
2608 5597 2701 5669 irai
2734 5599 2780 5649 οἱ
2828 5588 3263 5669 επιϐουλεύοντες
3295 5597 3355 5669 οξ

1797 5673 1891 5723 σὺν
1924 5668 2166 5738 ἀληθεία.
2193 5665 2282 5720 τὸν
2315 5665 2581 5737 κατ’έμοῦ
2612 5667 2809 5738 δρόμον
2832 5668 2925 5738 ita}
2947 5667 3186 5738 silvani
3222 5665 3351 5733 ἐμοῦ

1796 5734 2028 5810 σπουδὴν
2053 5734 2347 5810 ἐποιοῦντο,
2376 5734 2526 5799 ὅλους
2546 5738 2601 5810 δε
2635 5734 2930 5810 αὐτοὺςμτῷ
2957 5734 3139 5810 ψεύδει
3176 5750 3348 5810 παρα.⁸

1792 5801 1997 5872 δόντες³
2029 5808 2248 5877 σφάλμα
2288 5810 2341 5862 δὲ
2379 5807 2640 5868 γραφικὴν
2667 5801 2945 5874 γεγονέναι
2972 5801 3034 5859 ἓν
3072 5810 3181 5860 τοῖς
3221 5801 3355 5860 una:
