4084 6318
684 347 790 402 1.75

1985 337 2041 390 ὃ.
2083 334 2162 385 ΒΑ
2176 332 2325 386 SILII
2361 329 2570 386 MAGM

3804 326 3897 379 ιῖϋ

684 471 806 516 runt
831 456 1100 527 repellere;
1127 461 1468 509 cucurrerunt
1507 454 1560 506 in
1589 455 1697 520 siti,
1726 469 1812 506 ore
1851 470 1943 507 suo
1970 452 2230 506 benedice-

2347 448 2588 514 ἒ-νδίψει,
2607 444 2684 510 τῷ
2699 449 2943 514 στόματι
2955 446 3469 515 ιιὺτῶνεὺλόγουν,
3487 443 3584 495 καὶ
3605 440 3680 507 τῇ
3695 441 3903 508 mea;

685 555 827 614 bant,
848 562 893 604 et
918 547 1070 602 corde
1091 565 1182 601 suo
1205 547 1600 600 maledicebant.
1627 547 1866 600 Pretium
1903 545 2136 602 hominis
2152 557 2236 599 est

685 642 901 713 sanguis
942 641 1142 695 Christi
1183 659 1195 693 :
1232 639 1409 693 Pretio
1444 639 1604 698 enim,
1652 639 1844 707 inquit,
1883 639 2036 706 empti
2080 638 2236 696 estis;

686 735 842 788 nolite
868 733 981 799 ﬁeri
1009 734 1140 786 servi
1165 731 1429 784 hominum
1448 731 1512 783 ³³.
1551 729 1662 784 Hoc
1706 731 1870 800 igitur
1899 729 2128 801 pretium
2157 729 2235 780 iu-

691 825 819 879 utile
849 824 1000 877 nobis
1028 823 1251 877 reddere
1269 821 1639 891 cogitaverunt
1667 824 1866 878 milites
1899 820 2054 886 hujus
2085 820 2238 874 mali-

688 919 799 985 gni,
835 916 996 970 semel
1029 915 1281 969 liberatos
1313 929 1499 967 rursus
1535 915 1586 967 in
1622 918 1935 970 servitutem
1963 913 2237 966 adducen-

692 1017 787 1058 tes.
818 1003 1168 1059 Cucurrerunt
1197 1005 1250 1057 in
1280 1005 1390 1058 siti.
1416 1005 1842 1061 Concitatioaem
1867 1020 1928 1057 ac
1952 1003 2241 1057 vehemen-

691 1099 817 1151 tiam
849 1098 1163 1150 insidiarum
1189 1096 1488 1149 daemonum
1517 1100 1794 1152 enuntiat:
1821 1097 2019 1164 quippe
2047 1096 2238 1148 adver-

690 1202 804 1240 sum
837 1201 932 1239 nos
981 1195 1224 1246 currunt,
1259 1186 1537 1239 interitum
1571 1198 1812 1240 nostrum
1843 1185 2104 1238 sitientes.
2139 1183 2241 1237 Ore

688 1294 780 1331 suo
828 1277 1206 1341 benedicebant,
1247 1287 1294 1329 et
1327 1280 1481 1332 corde
1531 1295 1623 1330 suo
1663 1277 2060 1331 maledicebant.
2093 1274 2241 1329 Multi

691 1377 815 1420 sunt
841 1369 929 1435 qui
967 1383 1159 1436 pravas
1209 1371 1559 1438 comprobant
1614 1369 1887 1435 actiones;
1922 1379 1976 1422 et
2006 1367 2241 1422 dicacem

691 1459 902 1527 quidem
928 1458 1165 1528 lepidum
1192 1461 1392 1524 dicunt,
1428 1473 1549 1512 eum
1591 1474 1717 1514 vero
1741 1462 1827 1530 qui
1857 1463 2084 1515 obscena
2118 1473 2241 1511 ver-

691 1548 755 1600 ba
796 1545 1022 1615 profert,
1056 1549 1325 1616 politicum
1361 1561 1374 1598 :
1407 1549 1798 1603 amarulentum
1826 1559 1879 1602 et
1902 1547 2241 1612 iracundum,

693 1655 797 1694 non
827 1639 1274 1693 contemnendum
1303 1640 1487 1694 dicunt
1513 1659 1524 1693 :
1556 1642 1776 1696 laudant
1812 1654 2030 1706 parcum
2056 1647 2109 1694 et
2141 1637 2243 1691 illi-

693 1731 925 1784 beralem
954 1740 1011 1782 ut
1045 1732 1464 1796 (nconomicum,
1511 1732 1788 1800 prodigum
1824 1740 2076 1798 tanquam
2106 1729 2240 1783 libe-

695 1822 881 1882 ralem,
922 1817 1276 1877 scortatorem
1310 1834 1363 1878 et
1397 1823 1676 1887 lascivum,
1706 1822 1953 1874 utvirum
1985 1822 2140 1890 genio
2166 1822 2218 1876 in

693 1915 1017 1984 dulgentem,
1037 1928 1088 1970 et
1110 1918 1270 1970 animi
1295 1915 1570 1970 solutioris
1593 1937 1602 1969 :
1629 1915 1856 1984 denique
1885 1914 2068 1967 vitium
2089 1929 2246 1969 omne

696 2010 938 2076 specioso
967 2008 1182 2061 nomine
1203 2006 1414 2059 virtutis
1448 2007 1743 2074 adjaceutis
1761 2005 2054 2073 appellant.
2092 2002 2248 2059 Tales

699 2115 794 2152 ore
830 2098 1040 2166 quidem
1087 2097 1432 2163 benedicunt,
1464 2098 1624 2152 corde
1659 2112 1787 2152 vero
1829 2095 2154 2151 maledicunt
2180 2095 2246 2148 ³⁸.

699 2189 829 2242 Nam
861 2191 1037 2242 verbis
1084 2189 1220 2244 bene
1255 2191 1508 2244 ominatis
1553 2204 1765 2244 omnem
1822 2189 2245 2244 exsecrationem

698 2282 820 2335 vita:
848 2281 1056 2334 illorum
1087 2281 1351 2351 ingerunt,
1380 2282 1629 2350 ipsosque
1651 2291 1864 2334 aeternae
1886 2279 2248 2333 damnatioais

703 2385 820 2424 reos
847 2384 938 2438 per
959 2385 1018 2422 ea
1048 2385 1165 2438 quae
1184 2371 1503 2439 approbant,
1530 2373 1880 2426 constituunt.
1903 2371 2106 2425 Rursus
2120 2370 2250 2424 allo—

699 2461 882 2531 quitur
911 2461 1167 2523 animam,
1197 2462 1310 2530 ejus
1340 2477 1466 2531 erga
1510 2462 1674 2516 Deum
1716 2461 2072 2518 obedientiam
2095 2463 2250 2532 196

703 2553 988 2622 adaugeus.
1033 2551 1193 2608 Vens.
1234 2553 1288 2608 6.
1334 2553 1716 2617 Verumtamen,
1762 2555 1956 2625 inquit,
1989 2555 2096 2608 Deo
2131 2555 2246 2608 sub-

695 2641 837 2710 jecta
858 2656 986 2709 esto,
1006 2645 1181 2697 anima
1204 2661 1337 2710 mea,
1361 2647 1602 2714 quoniam
1629 2646 1690 2697 ab
1713 2647 1824 2712 ipso
1845 2648 2095 2713 patientia
2115 2663 2245 2700 mea.

706 2734 903 2788 Iudicat
951 2737 1301 2788 tentationum
1349 2736 1786 2805 magnitudinem,
1843 2747 1895 2789 et
1929 2739 2054 2790 illud
2105 2742 2245 2806 Apo-

703 2824 824 2877 stoli
846 2824 994 2888 dicit,
1023 2826 1163 2893 quod
1194 2841 1296 2877 non
1327 2825 1469 2878 sinet
1499 2825 1693 2878 tentari
1722 2841 1818 2880 nos
1851 2841 2008 2895 supra
2029 2827 2079 2879 id
2110 2828 2249 2897 quod

704 2917 965 2972 sustinere
999 2932 1280 2985 possumus
1299 2918 1364 2972 ³⁸.
1391 2917 1464 2970 Ab
1493 2919 1605 2988 ipso
1625 2919 1765 2974 enim
1793 2921 2049 2989 patientia
2081 2936 2214 2974 mea.

773 3187 825 3243 4.
868 3188 1029 3242 Vens.
1067 3191 1118 3243 8.
1165 3188 1226 3243 In
1291 3190 1393 3243 Deo
1439 3191 1670 3246 salutare
1734 3210 1937 3258 meum,
1979 3206 2023 3247 et
2082 3198 2250 3264 gloria

708 3299 821 3334 mea
854 3299 872 3336 :
896 3281 1028 3336 Deus
1053 3285 1238 3337 auxilii
1278 3285 1396 3347 mei,
1426 3295 1470 3338 et
1501 3302 1612 3351 spes
1640 3303 1751 3339 mea
1779 3288 1830 3339 in
1858 3285 1964 3340 Deo
1996 3300 2090 3340 est.
2122 3287 2254 3342 Bea-

710 3385 794 3427 tus
821 3377 909 3442 qui
948 3377 1014 3428 ob
1063 3377 1260 3429 nulla'm
1292 3377 1411 3429 vita:
1443 3392 1553 3430 rem
1588 3379 1928 3446 quantumvis
1970 3379 2249 3432 sublimem

708 3467 956 3529 exsultat,
989 3469 1081 3520 sed
1133 3483 1284 3519 suam
1346 3469 1568 3536 gloriam
1616 3471 1780 3523 Deum
1839 3473 1994 3525 habet
2023 3491 2035 3525 :
2064 3472 2152 3539 qui
2200 3472 2251 3525 in

707 3556 920 3609 Christo
955 3555 1237 3624 gloriatur,
1263 3571 1322 3609 ac
1362 3557 1658 3611 secundum
1711 3561 2025 3627 Apostolum
2074 3561 2252 3614 dicere

709 3657 886 3713 potest
933 3663 948 3700 :
998 3647 1130 3700 Mihi
1187 3660 1356 3700 autem
1397 3649 1532 3700 absit
1576 3648 1818 3716 gloriari,
1874 3653 1974 3704 nisi
2012 3655 2063 3704 in
2107 3669 2258 3706 cruce

709 3739 902 3792 Christi
929 3738 992 3791 ³⁸.
1024 3738 1172 3791 Nunc
1210 3754 1338 3793 vero
1384 3740 1536 3792 multi
1565 3740 1628 3793 de
1664 3755 1887 3807 corpore
1935 3744 2256 3810 gloriantur,

708 3830 797 3897 qui
844 3843 961 3883 sese
1004 3829 1054 3882 in
1107 3831 1367 3899 gymnicis
1409 3845 1703 3885 exercuere
1734 3833 2134 3895 certaminibus,
2169 3843 2260 3887 aut

710 3921 929 3976 ouinino
954 3923 1021 3975 ob
1055 3924 1226 3976 aetatis
1273 3921 1459 3976 ﬂorem
1487 3923 1704 3992 vigent:
1737 3923 1884 3976 multi
1912 3923 2092 3977 itidem
2125 3924 2254 3978 οσο-

715 4022 905 4065 runtur
935 4013 1000 4064 de
1047 4013 1236 4066 bellica
1289 4012 1617 4072 fortitudine.
1653 4015 1928 4083 quietiam
1975 4015 2253 4068 tribulium

711 4102 905 4154 (ιςιιιίειη
953 4102 1203 4156 virtutem
1251 4118 1375 4158 esse
1429 4105 1652 4158 ducunt.
1683 4106 1966 4160 Enimvero
1997 4121 2169 4159 rerum
2204 4109 2254 4159 in

713 4190 860 4244 bellis
887 4191 1020 4244 bene
1069 4202 1338 4261 gestarum
1378 4198 1616 4261 prtemia,
1646 4211 1708 4249 ac
1735 4199 1966 4265 tropbzea
1990 4199 2055 4252 ab
2092 4200 2260 4266 impe-

714 4292 892 4336 ratore
937 4291 1041 4335 eta
1067 4283 1375 4338 civitatibus
1405 4296 1606 4347 erecta,
1646 4302 1744 4353 pro
1785 4290 1944 4342 caedis
1996 4293 2258 4357 ninguitu-

713 4375 833 4427 dine
854 4373 1004 4426 fiunt.
1035 4374 1133 4426 Alii
1170 4374 1466 4441 gloriantur
1486 4379 1553 4428 ob
1575 4376 1761 4430 ductos
1786 4378 1986 4430 circum
2016 4381 2259 4435 civitates

2333 540 2529 593 αὐτῶν
2559 539 2910 606 κατηρῶντο.
2959 539 3102 608 Tini“;
3157 538 3440 610 ἀνθρώπου
3501 535 3562 587 τὸ
3612 529 3757 603 αἷμα
3814 534 3904 585 το]

2333 632 2599 705 Χριστοῦ’
2659 631 2834 700 Τιμῆς
2869 633 2997 701 γὰρ,
3034 633 3216 700 φησιν,
3265 628 3676 700 ἠγοράσθητε·
3698 626 3790 696 μὴ
3829 627 3907 691 τί·

2334 730 2511 780 νεσθε
2559 725 2764 779 δοῦλοι
2820 727 3158 792 ἀνθρώπων.
3195 724 3407 796 Ταύτην
3445 719 3541 776 οὖν
3583 723 3690 790 τὴν
3745 720 3908 790 τιμὴν

2335 818 2715 870 ἐϐουλεύσαντο
2787 819 3054 890 ἄχρηστον
3115 818 3244 885 ἡμῖν
3319 815 3710 886 καταστῆσαι,
3785 815 3907 874 τοὺς

2337 910 2483 973 ἅπαξ
2515 909 2971 980 ἐλευθερωθέντας
2993 907 3152 961 πάλιν
3184 910 3260 970 εἰς
3298 908 3543 962 δουλείαν
3594 905 3905 972 ἐνάγοντες.

2335 999 2384 1050 οἱ
2423 997 2744 1069 στρατιῶται
2771 1001 2863 1051 τοῦ
2889 996 3143 1070 πονηροῦ.
3181 997 3476 1064 Ἐδραμον
3517 1000 3586 1051 ἐν
3617 998 3809 1065 δίψει.
3841 992 3907 1045 Τὸ

2340 1091 2584 1146 σύντονον
2631 1092 2777 1158 λέγει
2828 1093 2927 1161 τῆς
2981 1092 3087 1145 τῶν
3130 1091 3394 1159 δαιμόνων
3451 1091 3780 1160 ἐπιϐουλῆς,
3832 1087 3907 1138 δτι

2338 1183 2590 1254 τρέχουσι
2615 1183 2734 1237 καθ’
2766 1183 2942 1253 ἡμῶν,
2991 1184 3246 1252 διψῶντες
3277 1181 3431 1251 ἡμῶν
3469 1181 3568 1250 τὴν
3608 1183 3906 1234 ἀπώλειαν.

2346 1274 2425 1338 Τῷ
2447 1277 2694 1342 στόματι
2719 1273 2914 1326 αὐτῶν
2940 1277 3249 1344 εὐλόγουν,
3269 1273 3360 1326 καί
3382 1271 3455 1338 τῇ
3473 1274 3698 1339 καρδίᾳ
3716 1270 3909 1328 αὐτῶν

2340 1364 2693 1432 κατηρῶντο.
2740 1364 2927 1418 Πολλοί
2979 1367 3084 1418 εἰσι
3120 1367 3228 1437 (81)
3257 1365 3353 1426 τὰς
3388 1363 3640 1430 πονηρὰς
3685 1365 3908 1434 πράξεις

2341 1456 2742 1524 ἀποδεχόμενοι,
2770 1457 2862 1508 καὶ
2894 1455 3150 1524 χαρίεντα
3193 1456 3287 1526 μὲν
3315 1452 3403 1504 τὸν
3438 1451 3788 1521 εὐτράπελον
3820 1452 3902 1505 re

2342 1533 2554 1618 yovtec,
2601 1549 2690 1600 τὸν
2730 1549 2786 1601 δὲ
2824 1546 3171 1617 αἰσχρολόγον
3217 1544 3488 1600 πολιτικόν
3517 1560 3532 1573 ·
3575 1543 3674 1596 τὸν
3718 1544 3911 1614 πικρὸν

2344 1643 2433 1695 καὶ
2455 1639 2662 1710 ὀργίλον
2693 1638 3131 1710 ἀκαταφρόνητον
3164 1639 3488 1710 ὀνομάζουσι
3511 1653 3526 1666 ·
3580 1635 3678 1688 τὸν
3716 1639 3908 1703 φειδω-

2343 1735 2431 1787 λὸν
2468 1735 2559 1785 καὶ
2599 1732 2952 1804 ἀκοινώνητον
2988 1731 3061 1793 ὼς
3103 1730 3438 1801 οἰκονομικὸν
3479 1727 3793 1784 ἐπαινοῦσι,
3825 1728 3908 1778 τὸν

2345 1827 2547 1881 ἄσωτον
2603 1826 2676 1887 ὡς
2731 1825 3032 1894 ἐλευθέριον
3065 1863 3078 1884 ,
3154 1824 3242 1876 τὸν
3293 1823 3486 1894 πόρνον
3544 1820 3642 1872 καὶ
3711 1819 3909 1886 ἀσελγῆ

2345 1918 2735 1972 ἀπολαυστικόν
2776 1934 2893 1970 τινα
2926 1915 3016 1967 καὶ
3056 1915 3333 1984 ἀνειμένον
3357 1932 3370 1943 ·
3425 1913 3521 1966 καὶ
3575 1909 3909 1978 ἁπαξαπλῶς

2346 2013 2521 2064 πᾶσαν
2556 2010 2750 2062 κακίαν
2775 2013 2838 2062 ἐκ
2867 2008 2966 2076 τῆς
3007 2006 3421 2079 παρακειμένης
3453 2005 3663 2075 ἀρετῆς
3713 2005 3907 2054 ὑποκο-

2349 2103 2601 2174 ρέζονται.
2639 2103 2701 2153 Οἱ
2726 2102 2951 2156 τοιοῦτοι
2984 2098 3061 2168 τῷ
3103 2098 3325 2168 στόματι
3363 2097 3460 2164 μὲν
3502 2096 3818 2162 εὐλογοῦσι,
3847 2095 3906 2160 τῇ

2345 2195 2398 2247 δὲ
2443 2193 2636 2266 καρδίᾳ
2678 2191 3038 2263 καταρῶνται.
3095 2190 3183 2262 Ἐν
3218 2188 3325 2260 γὰρ
3377 2190 3443 2257 τῇ
3488 2188 3599 2238 τῶν
3651 2187 3908 2255 ῥημάτων

2346 2287 2587 2357 εὐφημίᾳ
2615 2287 2790 2338 πᾶσαν
2823 2284 3064 2354 κατάραν
3112 2283 3404 2350 ἐπάγουσιν
3448 2279 3631 2333 αὐτῶν
3671 2279 3740 2345 τῇ
3779 2277 3906 2343 ζωῇ,

2347 2381 2624 2441 ὑποδίκους
2667 2380 2860 2442 αὐτοὺς
2899 2381 2963 2448 τῇ
2996 2378 3188 2447 αίωνία
3238 2375 3563 2444 κατακρίσει
3602 2371 3718 2442 (8‘2)
3749 2371 3815 2423 δι’
3841 2363 3910 2421 ῶν

2347 2473 2690 2541 ἀποδέχονται
2743 2469 3121 2529 καθιστῶντες.
3178 2465 3344 2519 Πάλιν
3396 2468 3463 2535 τῇ
3523 2466 3676 2532 ψυχῇ
3739 2461 3909 2514 διαλέ-

2347 2581 2518 2632 γεται,
2552 2561 2648 2630 τὴν
2684 2561 2959 2629 ὑποταγὴν
2993 2560 3162 2626 αὐτῆς
3195 2557 3291 2626 τὴν
3333 2557 3468 2626 πρὸς
3498 2557 3593 2606 τὸν
3615 2555 3752 2606 Θεὸν
3801 2555 3910 2604 ἐπι-

2346 2656 2550 2709 τείνων.
2587 2652 2758 2720 Πλὴν
2790 2651 2868 2716 τῷ
2902 2650 3040 2715 Θεῷ,
3078 2649 3260 2719 φησὶν,
3295 2644 3641 2714 ὐποτάγηθι,
3677 2647 3716 2710 ἡ
3748 2644 3907 2710 ψυχή

2341 2764 2481 2814 μου.
2530 2745 2617 2797 ὅτι
2667 2741 2798 2810 παρ’
2824 2739 3006 2793 αὑτοῦ
3033 2738 3142 2808 (85)
3168 2739 3204 2803 ἡ
3238 2732 3508 2804 ὑπομονῇ
3532 2750 3680 2801 μου.
3726 2729 3908 2782 Ἑνδεί-

2347 2855 2536 2888 κνυται
2561 2836 2622 2887 τὸ
2652 2833 2876 2905 μέγεοος
2905 2832 3011 2882 τῶν
3038 2826 3375 2900 πειρασμῶν,
3410 2826 3503 2879 καὶ
3527 2825 3590 2876 τὸ
3619 2823 3713 2875 τοῦ
3763 2822 3910 2874 Ἀπο-

2348 2928 2534 2982 στόλου
2593 2927 2784 2993 λέγειν
2844 2926 2925 2977 ὅτι
2982 2922 3080 2974 οὑκ
3144 2922 3290 2974 ἐάσει
3341 2920 3487 2989 ἡμᾶς
3547 2915 3909 2987 πειρασθῆναι

2348 3020 2484 3088 ὑπὲρ
2524 3016 2552 3068 ὃ
2599 3016 2871 3084 δυνάμεθα
2925 3014 3262 3081 ὑπενεγκεῖν.
3307 3011 3447 3075 Παρ⁹
3491 3008 3686 3061 αὐτοῦ
3733 3007 3838 3074 γὰρ
3877 3007 3910 3069 ἡ

2349 3107 2614 3179 ὑπομονὴ
2645 3124 2762 3176 μου

2423 3204 2473 3256 4.
2506 3200 2633 3255 Ἐπὶ
2655 3197 2733 3264 τῷ
2762 3193 2880 3262 Θεῷ
2900 3195 2962 3248 τὸ
2985 3192 3280 3260 σωτήριόν
3304 3210 3420 3262 μου
3438 3190 3534 3242 καὶ.
3551 3191 3590 3255 ἡ
3609 3189 3766 3252 δόξα
3781 3204 3907 3255 μευ·

2353 3298 2386 3347 ὁ
2417 3293 2557 3357 Θεὸς
2587 3288 2991 3358 τῆςβοηθείας
3005 3302 3145 3354 μου,
3175 3283 3273 3335 καὶ
3300 3284 3336 3350 ἠ
3373 3282 3546 3346 ἐλπίς
3571 3298 3696 3349 μου
3722 3279 3818 3331 ἐπὶ
3843 3273 3913 3340 τῷ

2353 3383 2491 3448 Θεῷ.
2521 3382 2802 3452 Μακάριος
2841 3383 2867 3431 ὁ
2895 3377 3081 3448 μηδενὶ
3109 3376 3214 3446 (84)
3239 3374 3343 3427 τῶν
3367 3374 3508 3427 κατὰ
3529 3374 3623 3425 τὸν
3653 3373 3772 3442 βίον
3795 3372 3911 3438 ὑψη-

2351 3476 2456 3528 λῶν
2502 3473 2959 3542 ἐπαγαλλόμενος,
3010 3467 3147 3522 ἀλλά
3197 3467 3328 3520 Θεὸν
3383 3467 3521 3534 ἒχων
3573 3466 3676 3534 τὴν
3729 3462 3912 3516 ἑαυτοῦ

2353 3568 2505 3633 δόξαν
2526 3582 2540 3596 ·
2575 3569 2601 3620 ὁ
2635 3566 2891 3635 καύχημα
2931 3562 3067 3632 ἔχων
3119 3558 3310 3613 ἐαυτοῦ
3339 3558 3428 3611 τὸν
3463 3558 3700 3625 Χριστόν
3728 3573 3742 3584 -
3773 3556 3800 3603 ὁ
3836 3553 3912 3604 δυ-

2355 3657 2580 3726 νάμενος
2603 3655 2778 3721 λέγειν
2801 3650 2941 3704 κατὰ
2964 3651 3054 3701 τὸν
3083 3647 3419 3700 Ἀπόστολον·
3449 3644 3603 3711 Ἐμοί
3639 3642 3708 3693 δὲ
3727 3662 3770 3709 μ
3782 3643 3810 3708 ἡ
3831 3643 3910 3709 γέ-

2356 3767 2513 3802 νοιτο
2537 3746 2866 3815 καυχᾶσθαι
2888 3745 2936 3794 εί
2955 3740 3037 3809 μὴ
3064 3741 3130 3791 ἐν
3150 3737 3228 3800 τῷ
3255 3733 3488 3802 σταυρῷ
3505 3735 3614 3786 τοῦ
3634 3734 3905 3801 Χριστοῦ.

2356 3840 2466 3891 Νῦν
2495 3839 2551 3890 δὲ
2586 3837 2765 3888 πολλοὶ
2798 3834 2896 3902 μὲν
2918 3829 3279 3892 ἐνδοξάζονται
3310 3825 3539 3896 σώματι,
3561 3829 3610 3879 οἱ
3643 3830 3775 3897 περὶ
3801 3828 3912 3889 τοὺς

2355 3929 2652 3998 γυμνικοὺς
2698 3923 3048 3994 ἐσχολακότες
3087 3920 3322 3987 ἀγῶνας,
3364 3921 3396 3988 ἦ
3440 3919 3576 3982 ὅλως
3633 3922 3681 3971 οἱ
3734 3923 3823 3972 ἐπὶ
3853 3923 3907 3989 τῇ

2356 4022 2503 4090 ἀκμῇ
2519 4019 2613 4087 τῆς
2642 4017 2854 4086 ἡλικίας
2873 4011 3205 4084 σφριγῶντες
3232 4011 3360 4080 (8ὅ)·
3395 4011 3576 4063 πολλοὶ
3599 4012 3656 4062 δὲ
3686 4015 3756 4080 τῇ
3784 4014 3910 4063 κατὰ

2355 4114 2477 4174 τοὺς
2510 4109 2774 4178 πολέμους
2805 4105 3015 4175 ἀνδρίᾳ,
3050 4104 3098 4155 οἱ
3132 4104 3225 4155 καὶ
3254 4102 3310 4154 τὸ
3357 4104 3600 4168 φονεύειν
3635 4102 3766 4162 τοὺς
3798 4102 3908 4167 ὀμο-

2358 4204 2552 4273 ιρύλους
2582 4199 2780 4271 ἀρετὴν
2830 4196 3120 4265 τιθέμενοι.
3158 4192 3222 4246 Ἦ
3248 4193 3353 4262 γὰρ
3388 4193 3444 4243 ὲν
3491 4194 3601 4254 τοῖς
3661 4190 3906 4260 πολέμοις

2359 4295 2600 4368 ἀριστεία
2627 4293 2721 4346 καὶ
2746 4291 2815 4343 τὰ
2842 4290 3077 4361 τρόπαια
3115 4286 3219 4341 ὑπὸ
3253 4285 3556 4357 στρατηγοῦ
3582 4286 3681 4338 καὶ
3712 4284 3906 4338 πόλεων

2362 4387 2679 4457 ἐγειρόμενα
2717 4383 2855 4435 κατὰ
2905 4382 3003 4451 τὴν
3030 4379 3121 4432 τοῦ
3155 4379 3396 4448 φονεύειν
3425 4378 3744 4447 περιουσίαν
3774 4377 3906 4443 γίνε-

714 4477 892 4516 inuros
923 4480 936 4516 :
969 4463 1058 4516 alii
1089 4465 1156 4518 ob
1178 4465 1581 4532 aquaeductunm
1608 4477 1926 4532 structuras,
1961 4478 2014 4522 et
2041 4485 2247 4537 magno-

2363 4495 2471 4529 ται.
2514 4473 2692 4526 ’Λλλοι
2721 4471 3050 4533 δοξάζονται,
3077 4469 3229 4537 τείχη
3257 4467 3441 4519 πόλεσι
3475 4466 3904 4534 περιϐάλλοντες·

782 4623 827 4654 ³³
853 4622 873 4677 l
899 4622 1021 4677 Cor.
1060 4638 1154 4690 vn,
1182 4623 1273 4678 25.
1348 4628 1392 4659 “
1417 4627 1559 4683 Psal.
1601 4645 1711 4689 LXI,
1747 4630 1801 4683 5.

712 4819 879 4873 ταῦτα
903 4819 1093 4889 συνέϐη
1127 4820 1356 4888 χρόνοις,
1385 4819 1522 4872 ὥστε
1551 4820 1669 4873 ἀντὶ
1692 4819 1805 4881 τοῦ,
1836 4820 1903 4871 ἐν
1931 4819 2157 4886 ψεύδει,
2181 4820 2250 4872 ἐν

710 4891 869 4957 δίψει
895 4893 1188 4957 γραφῆναι.
1215 4909 1232 4938 t
1267 4889 1616 4957 cucurrerunt
1645 4892 1694 4940 in
1719 4891 1826 4950 siti,
1852 4906 2017 4941 meam
2044 4906 2250 4942 cernere

708 4956 986 5028 perniciem
1012 4956 1254 5028 sitientes.
1293 4956 1398 5009 Pro
1430 4960 1520 5009 illo
1552 4968 1742 5021 autem,
1778 4978 1794 5008 ι
1829 4960 1876 5009 iu
1901 4960 2012 5023 siti,
2038 4960 2249 5026 Aquila,

711 5029 763 5080 in
793 5028 1032 5092 fallacia;
1071 5027 1406 5095 Symmachus
1453 5043 1587 5087 vero,
1622 5029 1672 5078 in
1717 5028 2026 5089 mendacio;
2062 5030 2248 5093 quinta

710 5099 890 5158 editio,
918 5099 969 5150 in
1001 5097 1165 5158 falso;
1206 5107 1251 5147 et
1288 5097 1395 5148 alia
1417 5096 1535 5146 item
1558 5096 1734 5156 editio,
1758 5097 1810 5148 in
1837 5098 1974 5162 dolo,
1995 5099 2248 5163 interpre-

710 5168 807 5216 tati
842 5176 980 5220 sunt.
1024 5164 1313 5218 Verisimile
1339 5168 1514 5232 itaque
1545 5174 1618 5216 est
1659 5168 1712 5216 in
1743 5174 1920 5217 nostra
1950 5183 2147 5234 quoque
2177 5166 2248 5217 le-

710 5236 877 5286 ctione
905 5237 1126 5301 positum
1163 5236 1327 5301 primo
1349 5235 1528 5301 fuisse,
1563 5235 1612 5285 in
1654 5234 1953 5299 mendacio,
1979 5240 2051 5286 ita
2081 5247 2132 5286 ut
2171 5235 2250 5286 di-

710 5315 926 5365 ceretur,
966 5313 1316 5357 cucurrerunt
1343 5306 1392 5355 in
1434 5305 1728 5366 mendacio,
1755 5305 1805 5354 id
1845 5315 1941 5368 est,
1974 5306 2174 5356 inimici
2200 5315 2246 5356 et

711 5373 1046 5426 insidiatores
1077 5375 1194 5433 mei,
1228 5389 1328 5424 non
1355 5375 1481 5425 duce
1515 5373 1750 5436 veritate,
1787 5374 1876 5424 sed
1899 5390 2014 5425 cum
2045 5391 2152 5425 sese
2181 5384 2253 5425 to-

710 5453 788 5493 tos
828 5444 1097 5493 mendacio
1134 5443 1490 5504 tradidissent,
1527 5458 1732 5493 cursum
1755 5453 1799 5494 et
1832 5445 2061 5494 studium
2101 5459 2250 5494 suum

710 5523 892 5562 contra
930 5528 1008 5562 me
1045 5513 1346 5564 direxerant
1386 5525 1404 5563 .'
1442 5515 1531 5563 sed
1580 5512 1903 5579 sequentibus
1939 5515 2253 5579 temporibus

711 5587 862 5644 l7psu
888 5583 1129 5647 graphice
1157 5597 1248 5648 pro
1279 5582 1393 5643 illo,
1421 5582 1476 5631 ἐν
1509 5579 1710 5649 ψεύδει,
1765 5582 1816 5634 in
1858 5584 2157 5646 mendacio,
2199 5583 2254 5633 ἐν

709 5650 869 5716 ίίψει,
900 5651 949 5700 in
985 5650 1091 5707 siti.
1122 5654 1347 5712 positum
1379 5651 1556 5716 fuisse.

783 5721 889 5785 tot)
928 5719 1095 5771 Etliliu
1121 5719 1289 5772 Puris.
1327 5721 1504 5771 πολλοί
1530 5723 1662 5772 εἰσιν
1692 5723 1761 5775 οἱ.
1800 5721 1954 5776 Deest
1992 5723 2039 5772 oi
2078 5723 2126 5774 in
2152 5722 2257 5774 edi-

1879 4629 1922 4660 ³⁸
1962 4630 2128 4684 lCor.
2163 4647 2218 4692 Χ,
2250 4630 2336 4683 15.

2413 4629 2456 4661 ³⁸
2488 4627 2664 4682 Calai.
2709 4640 2782 4687 γι,
2819 4622 2905 4675 14.

2358 4819 2500 4870 tione
2531 4817 2691 4888 Basil.
2725 4825 2777 4870 et
2804 4818 2856 4871 in
2883 4817 3118 4886 quinque
3154 4831 3283 4872 mss.
3313 4815 3506 4871 Statim
3545 4817 3679 4888 Reg.
3725 4819 3901 4873 tertius

2356 4887 2782 4956 ἀκαταπόνητον.

2429 4960 2538 5023 (82)
2575 4954 2806 5008 Ιιειιιεε.
2843 4958 3080 5026 plerique
3120 4969 3326 5010 omnes.
3358 4954 3498 5009 Editi
3529 4956 3732 5026 κρίσει.

2427 5027 2532 5096 (85)
2565 5027 2653 5078 Sic
2682 5027 2806 5078 editi
2840 5045 2959 5080 cum
2993 5028 3124 5096 Reg.
3159 5038 3310 5080 sexto
3341 5037 3537 5079 etcum
3561 5027 3715 5080 Colb.
3737 5029 3898 5080 tertio.

2355 5097 2422 5148 At
2453 5097 2602 5167 multi
2629 5111 2757 5167 mss.
2793 5107 2845 5150 et
2879 5099 2963 5150 hic
3002 5108 3056 5151 et
3087 5097 3242 5164 paulo
3266 5105 3377 5161 post
3404 5097 3533 5165 παρ’
3564 5097 3739 5167 αὐτῷ.
3773 5098 3900 5150 Sub-

2355 5168 2476 5218 inde
2524 5165 2688 5217 elitio
2750 5167 2915 5221 liasil.
2940 5177 2993 5219 et
3024 5179 3250 5233 quatuor
3276 5183 3401 5218 mss.
3435 5168 3530 5217 καὶ
3557 5166 3618 5217 τὸ
3644 5165 3758 5217 τοῦ.
3794 5167 3900 5219 Eili-

2358 5246 2430 5287 tto
2471 5235 2640 5286 Paris.
2673 5252 2790 5286 cum
2816 5254 2920 5289 uno
2958 5247 3048 5287 aut
3074 5236 3241 5287 altera
3278 5252 3372 5286 ms.
3406 5236 3499 5286 καὶ
3525 5237 3593 5287 τὰ
3623 5235 3739 5287 τοῦ.

2425 5305 2534 5371 (84)
2560 5305 2650 5355 Sic
2688 5319 2875 5358 novem
2901 5321 3026 5359 lItSS.
3056 5320 3176 5359 cum
3203 5307 3438 5358 editione
3465 5305 3626 5359 Basd.
3658 5307 3725 5357 At
3755 5304 3899 5357 editio

2355 5372 2426 5425 Pa
2438 5374 2527 5427 ris.
2558 5373 2649 5423 ἐπὶ
2687 5373 2890 5442 μηδενί.

2429 5445 2536 5511 (85)
2571 5444 2788 5514 (Lodices
2822 5455 2931 5498 tres
2959 5459 3053 5514 pro
3075 5445 3411 5513 σφριγῶντες
3442 5445 3641 5496 habent
3670 5443 3897 5512 φρονοῦν-

2356 5530 2464 5574 τεςο
2498 5512 2647 5584 (Lolli.
2679 5522 2900 5584 quartus
2927 5512 3406 5584 μεγαιρρονοῦντες.
3447 5515 3560 5566 Vox
3590 5530 3708 5578 qua:
3735 5527 3897 5577 sequi-

2362 5594 2465 5639 tur.
2504 5581 2769 5652 ἀριστεία,
2803 5581 3204 5652 ίετεὲὶςηίίῐυιιι
3234 5584 3624 5643 fortitudinem.
3653 5592 3740 5633 aut
3777 5598 3894 5647 pne-

2360 5653 2560 5703 clarutn
2588 5651 2842 5723 facinus:
2874 5654 2964 5706 sed
2989 5651 3059 5705 ita
3081 5653 3420 5723 interpretati
3455 5669 3667 5719 sumus,
3701 5663 3754 5704 ut
3781 5669 3890 5704 scn-

2361 5736 2451 5774 sus
2473 5719 2739 5789 postulare
2767 5722 3063 5777 videbatur.
