4084 6318
181 364 290 417 477
1334 365 1609 424 HOMlLlA
1652 369 1717 423 ΙΝ
1757 370 1794 424 Ρ

1780 370 2087 426 >5Αιιιυιι
2128 371 2260 427 LXI.
3292 373 3393 428 478

182 481 283 533 καὶ
306 478 451 533 ἄλλοι
479 482 536 532 ἐν
566 477 891 552 ὑδραγωγῶν
908 489 1283 547 κατασκευαῖς,
1311 489 1403 540 καὶ
1427 493 1738 559 γυμνασίων
1767 495 1795 550 Α

1779 495 1812 549 Α
1843 504 1958 542 rum
1986 490 2387 559 gymnasiorum
2414 487 2661 543 :cdilicia.
2695 487 2785 543 llle
2818 502 2948 556 opes
2964 503 3090 544 suas
3109 505 3162 544 In
3192 490 3392 546 bestia-

184 572 439 640 μεγάλων
469 572 916 643 οἰκοδομήμασιν.
972 576 1027 626 '0
1071 575 1217 629 δεῖνα
1259 577 1316 630 δὲ
1364 580 1455 631 τὸν
1511 579 1738 634 πλοῦτον

1842 578 1950 632 rios
1981 578 2276 641 insumens,
2303 587 2356 632 et
2386 579 2541 632 vanis
2563 579 2877 648 populorum
2916 579 3393 639 acclamationibus

180 662 379 714 ἑαυτοῦ
397 663 746 733 Θηριομάχοις
761 667 1220 735 προσαναλίσκων,
1236 670 1326 723 καί
1346 674 1463 735 ταῖς
1487 674 1740 742 ματαίαις

1840 671 2135 734 exsultans,
2162 670 2405 725 laudibus
2438 669 2670 736 inﬂatur,
2708 686 2769 725 ac
2801 673 3080 740 magniﬁce
3101 676 3165 726 de
3189 689 3247 727 se
3276 689 3394 729 sen-

178 754 293 805 τῶν
311 753 495 822 δήμων
511 756 711 820 φωναῖς
738 756 1185 826 ἐπαγαλλόμενος,
1210 762 1440 827 φυσᾶται
1456 766 1566 825 τοῖς
1585 764 1689 815 ἐπα
1698 764 1740 815 ί-

1843 765 1906 817 tit
1938 773 2069 824 tum,
2089 778 2208 816 cum
2234 762 2454 831 gloriam
2484 763 2536 815 in
2567 777 2662 815 sua
2694 764 3023 831 turpitudine
3056 765 3281 819 collocat
3302 766 3348 798 ³⁷
3374 779 3391 822 :

180 860 318 905 νοις,
351 844 442 894 καὶ
480 844 618 913 μέγα
639 848 840 914 φρονεῖ,
864 846 961 915 τὴν
990 848 1144 913 δόξαν
1179 849 1315 920 ἔχων
1337 855 1394 904 ἐν
1417 856 1481 924 τῇ
1509 855 1735 927 αἰσχύνῃ

1838 858 1931 925 qui
1964 856 2123 908 etiam
2159 854 2211 907 in
2257 854 2563 922 patentibus
2591 855 2739 908 urbis
2768 855 2900 909 locis
2930 871 3083 909 suum
3114 865 3388 923 peccatum

181 933 349 986 αὑτοῦ
374 951 385 960 ·
415 936 470 997 ὃς
498 952 559 1003 γε
592 937 681 988 καὶ
713 937 983 1007 ἔγγραφον
1032 943 1089 993 ἐν
1131 946 1239 1006 τοῖς
1272 947 1591 1015 περιφανέσι
1640 949 1737 1017 τῆς

1841 948 2037 1000 tabulis
2068 946 2381 1013 inscriptum
2416 954 2666 999 ostentat.
2703 944 2937 999 Eﬂertur
2976 947 3113 1001 alius
3156 951 3224 1002 ob
3250 950 3388 1001 divi-

181 1026 391 1088 πόλεως
416 1027 510 1096 τὴν
535 1027 722 1080 ἐαυτοῦ
742 1030 1010 1100 ἁμαρτίαν
1031 1033 1123 1085 ἐπὶ
1144 1035 1252 1087 τῶν
1275 1040 1515 1091 πινάκων
1534 1040 1737 1092 δείκνυ-

1841 1040 1941 1091 tias
1969 1056 1981 1091 :
2006 1038 2161 1103 alius,
2189 1038 2329 1107 quod
2377 1038 2559 1092 rhetor
2588 1039 2656 1091 sit
2690 1039 2933 1101 callidus,
2965 1050 3019 1093 et
3048 1042 3387 1105 invincihilis,

185 1135 289 1169 σιν.
326 1118 514 1181 Ἀλλος
548 1121 637 1171 ἐπὶ
670 1120 881 1190 πλούτῳ
924 1124 1036 1193 (86)
1087 1125 1363 1192 δοξάζεται
1390 1146 1403 1159 ⁸
1440 1132 1533 1183 καὶ
1560 1132 1733 1198 ἄλλος,

1837 1141 1929 1183 ant
1964 1131 2246 1184 mundana:
2293 1132 2572 1200 sapientia!
2620 1132 2842 1201 peritus.
2877 1132 3115 1198 Quorum
3149 1138 3387 1188 omnium

180 1210 264 1261 ὅτι
292 1211 472 1280 ῥήτωρ
495 1212 610 1262 ἐστὶ
640 1210 807 1274 δεινός
838 1230 921 1276 τις
940 1216 1032 1267 καὶ
1059 1216 1294 1287 ἄμαχος,
1318 1221 1349 1289 ἢ
1381 1221 1477 1290 τῆς
1493 1223 1630 1275 κατὰ
1648 1224 1736 1276 τὸν

1838 1220 2020 1286 gloriae
2046 1220 2288 1274 misereri
2315 1237 2410 1290 par
2448 1222 2627 1285 fuerit,
2665 1233 2717 1276 et
2743 1224 2926 1276 healos
2959 1224 3252 1289 praadicare
3274 1240 3387 1290 eos,

181 1302 386 1372 κόσμον
440 1303 628 1370 σοφίας
677 1303 955 1377 ἔμπειρος.
1001 1304 1098 1360 Ὧν
1157 1312 1370 1365 πάντων
1423 1314 1591 1368 ἐλεεῖν
1638 1318 1736 1388 τὴν

1837 1312 1926 1379 qui
1956 1312 2119 1365 Deum
2167 1326 2317 1365 suam
2356 1313 2594 1381 ipsorum
2632 1313 2857 1379 gloriam
2911 1316 3258 1372 constituunt.
3297 1317 3388 1371 Et-

178 1392 337 1457 δόξαν
367 1395 605 1464 προσῆκε
628 1411 640 1424 ο
679 1398 1003 1468 μακαρίζειν
1033 1399 1089 1451 δὲ
1106 1404 1230 1464 τοὺς
1259 1404 1347 1456 τὸν
1375 1406 1506 1458 Θεὸν
1528 1408 1737 1461 ἑαυτῶν

1840 1404 1981 1457 enim
2014 1404 2058 1458 si
2094 1404 2214 1472 quis
2238 1419 2357 1457 sese
2390 1404 3072 1474 magnOperejactat,qnod
3104 1421 3291 1462 servus
3317 1409 3389 1463 sit

174 1484 339 1550 δόξαν
371 1486 739 1554 ποιουμένους.
774 1490 834 1540 EE
867 1488 973 1559 γὰρ
1004 1493 1032 1543 ὁ
1064 1492 1207 1545 δεῖνα
1250 1495 1389 1564 μέγα
1418 1503 1621 1568 φρονεῖ,
1656 1500 1737 1552 ὅτι

1840 1496 1999 1565 regis,
2031 1506 2189 1565 atque
2214 1497 2265 1550 in
2304 1512 2497 1567 magno
2539 1496 2738 1551 honore
2763 1498 2902 1565 apud
2938 1514 3059 1552 enim
3100 1500 3384 1556 habeatur:

170 1569 362 1632 δοῦλός
382 1572 495 1622 ἐστι
523 1571 800 1640 βασιλέως,
837 1576 1145 1647 τιμώμενος
1175 1584 1301 1653 παρ’
1333 1586 1497 1638 αὑτοῦ
1544 1589 1610 1641 τὰ
1644 1607 1737 1658 με·

1839 1598 2093 1655 quantum
2151 1588 2403 1641 convenit
2448 1587 2661 1657 gloriari
2723 1596 2773 1641 te
2826 1589 2963 1656 apud
3020 1593 3388 1659 temetipsum,

172 1660 315 1727 γάλα
336 1676 349 1689 °
382 1662 543 1715 πόσον
570 1680 650 1716 σοι
679 1667 949 1735 προσῆκεν
979 1670 1069 1722 ἐπὶ
1107 1674 1289 1743 σαυτῷ
1322 1677 1735 1745 μεγαλύνεσθαι,

1839 1680 1977 1748 quod
1998 1680 2156 1747 Regis
2193 1680 2368 1747 magni
2400 1694 2585 1733 servus
2609 1695 2686 1743 es,
2716 1681 2781 1733 ab
2803 1680 2916 1747 ipso
2933 1681 3136 1735 accitus
3159 1683 3223 1735 ad
3246 1700 3392 1738 sum-

169 1752 256 1804 ὃτι
279 1752 461 1816 δοῦλος
478 1751 527 1806 εῐ
543 1755 634 1807 τοῦ
664 1758 895 1826 μεγάλου
921 1762 1211 1827 Βασιλέως,
1232 1768 1591 1838 προσκληθεὶς
1608 1774 1736 1842 παρ’
1767 1836 1782 1842 _

1773 1836 1799 1842 _
1842 1785 1980 1822 mam
2013 1768 2459 1831 familiaritatem,
2499 1767 2870 1837 promissionis
2901 1768 3100 1837 Spiritu
3129 1782 3386 1840 accepto:

170 1842 342 1897 αὑτοῦ
368 1848 446 1908 εἰς
474 1848 570 1918 τὴν
604 1849 775 1920 ἄκραν
806 1853 1095 1917 οίκείωσιν,
1116 1856 1293 1908 λαϐὼν
1314 1859 1372 1911 τὸ
1395 1860 1613 1929 Πνεῦμα
1638 1863 1733 1931 τῆς
1767 1836 1783 1889 Ι

1774 1836 1805 1889 Β
1835 1871 1891 1912 ιιι
1921 1862 1969 1911 in
2000 1860 2115 1927 ipso
2137 1861 2465 1929 obsignatus,
2491 1836 2577 1914 Dei
2610 1860 2747 1915 ﬁlius
2762 1860 3182 1928 elliciarcYCum
3212 1836 3387 1917 autem

169 1938 525 2008 ἐπαγγελίας,
566 1941 703 1994 ὥστε
739 1945 1089 2014 σφραγισθεὶς
1112 1949 1168 1997 ἐν
1190 1948 1335 2016 αὐτῷ
1366 1950 1477 2013 υίὸς
1516 1953 1730 2004 ἀποδει-

1833 1950 2059 2002 sincera:
2090 1951 2139 2001 in
2176 1949 2339 2003 Deum
2376 1952 2487 2020 spei
2520 1951 2807 2006 utilitatem
2828 1952 2879 2005 in
2912 1953 3201 2022 semetipso
3226 1968 3387 2018 agno-

169 2033 370 2104 χθῆναι
382 2036 533 2103 Θεοῦ;
554 2038 830 2107 Ἐν.ἐαυτῷ
843 2039 896 2089 δὲ
914 2038 1070 2105 γνοὺς
1090 2038 1195 2106 (87)
1216 2039 1275 2091 τὸ
1296 2040 1483 2107 ὄφελος
1496 2041 1593 2110 τῆς
1609 2060 1733 2115 γνη-

1830 2049 2004 2094 sceret
2028 2039 2316 2108 Propheta,
2343 2039 2596 2109 populum
2626 2041 2692 2094 ad
2734 2054 2915 2109 parem
2948 2056 3131 2095 secum
3166 2044 3387 2096 aemula-

170 2127 297 2190 σίας
314 2130 404 2181 ἐπὶ
427 2130 557 2181 Θεὸν
571 2130 798 2191 ἐλπίδος,
818 2131 909 2182 ἐπὶ
928 2130 1015 2182 τὸν
1038 2133 1148 2183 ἴσον
1170 2133 1360 2185 ἑαυτοῦ
1379 2133 1538 2202 ζῆλον
1556 2153 1731 2205 παρα-

1835 2133 2029 2187 tionem
2057 2133 2247 2187 invitat
2271 2132 2455 2185 dicens
2485 2150 2498 2184 :
2533 2130 2693 2184 Vens.
2726 2131 2777 2186 9.
2799 2130 3017 2199 Sperate
3041 2134 3093 2183 in
3113 2148 3193 2198 eo,
3216 2135 3386 2187 omnis

170 2219 330 2271 καλεῖ
356 2220 443 2272 τὸν
469 2219 612 2281 λαὸν,
645 2218 834 2287 λέγων·
864 2221 1181 2275 Ἔλπίσατε
1205 2224 1295 2276 ἐπ’
1325 2225 1527 2288 αὑτὸν,
1567 2225 1733 2280 πᾶσα

1831 2228 2158 2295 congregatio
2174 2224 2503 2292 populorum,
2528 2224 2779 2293 e/fundite
2798 2241 2972 2277 coram
2997 2224 3089 2277 illo
3107 2226 3264 2278 corda
3299 2242 3383 2279 ve-

168 2310 493 2377 συναγωγὴ
527 2310 710 2377 λαῶν,
740 2312 983 2382 ἐκχέατε
1004 2314 1112 2385 (88)
1139 2315 1391 2371 ἐνώπιον
1416 2318 1598 2371 αὑτοῦ
1629 2318 1731 2382 τὰς

1828 2329 1956 2370 atra.
1993 2315 2132 2369 Fieri
2184 2332 2287 2368 non
2338 2326 2539 2383 potest,
2587 2326 2645 2369 nt
2693 2317 2887 2369 divinze
2934 2318 3118 2384 gratia:
3162 2331 3386 2386 capaces

167 2402 614 2475 καρδίας
634 2407 932 2479 Ἀμήχανόν
944 2413 1057 2464 ἐστι
1074 2414 1407 2483 χωρητικοὺς
1423 2415 1565 2483 ἡμᾶς
1582 2416 1730 2483 γενέ-

1830 2408 2136 2471 reddamur,
2169 2405 2269 2459 nisi
2303 2404 2520 2458 malitiae
2551 2404 2884 2471 all‘ectiones,
2916 2420 3036 2473 qua:
3057 2407 3266 2460 animas
3291 2422 3385 2460 no-

169 2495 298 2548 σθαι
323 2501 419 2568 τῆς
451 2498 598 2563 Θείας
625 2502 841 2572 χάριτος
860 2504 933 2574 μὴ
967 2505 1033 2556 τὰ
1060 2504 1164 2556 ἀπὸ
1203 2504 1397 2565 κακίας
1430 2506 1573 2576 πάθη
1602 2525 1731 2577 προ-

1830 2506 1969 2552 stras
2014 2504 2430 2565 occupaverant,
2479 2494 2863 2564 expulerimus.
2910 2494 3045 2549 Novi
3076 2510 3176 2564 ego
3213 2497 3382 2549 medi-

168 2591 512 2661 κατασχόντα
555 2594 647 2654 τὰς
705 2593 878 2661 ψυχὰς
928 2595 1083 2664 ἡμῶν
1138 2596 1514 2661 ἐξελάσαντας.
1576 2595 1729 2655 Εἶδον

1831 2604 1943 2653 cos,
1977 2590 2066 2657 qni
2093 2602 2199 2641 non
2226 2588 2378 2657 prius
2394 2585 2647 2639 salutaria
2669 2585 3056 2639 medicamenta
3080 2585 3383 2651 tradebant,

170 2683 393 2752 ἰατροὺς
412 2682 521 2749 ἐγὼ
556 2682 628 2753 μὴ
658 2684 916 2753 πρότερον
955 2685 1191 2749 διδόντας
1228 2688 1296 2741 τὰ
1335 2692 1572 2762 σωτήρια
1601 2693 1731 2763 φάρ-

1831 2696 1987 2748 quam
2031 2680 2311 2733 materiam
2366 2678 2662 2732 morbidam
2695 2693 2789 2747 per
2836 2680 3093 2732 vomitum
3126 2694 3385 2732 evacuas-

169 2788 345 2838 μακα,
390 2774 515 2840 πρὶν
542 2776 754 2843 ἐμετοῖς
786 2777 1125 2832 ἁποκενῶσαι
1159 2781 1254 2852 τὴν
1279 2786 1551 2837 νοσοποιὸν
1577 2786 1726 2854 ὓλην,

1829 2782 1967 2834 sent,
2022 2786 2181 2839 quam
2221 2770 2644 2835 intemperantes
2690 2769 2760 2821 illi
2804 2783 2869 2821 ex
2913 2773 3053 2823 malo
3094 2770 3235 2823 victu
3281 2771 3380 2823 sibi

166 2860 239 2928 ἦν
270 2860 335 2911 ὲκ
374 2864 611 2933 πονηρᾶς
640 2864 845 2935 διαίτης
876 2868 1087 2931 ἑαυτοῖς
1129 2872 1175 2923 οί
1217 2872 1502 2926 ἀκόλαστοι
1563 2876 1728 2926 ἐναπ-

1828 2869 2168 2930 pepererant.
2204 2858 2311 2913 Sed
2342 2867 2395 2913 et
2442 2859 2493 2911 in
2523 2873 2618 2913 vas
2659 2859 2986 2927 graveolenti
3022 2860 3273 2930 quopiam
3321 2862 3386 2913 li-

167 2950 375 3003 έθεντο.
431 2952 586 3006 Ἀλλὰ
614 2955 705 3007 καὶ
760 2956 977 3023 ἀγγεῖον
1035 2962 1571 3032 προκατειλημμένον
1627 2964 1729 3016 ὑπό

1829 2966 1998 3022 quore
2031 2952 2321 3013 imbutum,
2352 2950 2451 3004 nisi
2480 2948 2643 3004 fuerit
2663 2952 2884 3015 elotum,
2917 2962 3247 3021 unguentum
3277 2967 3381 3004 non

165 3059 315 3105 τινος
342 3043 603 3108 δυσώδους
637 3047 822 3117 ὑγροῦ,
857 3048 928 3117 μὴ
953 3048 1267 3114 ἐκπλυνθὲν,
1309 3052 1370 3105 οὐ
1401 3053 1473 3123 μὴ
1515 3054 1729 3123 δέξηται

1830 3044 2148 3097 infunditur.
2204 3043 2276 3096 Ea
2331 3056 2459 3111 ergo
2514 3057 2635 3110 quae
2705 3043 2855 3110 prius
2908 3043 3140 3107 inerant,
3184 3042 3380 3098 eﬂ'undi

166 3132 264 3186 τοῦ
302 3132 468 3203 μύρου
516 3136 614 3207 τὴν
661 3139 938 3207 ἐπιρροήν.
986 3140 1075 3191 Δεῖ
1120 3142 1297 3197 τοίνυν
1336 3144 1627 3217 ἐκχυθῆναι
1664 3148 1729 3201 τὰ
1755 3188 1779 3217 ι

1767 3188 1794 3217 ρ
1829 3143 2058 3202 Oportet,
2098 3144 2157 3188 ut
2182 3148 2300 3202 quae
2344 3133 2727 3195 immittuntur,
2759 3132 2920 3203 recipi
2957 3135 3181 3203 possint.
3223 3134 3380 3188 Vens.

166 3188 609 3313 προῦπόίρχοντα,
648 3188 982 3301 ἵνα.δυν.ηθῇ
1042 3236 1355 3307 χωρηθῆναι
1403 3188 1478 3290 τὰ
1528 3188 1779 3308 ἐπαγό-(

1770 3222 1796 3243 ⁸⁸
1834 3227 1918 3279 l0.
1968 3224 2328 3277 Verumtamen
2370 3223 2489 3275 vani
2544 3224 2641 3283 ﬁlii
2705 3224 2989 3276 hominum.
3063 3222 3220 3277 Novit
3277 3241 3383 3280 non

168 3330 329 3382 μενα.
354 3315 523 3379 Πλὴν
540 3315 769 3381 μάταιοι
787 3322 838 3372 οἱ
856 3321 969 3373 υίοὶ
990 3322 1105 3377 τῶν
1132 3327 1469 3395 ἀνθρώπων.
1500 3326 1617 3382 Είδε
1650 3330 1724 3400 μὴ

1830 3331 2015 3371 omnes
2047 3330 2200 3368 suum
2239 3316 2387 3383 sequi
2418 3316 2699 3377 monitum,
2732 3328 2902 3381 neque
2947 3329 3095 3380 spem
3133 3316 3183 3368 in
3219 3315 3382 3369 Deum

166 3404 377 3467 πάντας
400 3406 821 3476 ἀκολουθοῦντας
857 3415 1018 3468 αὑτοῦ
1053 3417 1126 3487 τῷ
1154 3421 1562 3489 παραγγέλματι
1591 3420 1721 3491 (89),

1828 3410 2119 3476 suscipere,
2149 3409 2241 3461 sed
2272 3422 2421 3476 spem
2461 3420 2721 3475 reponere
2747 3406 2801 3459 in
2832 3405 2992 3473 hujus
3020 3406 3145 3459 vitm
3175 3407 3384 3461 vanita-

161 3493 311 3562 μηδὲ
354 3497 809 3570 καταδεχομένους
862 3505 1097 3571 ἐλπίζειν
1145 3508 1238 3559 ἐπὶ
1272 3509 1359 3560 τὸν
1400 3508 1554 3573 Θεὸν,
1609 3510 1722 3563 ἀλλ’

1832 3501 1992 3555 tibus.
2024 3500 2228 3554 Idcirco
2252 3500 2327 3551 ait
2362 3515 2374 3549 :
2417 3496 2778 3551 Verumtamen
2807 3500 2923 3551 vani
2959 3500 3061 3564 ﬁlii
3094 3500 3384 3565 hominum,

166 3587 390 3656 ἔχοντας
438 3591 535 3662 τὴν
574 3594 762 3647 ἐλπίδα
805 3598 896 3648 ἐπὶ
937 3598 1004 3651 τὰ
1042 3600 1241 3667 μάταια
1290 3599 1381 3652 τοῦ
1437 3601 1572 3671 βίου.
1628 3603 1725 3657 Διὰ

1828 3596 2101 3648 mendaces
2128 3594 2227 3661 filii
2265 3592 2546 3644 hominum.
2577 3591 2683 3643 Cur
2712 3589 2870 3642 vani?
2908 3590 3041 3655 Quia
3077 3592 3380 3646 mendaces.

162 3678 326 3731 τοῦτό
352 3698 503 3749 φησι’
557 3684 730 3750 Πλὴν
752 3685 987 3753 μάταιοι
1020 3691 1072 3740 οὶ
1104 3690 1216 3741 υἱοὶ
1243 3688 1360 3741 τῶν
1380 3692 1722 3759 ἀνθρώπων,

1833 3685 2059 3739 Ubinam
2092 3683 2323 3735 maxime
2349 3679 2683 3733 mendacium
2704 3696 2890 3735 eorum
2914 3683 3375 3751 deprehenditur?

164 3769 414 3836 ψευδεῖς
458 3776 513 3825 οἱ
550 3776 663 3827 υἱοὶ
711 3776 829 3828 τῶν
873 3777 1213 3846 ἀνθρώπων.
1242 3783 1337 3836 Διὰ
1379 3784 1432 3836 τί
1464 3785 1721 3855 μάταιοι;

1831 3777 1894 3829 In
1924 3775 2151 3838 stateris,
2184 3772 2376 3842 inquit,
2413 3772 2479 3824 ad
2520 3773 2875 3838 fraudandum
2905 3775 3078 3844 factis.
3110 3776 3183 3829 De
3208 3776 3384 3845 quali-

180 3860 398 3931 Ἐπειδὴ
450 3864 678 3931 ψευδεῖς.
734 3867 843 3920 Ποῦ
895 3870 1123 3939 μάλιστα
1177 3876 1354 3927 αὐτῶν
1406 3878 1465 3929 τὸ
1532 3878 1723 3945 ψεῦδος

1830 3870 1926 3922 lius
1960 3866 2176 3921 stateris
2220 3864 2492 3933 loquitur?
2524 3863 2771 3934 Nunquid
2811 3866 2954 3919 enim
3007 3882 3194 3922 omnes
3224 3869 3380 3939 197

162 3952 479 4023 ἐλέγχεται;
523 3957 621 4009 Ἐν
647 3956 857 4027 ζυγοῖς,
886 3966 1036 4033 φησι,
1070 3967 1173 4019 τοῦ
1206 3966 1503 4034 ἀδικῆσαι.
1546 3971 1722 4034 Ποίοις

1830 3957 2070 4010 homines
2099 3964 2323 4009 utuntur
2348 3961 2426 4007 sta
2440 3954 2611 4008 teris?
2645 3969 2771 4007 num
2811 3970 2997 4011 omnes
3034 3958 3167 4011 lance
3191 3961 3382 4014 vendi-

164 4044 304 4110 φησι
330 4043 538 4112 ζυγοῖς;
566 4046 653 4115 Μὴ
692 4050 799 4119 γὰρ
850 4054 1044 4115 πάντες
1068 4055 1337 4121 ἄνθρωποι
1366 4057 1723 4125 ζυγοστατοῦ-

1831 4059 1972 4103 tores
1998 4056 2143 4109 sunt,
2174 4054 2264 4099 aut
2298 4044 2617 4110 macellarii;
2642 4054 2733 4099 aut
2759 4061 2948 4100 aurum
2983 4059 3072 4099 aut
3102 4058 3378 4117 argentum

170 4151 259 4197 st;
316 4137 386 4206 μὴ
424 4138 620 4201 πάντες
653 4140 966 4209 ἐριοπῶλαι,
1015 4144 1046 4214 ἢ
1080 4146 1423 4216 κρεωπῶλαι,
1459 4149 1490 4220 ἢ
1526 4153 1721 4222 χρυσὸν

1830 4148 2080 4203 tractant,
2126 4147 2216 4189 aut
2252 4136 2471 4189 omnino
2499 4136 2550 4188 in
2599 4136 2745 4189 hisce
2782 4138 3022 4189 materiis
3063 4152 3277 4207 operam
3324 4150 3379 4193 et

162 4226 198 4295 ἧ
223 4226 461 4297 ἄργυρον
487 4229 827 4295 διατίθενται,
856 4232 888 4303 ἢ
921 4234 1055 4297 ὅλως
1093 4238 1218 4307 περὶ
1239 4239 1438 4302 ταύτας
1460 4242 1557 4304 τὰς
1591 4242 1721 4306 ῦλας

1827 4231 2059 4286 studium
2106 4242 2330 4301 ponunt,
2358 4244 2492 4298 quas
2529 4238 2859 4283 mercatores
2898 4246 3017 4283 cum
3052 4233 3269 4287 stateris
3313 4249 3379 4289 ac

164 4317 266 4385 τὴν
302 4319 528 4390 σπουδὴν
558 4321 787 4389 ἔχουσιν,
815 4324 879 4387 ἃς
917 4324 1097 4394 ζυγοῖς
1133 4329 1225 4380 καὶ
1267 4330 1522 4399 σταθμοῖς
1547 4332 1720 4399 πεφύ-

1828 4326 2148 4394 ponlcrihus
2199 4323 2370 4376 solent
2438 4322 2764 4375 divendere?
2817 4324 2977 4392 Atqui
3029 4324 3192 4378 multa
3252 4336 3380 4379 sunt

161 4424 327 4460 κασιν
380 4412 429 4462 οί
474 4412 700 4485 ἔμποροι
758 4416 1088 4486 διαμείὸειν;
1139 4420 1295 4473 ’Λλλὰ
1341 4423 1473 4476 πολὺ
1520 4424 1614 4493 μὲν
1658 4423 1718 4475 τὸ

1827 4433 2018 4487 genera
2063 4415 2458 4485 operariorum,
2507 4414 2597 4482 qui
2636 4415 2701 4466 ad
2739 4428 2932 4481 operas
2983 4429 3108 4467 suas
3158 4417 3379 4471 stateris

158 4501 273 4555 τῶν
298 4501 578 4571 βαναύσων
605 4510 777 4574 γένος,
814 4511 989 4579 ζυγῶν
1020 4512 1169 4563 οὐδὲν
1206 4514 1280 4574 είς
1312 4514 1409 4582 τὴν
1459 4514 1717 4584 ἐργασίαν
1752 4540 1771 4592 ι

1765 4541 1793 4592 D
1828 4511 1951 4563 nihil
2008 4524 2139 4577 opus
2174 4507 2395 4564 habent.
2438 4506 2585 4559 Multi
2625 4506 2765 4557 enim
2818 4504 3089 4557 nauticam
3122 4518 3378 4561 exercent

158 4592 342 4645 αὐτῶν
375 4596 761 4666 προσδεόμενον
781 4601 908 4670 (90)’
929 4602 1107 4653 πολλοὶ
1145 4602 1199 4653 δέ
1230 4605 1273 4653 οἱ
1296 4604 1716 4674 ναυτιλλόμενοι·

1825 4612 1990 4654 artem
2032 4617 2044 4664 ;
2082 4600 2229 4653 multi
2270 4602 2429 4654 etiam
2459 4599 2603 4653 circa
2634 4596 2807 4650 forum
2837 4606 2891 4652 ct
2920 4598 3262 4667 magistratus
3287 4615 3377 4654 oc-

160 4684 351 4739 πολλοὶ
378 4685 433 4737 δὲ
455 4686 504 4737 οἱ
535 4688 660 4757 περ)⁹
691 4691 758 4742 τὰ
782 4692 1100 4763 δικαστήρια
1138 4694 1228 4745 καὶ
1259 4694 1317 4745 τὸ
1344 4695 1534 4764 ἄρχειν
1560 4714 1718 4767 στρε-

1824 4703 2107 4759 cupantnr,
2137 4692 2271 4761 apud
2317 4703 2453 4759 quos
2490 4688 2703 4757 quidem
2754 4698 2837 4744 est
2890 4688 3249 4753 mendacium,
3280 4706 3378 4745 nec

159 4779 411 4847 φάμενοι,
444 4781 573 4850 παρ’
606 4775 685 4841 οἷς
720 4782 817 4848 μὲν
845 4784 903 4835 τὸ
926 4784 1115 4852 ψεῦδός
1146 4788 1310 4847 ἐστιν,
1338 4786 1365 4836 ὁ
1396 4786 1451 4839 δὲ
1489 4787 1575 4839 διὰ
1608 4788 1713 4839 τῶν

1830 4796 2004 4837 tamen
2035 4799 2129 4852 per
2152 4793 2377 4837 stateras
2402 4782 2554 4835 dolus
2587 4782 2881 4851 perficitur.
2914 4781 3050 4845 Quid
3094 4782 3258 4852 igitur
3294 4792 3376 4838 est

160 4868 343 4935 ζυγῶν
371 4869 515 4933 δόλος
543 4872 641 4923 οὐκ
670 4872 1058 4940 ἐπιτηδεύεται.
1095 4877 1157 4929 Τί
1180 4874 1270 4930 οῦν
1302 4878 1444 4929 ἐστιν
1473 4879 1501 4930 ὃ
1530 4879 1709 4946 λέγει;

1823 4875 1962 4942 quod
1989 4871 2316 4937 dicit?Quod
2337 4871 2386 4923 in
2411 4886 2729 4939 unoquoque
2754 4880 2992 4924 nostrum
3014 4874 3152 4927 intus
3171 4884 3375 4927 statera

162 4961 288 5011 Ὅτι
312 4959 537 5012 ἑκάστου
568 4964 600 5031 ἡ
611 4962 727 5032 μῶν
752 4960 860 5032 (9i)
886 4965 941 5016 ἐν
962 4967 1039 5036 τῷ
1061 4967 1282 5039 κρυπτῷ
1309 4968 1465 5037 ζυγὸς
1481 4986 1563 5032 τις
1598 4971 1713 5022 ἐστὶ

1822 4967 2061 5034 quaedam
2109 4980 2137 5017 a
2174 4972 2360 5018 nostro
2399 4962 2692 5018 Conditore
2725 4973 3034 5019 constructa
3076 4966 3241 5033 sit,in
3269 4983 3373 5035 qua

271 5118 314 5149 ³⁷
345 5118 572 5189 Philipp.
604 5121 807 5185 111,19.

232 5282 346 5353 (86)
373 5281 504 5353 Reg.
536 5283 799 5353 secundus
830 5282 885 5333 ἐν
925 5278 1153 5349 πλούτῳ.
1324 5352 1329 5353 7
1458 5349 1481 5353 _
1630 5350 1639 5353 _

1890 5278 1998 5347 (89)
2029 5278 2252 5348 Legitur
2293 5280 2344 5334 in
2394 5280 2595 5337 Catena
2642 5282 2864 5337 Corder.
2893 5281 3057 5335 αὐτοῦ
3092 5281 3169 5351 τῷ
3204 5284 3374 5353 κηρύ-

235 5352 347 5419 (87)
384 5352 555 5405 ΕιΙίιίο
596 5352 753 5404 Basil.
794 5362 848 5405 et
880 5366 967 5404 sex
1020 5366 1144 5402 mss.
1186 5352 1272 5403 Ἐν
1317 5349 1491 5418 ἐαυτῷ
1516 5350 1701 5415 γνούς.
1818 5364 2005 5416 γματι.

157 5422 417 5491 Ateditio
465 5421 633 5475 Paris.
659 5432 710 5474 et
754 5421 880 5490 Reg.
918 5431 1101 5475 sextus
1146 5422 1399 5473 secundis
1451 5420 1597 5474 curis
1646 5422 1703 5471 ὲν

1890 5419 2023 5491 (90)
2042 5419 2170 5485 Reg.
2212 5429 2435 5487 quartus
2476 5422 2903 5491 προσδεομένων.
2951 5421 3029 5474 Ad
3078 5424 3370 5490 marginem

156 5489 338 5556 ἐαυτῷ
365 5490 442 5562 δέ.
511 5561 515 5562 7
808 5561 813 5562 7
844 5488 857 5490 “
1119 5559 1128 5562 _
1310 5560 1317 5562 7
1344 5561 1351 5562 7

1823 5501 1960 5562 vero
2003 5488 2132 5562 Reg.
2181 5492 2315 5543 sexti
2352 5488 2607 5560 scriptum
2653 5488 2922 5545 invenitur
2965 5488 3368 5562 προσδεόμενοι.

229 5564 345 5630 (881
382 5561 599 5631 Editiet
621 5575 745 5613 mss.
773 5561 971 5629 aliquot
1006 5559 1251 5628 ἐκχέατε.
1294 5560 1396 5614 Alii
1434 5568 1538 5631 tres
1568 5573 1696 5612 mss.
1827 5556 1842 5605 ξ

1827 5556 2016 5631 Statim
2055 5556 2183 5631 Reg.
2212 5571 2433 5631 quartus
2462 5556 2583 5614 cum
2626 5562 2777 5616 Colb.
2816 5556 3020 5627 quarto'
3050 5556 3367 5631 δικαστήρια

154 5626 399 5701 Γκχέετε,
427 5629 621 5682 Ibidem
665 5641 839 5683 nostra
861 5626 1031 5701 editio
1060 5626 1224 5684 Paris.
1271 5629 1544 5699 ἀμήχανόν
1586 5630 1699 5681 ἐστι

1808 5626 1900 5701 καὶ
1940 5627 2006 5678 τὰ
2060 5629 2271 5696 ἀρχεῖα.
2318 5630 2454 5684 Editi
2486 5644 2610 5683 vero
2643 5648 2761 5685 cum
2808 5626 2986 5684 multis
3018 5647 3147 5685 mss.
3188 5626 3292 5683 καῖ’
3313 5634 3372 5684 τὸ

152 5696 571 5770 τδάωρητικοὺς
606 5701 763 5768 ὑμᾶς.
790 5700 961 5754 Editio
997 5712 1119 5753 vero
1167 5696 1326 5757 Basil.
1369 5696 1489 5755 cum
1520 5700 1700 5753 multis

396 5701 571 5760 τικοὺς
606 5701 763 5768 ὑμᾶς.
790 5700 961 5754 Editio
997 5712 1119 5753 vero
1167 5696 1326 5757 Basil.
1369 5696 1489 5755 cum
1520 5700 1700 5753 multis
1808 5696 2009 5770 ἄοχειγ·

155 5767 289 5824 inss.
319 5767 380 5822 ut
404 5771 456 5823 in
476 5781 740 5823 c0nte.\'tu.
1877 5767 1985 5836 (91)
2023 5767 2313 5825 Colbertini
2342 5781 2563 5839 quartus
2589 5780 2641 5826 et
2683 5770 2902 5839 quintus
2930 5770 3143 5840 ἑκάστῳ
3179 5771 3361 5841 ἡμῶν.
