4058 6320
163 299 272 351 481

1329 297 1605 352 IlOMlLIA
1643 297 1709 351 IN
1748 296 2074 353 PSALMUM
2113 297 2245 356 LXI.

3278 297 3382 355 ιεε

162 414 542 485 ραμείὸεσθαι.
591 416 797 486 Ὥσπερ
843 416 1082 484 ποταμὸς
1126 417 1215 486 ἀφ’
1265 415 1466 487 ὑψηλοῦ
1499 417 1700 488 φερόμε

1831 418 1896 472 iis
1927 417 2140 485 quidem
2169 415 2260 486 qui
2306 415 2370 470 ad
2403 416 2572 486 ripam
2627 423 2806 470 astant
2850 413 3261 485 appropinquat,
3285 415 3381 468 sed

159 523 254 568 νος
286 505 490 574 ἐγγίζει
545 506 643 576 μὲν
668 511 777 567 τοῖς.
806 508 1114 578 παρεστῶσι
1162 511 1228 578 τῇ
1272 508 1425 581 ὄχθη,
1484 509 1616 578 ὁμοῦ
1671 509 1727 560 δὲ

157 596 362 664 ἥψατο,
399 599 490 648 καὶ
512 598 669 660 εὐθὺς
705 598 1075 670 ἀνεχώρησενο
1103 599 1241 652 οὕτω
1263 601 1352 652 καὶ
1444 601 1534 652 τοῦ
1565 601 1725 653 πλού-

159 705 259 738 του
292 687 506 740 εὐκολία
543 686 804 759 ὀξυτάτην
827 690 935 760 ἔχει
967 693 1058 742 καὶ
1087 689 1374 760 ὀλισθηρὰν
1403 691 1496 761 τὴν
1523 709 1724 764 παρου-

161 777 312 838 σίαν,
374 775 561 838 ἄλλους
619 776 675 842 ἐξ
723 777 894 832 ἄλλων
956 780 1384 849 παραμείϐεσθαι
1434 782 1721 848 πεφυκυῖα.

168 867 423 936 Σήμερον
467 867 619 918 τοῦδε
661 868 689 919 ὀ
742 868 907 940 ἀγρὸς
967 868 1096 938 (99),
1155 869 1247 920 καὶ
1280 867 1465 938 αὔριον
1514 869 1719 942 ἐτέρου.

157 957 257 1007 καὶ
338 958 448 1025 μετ’
505 957 680 1013 ὀλίγον
757 958 934 1013 ἄλλον.
1017 959 1340 1029 Ἀπόὁλεψον
1420 961 1554 1032 πρὸς
1626 962 1724 1026 τὰς

169 1051 232 1100 ὲν
300 1051 366 1118 τῇ
436 1049 583 1101 πόλει
647 1050 840 1112 οἰκίας,
907 1051 1047 1104 πόσα
1095 1051 1216 1122 ἤδη,
1262 1053 1352 1121 ἀφ’
1393 1049 1452 1107 οὗ
1500 1055 1722 1121 γεγόνα-

161 1155 273 1201 σιν,
334 1139 568 1209 ὀνόματα
616 1139 1016 1210 μετειλήφασιν,
1060 1143 1243 1197 ἄλλοτε
1292 1145 1388 1198 ἀπ’
1419 1145 1574 1198 ἄλλου
1613 1145 1719 1198 τῶν

159 1230 519 1298 κεκτημένων
559 1229 972 1300 ὀνομαζόμεναι.
1002 1234 1109 1286 Καὶ
1145 1234 1340 1304 χρυσὸς
1381 1236 1466 1288 ἀεὶ
1499 1235 1593 1299 τὰς
1626 1236 1716 1290 τοῦ

152 1317 375 1387 ἔχοντος
401 1322 581 1390 χεῖρας
625 1320 908 1392 διαρρέων,
943 1323 1027 1392 ἐφ’
1056 1323 1236 1394 ἕτερον
1267 1326 1590 1394 μεταϐαίνει,
1627 1329 1717 1380 καὶ

153 1411 251 1462 ἀπ’
287 1412 489 1463 ἐκείνου
534 1411 668 1482 πρὸς
715 1413 891 1466 ἄλλον.
941 1413 1154 1467 Μᾶλλον
1210 1414 1431 1470 δύνασαι
1467 1416 1606 1488 ὕδωρ
1650 1421 1713 1489 τῇ

153 1503 301 1571 χειρὶ
332 1501 634 1573 περιλαϐὼν
664 1506 970 1574 κατασχεῖν,
1008 1505 1038 1575 ἢ
1074 1505 1298 1559 πλοῦτον
1332 1506 1539 1577 σεαυτῴ
1569 1508 1716 1582 διαρ-

152 1594 268 1656 κῶς
311 1595 662 1666 συντηρῆσαι.
717 1598 910 1660 Καλῶς
959 1595 1052 1654 οὖν
1102 1599 1314 1671 εἴρηται
1343 1601 1422 1665 τὸ,
1454 1602 1715 1666 Πλοῦτος

151 1683 410 1751 ἑὰνρἐῃ,
434 1685 516 1752 μὴ
540 1687 929 1752 προστίθεσυε
951 1687 1182 1757 καρδίᾳ.
1219 1690 1308 1760 Μὴ
1337 1693 1401 1759 τῇ
1440 1691 1580 1760 ψυχῇ
1622 1708 1713 1743 σου

1826 508 1983 563 simul
2033 517 2091 562 ut
2138 507 2378 577 contigit,
2415 509 2596 562 statim
2630 507 2836 562 secedit
2874 528 2886 561 :
2933 507 3002 560 ita
3052 507 3216 561 etiam
3247 505 3382 560 divi-

1827 599 2019 652 tiarum
2061 598 2378 652 instabilitas
2426 597 2815 651 velocissunant
2848 597 3217 666 lubricamque
3244 611 3380 664 pnu-

1823 689 2048 742 sentiam
2077 688 2252 748 habet.
2273 687 2407 742 alios
2432 704 2496 742 ex
2529 689 2647 741 aliis
2672 697 2978 756 permutare
3019 688 3195 742 solita.
3214 687 3380 743 Hodie

1824 777 1982 846 huius
2032 788 2115 833 est
2151 794 2297 848 ager,
2341 795 2463 834 cras
2503 780 2743 845 alterius,
2776 790 2828 832 et
2864 779 3022 848 paulo
3055 789 3176 849 post
3220 779 3375 838 alius.

1823 868 2050 938 Respice
2090 869 2154 922 ad
2201 869 2432 922 civitatis
2476 869 2702 934 domos;
2733 875 2860 938 quot
2899 867 3008 934 jam
3046 869 3377 933 nomina,“

1823 976 1929 1030 quo
1957 970 2247 1016 exstructas
2277 971 2423 1022 sunt,
2456 974 2731 1029 accepere,
2758 958 2912 1014 aliter
2945 959 3011 1013 ab
3037 959 3142 1014 alio
3167 974 3379 1029 posses-

1821 1068 1941 1108 sore
1967 1051 2259 1121 appellatae.
2279 1051 2415 1117 Quin
2445 1052 2605 1105 etiam
2632 1067 2820 1106 aurum
2843 1066 3052 1118 semper
3076 1065 3108 1107 ο
3133 1040 3378 1107 manibus

1817 1141 1956 1212 ejus,
1982 1157 2141 1211 quem
2174 1155 2338 1210 penes
2368 1151 2472 1204 est,
2510 1140 2749 1207 elabens,
2782 1143 2852 1196 ad
2891 1140 3116 1196 alterum
3159 1143 3371 1206 transit,

1815 1242 1868 1286 et
1899 1231 1966 1286 ab
2010 1231 2099 1286 illo
2133 1231 2198 1284 ad
2246 1231 2430 1286 alium.
2463 1229 2920 1300 Compreliensatr.
2964 1247 3124 1287 manu
3177 1248 3370 1302 aquam

1818 1321 2026 1376 facilius
2053 1321 2224 1391 possis
2256 1322 2549 1385 continere,
2568 1337 2727 1391 quam
2759 1322 2974 1377 divitias
3008 1323 3100 1378 tibi
3121 1332 3376 1381 constan-

1818 1423 1897 1466 ter
1926 1428 2160 1466 servare.
2191 1411 2367 1478 Quare
2393 1422 2533 1467 recte
2564 1413 2764 1468 dictum
2804 1424 2887 1468 est
2920 1434 2933 1466 :
2961 1415 3170 1470 Diuitia:
3208 1418 3254 1472 si
3293 1404 3375 1485 tif-

1813 1504 1999 1572 ﬂuant,
2032 1503 2188 1556 nolite
2215 1518 2306 1554 cor
2325 1519 2597 1571 apponere.
2617 1503 2690 1558 Ne
2724 1503 2788 1558 iis
2808 1504 2882 1561 sis
2909 1505 3089 1560 animo
3124 1508 3370 1564 deditus:

1814 1596 1905 1649 sed
1936 1595 2000 1648 de
2032 1595 2162 1662 ipsis
2195 1593 2533 1648 commodum
2563 1608 2715 1662 cape,
2747 1609 2851 1648 non
2876 1595 2996 1650 illas
3025 1596 3167 1652 velut
3202 1613 3366 1653 unum

1815 1686 2098 1756 quodpiam
2126 1688 2320 1739 bonum
2360 1685 2653 1754 impensius
2683 1684 2928 1756 diligens,
2957 1695 3047 1740 aut
3075 1687 3366 1755 admirans,

152 1776 478 1848 προσπὰθῃς
499 1795 510 1805 ·
549 1776 679 1829 ἀλλὰ
714 1778 776 1830 τὸ
807 1779 899 1830 ἀπ’
926 1780 1088 1833 αὑτοῦ
1109 1782 1371 1850 χρήσιμον
1394 1783 1704 1853 καταδέχου,

1810 1779 1900 1832 sed
1926 1793 2106 1831 earum
2132 1775 2446 1831 famulatum
2481 1785 2728 1844 tanquam
2754 1777 3163 1833 instrumentum
3202 1782 3368 1850 quod-

153 1869 230 1936 μὴ
260 1867 339 1929 ὼς
370 1868 426 1919 ἓν
468 1886 519 1921 τι
558 1869 662 1921 τῶν
701 1869 917 1936 ἀγαθῶν
965 1871 1326 1939 ὑπεραγαπῶν
1371 1871 1463 1922 καὶ
1498 1871 1706 1941 Θαυμά-

150 1960 283 2022 ζων,
327 1960 438 2012 ἀλλ’
467 1960 540 2023 ὡς
573 1960 862 2031 ὀργανικὴν
891 1961 1054 2014 αὑτοῦ
1088 1963 1183 2032 τὴν
1207 1963 1504 2032 ὑπηρεσίαν
1535 1965 1708 2036 αἰρού-

153 2068 336 2119 μενος.
377 2047 506 2103 Εἶτα
539 2052 732 2117 ἐπάγει
759 2053 890 2104 πᾶσι
930 2056 1041 2116 τοῖς
1075 2055 1379 2126 εἰρημένοις
1417 2057 1705 2126 ἀπόφασιν,

149 2142 333 2192 οὐκέτι
380 2143 521 2194 ἰδίων
549 2145 828 2213 ῥημάτων,
871 2144 984 2198 ἀλλ’
1021 2145 1084 2217 ἢν
1137 2149 1262 2216 παρ’
1306 2149 1467 2201 αὑτοῦ
1509 2151 1705 2219 ἤκουσε

155 2233 241 2284 τοῦ
291 2233 445 2287 Θεοῦ.
496 2235 680 2299 Ἂπαξ
735 2237 864 2306 γὰρ,
916 2239 1096 2310 φησὶν,
1146 2239 1447 2307 ἐλάλησεν
1484 2243 1513 2294 ὀ
1543 2243 1703 2308 Θεὸς,

150 2324 256 2376 δύο
283 2324 466 2378 ταῦτα
485 2326 736 2394 ἤκουσα.
772 2331 879 2382 Καὶ
921 2329 1118 2400 μηδένα
1149 2332 1466 2402 ταρασσέτω
1496 2332 1570 2393 ὡς
1600 2350 1702 2386 πα-

155 2417 373 2484 ράδοξον
413 2419 472 2471 τὸ
503 2422 805 2492 εἰρημένον,
843 2422 957 2484 πῶς
990 2425 1019 2474 6
1052 2424 1146 2492 μὲν
1183 2423 1311 2484 Θεὸς
1344 2422 1486 2489 ἅπαξ
1517 2423 1705 2496 ἐλάλη-

152 2525 260 2570 σεν,
297 2512 325 2562 ὀ
355 2511 410 2562 δὲ
441 2513 729 2581 Προφήτης
769 2513 860 2564 δύο
895 2513 1110 2581 ἤκουσε.
1148 2513 1376 2565 Δυνατδν
1414 2513 1519 2585 γὰρ
1562 2515 1705 2582 ἅπαξ

153 2601 250 2668 μέν
275 2618 395 2651 τινα
429 2600 672 2671 λαλῆσαι,
709 2605 763 2652 ἐν
787 2602 841 2654 δὲ
877 2601 951 2672 τῷ
985 2602 1130 2667 ἆπαξ
1155 2603 1320 2658 πολλὰ
1344 2600 1480 2659 εἶναι
1511 2606 1578 2658 τέι
1611 2611 1704 2660 λα-

152 2689 401 2760 ληθέντα.
441 2692 751 2762 Ἀνθρωπος
785 2695 890 2765 γάρ
939 2714 1040 2759 τις,
1093 2697 1362 2766 συντυχὼν
1393 2715 1493 2750 τινι
1538 2697 1701 2762 ἅπαξ,

155 2782 279 2851 περὶ
313 2782 517 2834 πολλῶν
544 2784 785 2858 διελέχθη
808 2805 820 2816 ⁸
857 2789 948 2842 καὶ
977 2788 1193 2842 δύναται
1218 2791 1246 2840 ὀ
1273 2789 1505 2851 ἀκούσας
1540 2789 1700 2841 αἱ)τοῦ

152 2871 255 2923 τῶν
284 2876 540 2944 ῥημάτων
582 2880 752 2929 εἰπεῖν
778 2880 880 2946 ὅτι,
907 2879 1084 2942 ’Ἂπαξ
1132 2881 1229 2950 μέν
1266 2898 1354 2949 μοι
1385 2880 1698 2948 ἐφθέγξατο,

153 2967 278 3036 περὶ
319 2968 523 3019 πολλῶν
574 2969 628 3020 δὲ
673 2969 914 3038 ὲλὰλησε.
953 2971 1119 3023 Τοῦτό
1148 2973 1260 3023 ἐστι
1307 2964 1366 3023 τὸ
1419 2973 1702 3043 εἰρημένον

153 3056 241 3108 νῦν
266 3076 277 3087 ·
317 3057 377 3110 Ἦ
406 3061 500 3128 μὲν
533 3060 665 3112 Θεοῦ
697 3063 978 3129 ἐπιφάνεια
1014 3063 1158 3130 ἅπαξ
1194 3082 1280 3134 μοι
1301 3065 1506 3134 γέγονε,
1535 3066 1625 3120 δύο
1646 3067 1702 3120 δὲ

154 3147 447 3214 πράγματα
469 3150 611 3198 ἐστιν
649 3148 682 3200 ἂ
714 3150 985 3220 ἐλάλησεν.
1019 3154 1129 3206 Οὐκ
1173 3152 1349 3208 εἶπεν·
1393 3158 1486 3208 Ἓν
1515 3156 1703 3226 ὲλάληο

155 3253 239 3287 σεν
272 3238 299 3287 ὀ
324 3237 472 3302 Θεὸς,
505 3238 596 3290 δύο
627 3239 681 3292 δὲ
706 3242 874 3295 ταῦτα.
901 3245 1108 3313 ἥκουσα
1127 3263 1139 3274 ·
1172 3247 1311 3299 οὕτω
1345 3247 1450 3320 γὰρ
1476 3249 1540 3300 ἂν
1562 3248 1701 3312 ἕδοξέ

152 3343 263 3377 τινα
287 3325 428 3396 ἔχειν
457 3331 485 3381 6
515 3329 667 3398 λόγος
697 3332 829 3402 πρὸς
862 3335 1048 3387 ἑαυτὸν
1079 3336 1409 3392 ἐναντίωσιν.
1450 3338 1580 3390 Τίνα
1611 3334 1703 3390 οὖν

151 3411 213 3484 ἦν
241 3417 306 3470 τὰ
334 3418 426 3471 δύο
447 3420 479 3473 ἀ
499 3420 572 3490 (Ι)
601 3423 858 3491 ἦκουσεν;
893 3425 1029 3491 Ὅτι,
1062 3427 1130 3477 T6
1163 3425 1374 3492 κράτος
1405 3428 1508 3480 τοῦ
1535 3428 1699 3491 Θεοῦ,

152 3508 244 3561 καὶ
293 3511 432 3572 σοῦ,
463 3513 656 3579 Κύριε,
699 3512 764 3565 τὸ
810 3515 998 3579 ἕλεος,
1032 3516 1150 3567 ’Ότι
1179 3516 1416 3581 δυνατὸς,
1452 3519 1634 3587 φησιν,
1673 3518 1703 3571 6

152 3598 277 3664 Θεὸς
305 3605 362 3655 ὲν
406 3605 469 3672 τῇ
501 3606 696 3674 κρίσει,
733 3607 822 3658 καὶ
853 3609 880 3659 6
908 3607 1065 3670 αὑτὸς
1108 3607 1366 3680 ἐλεήμων.
1413 3611 1563 3682 Μήτε
1610 3608 1700 3666 οὖν

154 3691 392 3756 ἐλπίζετε
531 3695 759 3760 ἀδικίαν,
786 3698 920 3769 μήτε
953 3698 1164 3770 πλούτῳ
1201 3701 1571 3772 προστίθεσθε,
1608 3706 1703 3776 μή·

152 3799 205 3833 τε
246 3782 478 3853 αἱρεῖσθε
509 3788 855 3856 ματαιότητα,
905 3791 1041 3858 μήτε
1078 3792 1136 3842 τὸ
1167 3792 1263 3860 τῆς
1308 3793 1483 3862 ψυχῆς
1515 3797 1701 3865 κριτή-

158 3890 263 3943 ριον
298 3873 680 3944 διεφθαρμένον
713 3880 1048 3949 περιφέρετε.
1083 3881 1290 3944 Εὶδότες
1324 3883 1420 3953 (9.),
1458 3885 1536 3936 ὅτι
1572 3902 1702 3953 κρα-

153 3968 294 4028 ταιὸς
319 3967 474 4036 ἡμῶν
502 3969 528 4019 6
563 3969 852 4039 Δεσπότης,
891 3970 1158 4042 φοϐηθητε
1186 3973 1347 4026 αὑτοῦ
1370 3973 1429 4026 τὸ
1462 3975 1697 4046 ἰσχυρὸν,

154 4058 238 4108 καὶ
285 4058 359 4128 μὴ
414 4059 691 4127 ἀπογνῶτε
736 4061 897 4113 αὑτοῦ
943 4063 1040 4132 τῆς
1082 4064 1498 4134 φιλανθρωπίας.
1560 4066 1698 4140 Πρὸς

155 4149 247 4218 μὲν
274 4146 365 4203 οὖν
396 4151 454 4204 τὸ
494 4152 566 4223 μὴ
603 4153 825 4216 ἀδικεῖν,
855 4153 1056 4220 ἀγαθὸς
1077 4156 1103 4206 6
1133 4156 1294 4224 φόὸος
1314 4173 1326 4187 ’
1365 4159 1498 4228 πρὸς
1522 4159 1576 4211 δὲ
1610 4159 1698 4213 τὸν

155 4242 293 4309 ἅπαξ
317 4245 396 4306 εἰς
425 4245 693 4314 ἁμαρτίαν
731 4245 1084 4316 ὀλισθήσαντα
1117 4247 1189 4319 μὴ
1229 4248 1414 4301 ἑαυτὸν
1441 4249 1697 4320 προέσθαι

152 4333 231 4385 διὰ
261 4336 358 4403 τῆς
383 4334 744 4398 ἀνελπιστίας,
785 4335 958 4406 ἀγαθὴ
997 4337 1028 4405 ἡ
1068 4335 1216 4400 ἐλπὶς
1250 4336 1341 4389 τοῦ
1387 4337 1584 4402 ἐλέους.
1627 4341 1698 4393 Τὸ

1809 1871 1928 1923 dam
1981 1870 2290 1924 admittens.
2320 1869 2519 1923 Deinde
2556 1867 2641 1923 his
2673 1867 2830 1930 dictis
2880 1870 3128 1927 omnibus
3154 1880 3370 1929 sentcn-

1810 1960 1933 2013 tiam
1949 1958 2148 2024 subdit,
2177 1974 2277 2013 non
2297 1973 2360 2012 ex
2397 1959 2510 2013 suis
2540 1959 2705 2028 ipsius
2731 1959 2906 2013 verbis
2927 1959 3259 2029 adornatam,
3275 1965 3367 2018 sed

1807 2067 1964 2121 quam
1995 2052 2060 2106 ab
2096 2052 2208 2119 ipso
2243 2051 2350 2106 Deo
2382 2051 2597 2103 audivit.
2617 2048 2776 2104 Vsus.
2799 2051 2884 2105 l2.
2909 2049 3076 2106 Semel
3098 2054 3256 2120 enim,
3284 2054 3366 2108 in-

1807 2145 1940 2212 quit,
1959 2144 2158 2197 locutus
2175 2151 2246 2196 est
2270 2142 2428 2206 Deus,
2448 2142 2551 2195 duo
2574 2142 2682 2194 licet:
2707 2141 2897 2194 audivi.
2918 2139 3025 2196 Nec
3046 2155 3363 2212 quemquam

1809 2234 1909 2287 hoc
1940 2234 2142 2287 dictum
2194 2232 2344 2302 quasi
2395 2226 2720 2297 paradoxum
2765 2233 3056 2300 perturbet,
3097 2234 3366 2301 quomodo

1808 2324 1946 2376 Deus
1959 2325 2170 2392 quidem
2190 2323 2352 2378 semel
2374 2325 2575 2378 loeutus
2592 2321 2947 2391 sit,Pr0pIteta
2962 2337 3086 2378 vero
3099 2322 3202 2378 duo
3213 2325 3364 2378 audi-

1807 2413 1961 2467 verit.
1988 2413 2130 2466 Fieri
2161 2414 2301 2466 enim
2337 2423 2510 2480 potest
2538 2423 2588 2465 ut
2619 2413 2738 2480 quis
2766 2413 2929 2465 semel
2959 2411 3165 2467 locutus
3189 2414 3280 2473 sit.
3300 2425 3362 2468 et

1805 2503 1942 2558 inter
1971 2503 2136 2558 semel
2163 2504 2480 2574 loquendum
2511 2503 2651 2558 dicta
2674 2504 2780 2558 sint
2813 2503 2999 2558 multa.
3042 2503 3172 2558 Nam
3200 2504 3358 2559 homo

1804 2596 2091 2666 quispiam,
2122 2595 2286 2649 semel
2333 2611 2452 2648 cum
2490 2594 2668 2663 aliquo
2712 2609 3056 2666 congressus,
3083 2597 3149 2651 de
3179 2598 3359 2653 multis

1804 2664 2057 2742 disseruit
2078 2703 2091 2750 ;
2111 2688 2180 2739 ita
2211 2687 2302 2755 qui
2329 2686 2496 2754 ipsius
2523 2684 2681 2738 verba
2712 2664 2930 2752 audivit,
2959 2696 3131 2756 potest
3152 2689 3358 2744 dicere:

1804 2777 1980 2832 Semel
2015 2780 2230 2847 quidem
2261 2793 2345 2831 me
2377 2775 2640 2830 allocutus
2669 2785 2770 2840 est,
2797 2777 2890 2830 sed
2935 2779 3001 2833 de
3034 2778 3212 2834 multis
3255 2796 3363 2835 ser.

1804 2884 2014 2924 monem
2073 2869 2278 2923 habuit.
2319 2867 2427 2922 Hoc
2452 2879 2554 2933 est,
2605 2868 2746 2937 quod
2791 2869 2947 2924 modo
2979 2871 3176 2926 dictum
3210 2871 3306 2927 fuit
3341 2893 3357 2930 :

1803 2960 1930 3015 Mzhi
1979 2961 2192 3030 quidem
2245 2957 2409 3014 semel
2461 2960 2704 3026 apparuit
2760 2959 2917 3024 Deus,
2967 2963 3061 3016 sed
3114 2975 3198 3018 res
3242 2966 3358 3019 duas

1802 3061 1945 3116 sunt,
1975 3066 2110 3119 quas
2145 3050 2298 3104 dixit.
2329 3047 2442 3103 Non
2473 3051 2548 3101 ait
2587 3062 2602 3098 :
2639 3047 2812 3102 Unum
2844 3048 3049 3103 locutus
3082 3061 3164 3105 est
3192 3051 3355 3116 Deus,

1804 3154 1856 3198 et
1886 3152 2060 3195 tamen
2092 3143 2206 3195 luec
2235 3140 2338 3193 duo
2371 3137 2547 3192 audivi
2579 3155 2594 3204 ;
2621 3139 2701 3192 sic
2733 3139 2875 3193 enim
2905 3155 3080 3196 sermo
3106 3145 3361 3210 quodam.

1804 3233 1963 3286 modo
1991 3247 2168 3286 secum
2185 3244 2418 3300 pugnare
2437 3229 2726 3282 videretur.
2743 3227 2870 3295 Quae
2893 3229 3050 3298 igitur
3071 3243 3223 3286 erant
3250 3236 3356 3289 duo

1805 3321 1919 3374 base
1940 3335 2058 3389 qua:
2086 3318 2325 3373 audivit?
2350 3315 2590 3372 Potestas
2615 3316 2711 3370 Dei
2740 3327 2837 3384 est,
2867 3326 3038 3388 (vus.
3057 3319 3146 3394 13)
3169 3331 3218 3376 et
3244 3334 3356 3387 tua,

1802 3415 2023 3469 Domine
2048 3459 2061 3482 ,
2095 3413 2469 3468 misericordia.
2510 3411 2680 3473 Deus,
2719 3414 2912 3481 inquit,
2952 3423 3140 3482 potens
3181 3417 3232 3470 in
3274 3417 3362 3485 ju-

1802 3505 1968 3568 dicio,
2023 3513 2075 3559 et
2121 3503 2259 3557 idem
2290 3501 2614 3555 misericors.
2650 3501 2831 3572 Neque
2863 3503 3024 3571 igitur
3065 3515 3274 3573 sperate
3306 3509 3359 3561 in

1804 3599 2103 3667 iniquitate,
2143 3609 2317 3664 neque
2353 3592 2554 3648 divitiis
2587 3597 2783 3650 addicti
2825 3606 3017 3661 estote,
3045 3611 3217 3668 neque
3239 3613 3357 3652 am-

1805 3685 2110 3758 plectamini
2151 3686 2462 3750 vanitatem,
2497 3701 2668 3754 neque
2687 3687 2854 3739 animi
2877 3686 3136 3756 judicium
3169 3704 3360 3743 corru-

1801 3794 1947 3851 ptum
1981 3778 2338 3833 circumfertc.
2361 3777 2644 3830 Dominum
2675 3789 2916 3832 nostrum
2948 3787 3215 3846 potentem
3241 3793 3359 3835 esse

1800 3887 1922 3925 cum
1969 3884 2072 3924 non
2127 3867 2403 3938 ignoretis,
2439 3867 2622 3922 timete
2675 3865 2791 3936 eius
2841 3866 3228 3935 fortitudinem,
3260 3885 3357 3925 uec

1801 3968 1980 4015 tamen
2007 3960 2302 4030 desperetis
2330 3959 2396 4013 de
2439 3958 2604 4028 ipsius
2643 3957 2992 4028 benignitate.
3032 3959 3098 4014 Et
3142 3961 3354 4030 quidem

1803 4059 1970 4109 bonus
2002 4063 2085 4108 est
2135 4053 2313 4114 timor,
2363 4060 2419 4105 ut
2463 4067 2527 4106 ne
2559 4050 2687 4120 quid
2740 4051 3085 4106 admittamus
3137 4053 3300 4122 iniqui
3337 4072 3351 4107 :

1799 4159 1922 4214 spes
1953 4158 2081 4198 vero
2129 4140 2504 4197 misericordiae
2550 4142 2687 4193 bona
2718 4149 2821 4207 est,
2854 4150 2912 4195 ut
2953 4157 3018 4196 ne
3067 4143 3159 4212 qui
3191 4145 3359 4198 semel

1799 4238 1853 4293 in
1893 4246 2170 4306 peccatum
2222 4233 2497 4302 prolapsus
2527 4241 2626 4296 est,
2675 4247 2734 4288 se
2763 4217 2874 4301 ipse
2899 4247 2994 4301 per
3025 4235 3357 4302 desperatio~

1800 4345 1920 4385 nent
1971 4327 2176 4397 perdat.
2219 4324 2352 4379 Nam
2399 4323 2491 4380 Dei
2538 4337 2620 4379 est
2657 4333 2911 4394 potestas,
2941 4333 2995 4378 et
3025 4325 3091 4379 ab
3126 4326 3240 4394 ipso
3275 4337 3357 4382 est

153 4423 252 4493 γὰρ
293 4423 490 4494 κράτος
519 4423 607 4474 τοῦ
639 4423 792 4484 Θεοῦ,
830 4425 920 4476 καὶ
963 4425 1088 4494 παρ’
1122 4424 1283 4477 αὑτοῦ
1322 4427 1393 4494 (5)
1430 4426 1488 4478 τὸ
1530 4426 1691 4490 ἕλεος.

1807 4417 2193 4476 misericordia.
2220 4415 2356 4484 Quia
2387 4428 2442 4470 tu
2476 4418 2653 4470 reddes
2688 4417 2966 4488 unicuique
3010 4415 3160 4482 iuxta
3202 4431 3355 4486 opera

157 4515 266 4566 ’Ὁτι
305 4515 386 4567 σὺ
428 4513 753 4580 ἀποδώσεις
784 4514 1014 4580 ἑκάστῳ
1046 4517 1191 4568 κατὰ
1224 4517 1293 4570 τὰ
1319 4519 1462 4586 ἔργα
1490 4519 1695 4572 αὐτοῦ.

152 4599 220 4671 ’ᾯ
256 4607 364 4672 γὰρ
399 4607 588 4674 μέτρῳ
619 4607 896 4673 μετρεῖτε,
941 4608 1494 4676 ἀντιμετρηθήσεται
1536 4611 1692 4679 ὑμῖν.

158 4694 405 4761 Ἐθλιψας
440 4698 531 4748 τὸν
569 4695 829 4764 ἁδελφόκη
874 4698 1090 4768 ἐκδέχου
1146 4698 1205 4750 τὸ
1240 4698 1368 4752 ἴσον.
1407 4699 1697 4770 Ἦρπασας

154 4783 216 4835 τὰ
242 4783 346 4836 τῶν
399 4786 814 4858 ὑποδεεστέρων,
859 4789 1299 4842 κατεκονδύλισας
1335 4789 1570 4861 πένητας
1597 4791 1694 4863 (4),

157 4877 487 4947 κατῄσχυνας
511 4881 566 4932 ἐν
602 4880 904 4951 λοιδορίαις,
941 4881 1398 4952 ἐσυκοφάντησας,
1431 4883 1696 4952 κατεψεύ-

159 4984 246 5030 σω,
299 4969 593 5038 ἀλλοτρίοις
648 4970 1034 5032 ὲπείούλευσας
1081 4972 1296 5041 γάμοις,
1328 4972 1695 5044 ὲπιὼρκησας,

158 5057 269 5124 ὅρια
332 5059 577 5131 πατέρων
636 5062 933 5131 μετέθηκας
974 5061 1072 5128 (5),
1126 5064 1394 5130 κτήμασιν
1453 5063 1698 5132 ὀρφανῶν

158 5148 398 5217 ἐπῆλθες,
429 5152 596 5222 χήρας
624 5150 921 5221 essene“,
949 5153 1045 5220 τὴν
1075 5152 1348 5224 παροῦσαν
1380 5152 1569 5223 ἡδονὴν
1594 5154 1701 5206 τῶν

159 5236 208 5286 ὲν
244 5241 588 5310 ἐπαγγελίαις
620 5240 835 5308 ἀγαθῶν
874 5244 1276 5313 προετίμησας;
1325 5245 1541 5313 ἐκδέχου
1585 5249 1703 5299 τού-

221 5333 261 5362 “
288 5335 468 5389 Matth.
501 5353 593 5403 vti,
624 5340 678 5391 ιι.

223 5429 326 5492 (99)
356 5430 429 5484 Ita
466 5436 627 5488 editio
662 5431 820 5488 Basil.
851 5443 904 5487 et
933 5449 1061 5488 mss.
1096 5435 1264 5488 multi.
1312 5429 1489 5486 Editin
1520 5427 1690 5484 Paris.

159 5499 293 5571 τοῦδε
317 5501 501 5571 ἀγρός.

224 5569 291 5639 (t)
328 5568 403 5623 Ita
434 5582 634 5638 septem
670 5590 794 5628 mss.
840 5575 906 5627 At
941 5575 1069 5628 editi
1123 5575 1213 5627 δύο
1257 5571 1428 5625 ταῦτα
1480 5568 1532 5621 ἆ.
1573 5569 1691 5622 Mox

163 5653 273 5691 mss.
304 5643 330 5692 6
377 5641 538 5714 αὐτὸς
572 5643 833 5714 ἐλεήμων.
879 5645 1018 5698 Editi
1056 5647 1267 5699 inverso
1309 5644 1494 5697 ordine
1539 5639 1690 5710 ἐλεη-

165 5724 266 5775 μων
287 5714 312 5763 ὀ
336 5713 515 5774 αὑτός.

457 5806 724 5865 ΡΑτιιοι..
759 5807 872 5866 Gn.
913 5807 1140 5867 XXIX.

1796 4531 1912 4569 sua.
1943 4511 2144 4565 Etenim
2183 4527 2284 4581 qua
2313 4527 2553 4563 mensum
2594 4510 2755 4562 mensi
2799 4510 3024 4577 fueritis,
3063 4514 3357 4564 remouetur

1795 4604 2011 4659 vobis“.
2032 4603 2277 4657 Afﬂixisti
2304 4602 2559 4656 fratrem?
2579 4618 2675 4672 par
2701 4611 2972 4670 esspecta.
3003 4602 3240 4669 Rapuisti
3275 4604 3356 4654 itt-

1795 4697 2049 4751 feriorum
2074 4696 2358 4750 facultates
2393 4711 2407 4760 ;
2442 4696 2631 4764 pugnis
2672 4708 2932 4762 pauperes
2977 4693 3135 4764 199
3159 4694 3356 4750 cecidi-

1794 4789 1860 4842 sti
1880 4807 1894 4854 ;
1914 4805 2007 4857 per
2027 4789 2268 4842 convicia
2292 4786 2559 4841 incussisti
2593 4785 2866 4854 pudorem,
2892 4786 3246 4841 calumniatus
3272 4801 3350 4851 es,

1795 4881 2047 4936 mentitus
2072 4894 2154 4947 es,
2182 4880 2370 4934 alienis
2401 4879 2596 4947 nuptiis
2631 4881 2835 4947 parasti
2866 4880 3106 4940 insidias,
3139 4878 3348 4947 peiera-

1797 4973 1889 5036 sti,
1917 4973 2177 5027 terminos
2202 4981 2409 5040 patrum
2441 4970 2840 5040 transposuisti,
2873 4971 3234 5037 orplmnorum
3269 4972 3354 5024 in-

1797 5063 1981 5117 vasisti
2020 5063 2382 5133 possessiones
2403 5101 2418 5125 ,
2457 5061 2646 5115 viduas
2680 5061 3020 5129 oppressisti,
3052 5062 3202 5116 bonis
3225 5077 3353 5130 pro-

1801 5155 1974 5208 missis
2008 5153 2286 5223 praetulisti
2331 5164 2644 5221 praesentem
2678 5151 3039 5218 voluptatem?
3061 5149 3238 5204 Vicetn
3272 5155 3353 5207 his

1799 5246 2010 5315 dignam
2053 5255 2322 5314 exspecta.
2370 5244 2554 5313 Qualia
2590 5243 2729 5297 enim
2780 5243 3140 5312 unusquisque
3177 5245 3345 5299 senii-

1872 5427 1947 5497 (9.)
1983 5427 2073 5483 Sic
2101 5441 2303 5498 septem
2344 5447 2468 5484 mss.
2502 5432 2564 5484 At
2590 5432 2715 5487 editi
2746 5431 2861 5491 ἀλλ’
2890 5432 3109 5496 εἰδότες.

1873 5499 1948 5568 (5)
1981 5500 2203 5554 Codices
2244 5512 2348 5553 tres
2372 5502 2497 5568 παρ’
2521 5501 2686 5568 αὐτῷ.

1872 5553 1944 5637 (ιδ
1977 5553 2100 5640 lteg.
2130 5572 2392 5624 secundus
2417 5553 2650 5640 π’ένητα.⁸

1872 5641 1946 5707 (5)
1978 5639 2286 5691 Tiltnauuus
2307 5644 2480 5695 verbis
2505 5639 2911 5697 l'i'overbinrum
2936 5660 3066 5707 xxn,
3084 5642 3174 5703 εδ,
3199 5643 3347 5706 "sttit,

1806 5709 1912 5772 illa,
1959 5709 2079 5779 ὅρια
2117 5711 2394 5780 πατέρων,
2424 5725 2557 5778 etc.,
2583 5712 2658 5767 sic
2687 5716 3075 5782 inter-promtus
3111 5710 3188 5766 .t'u.
3213 5723 3299 5766 t'at
3333 5727 3348 5766 :

2998 5806 3068 5862 16
