4058 6320
102 382 211 436 483

1259 366 1518 424 HOMILA
1553 363 1617 418 IN
1656 358 1986 416 PSALMUM
2027 357 2218 414 CXIV.

3231 350 3340 404 486

102 503 207 572 ρᾶς
239 497 597 569 ὑπεδεξάμην.
642 496 776 550 Τίνα
803 493 858 546 δέ
895 493 1012 544 ἐστι
1041 490 1231 552 ταῦτα,
1280 488 1472 561 μικρὸν
1513 487 1670 538 ὓστε-

1780 479 1904 536 ierni
1932 478 2188 548 pericula,
2221 475 2638 541 tribulationem,
2677 473 2916 530 dolorem
2952 493 2968 531 :
3004 490 3124 545 quae
3154 480 3334 532 omnia

105 609 198 662 ρον
230 592 576 660 διεξέρχεται,
620 588 718 665 τᾲς
756 587 948 648 ὠδῖνας
979 585 1071 638 τοῦ
1113 583 1359 645 θανάτου,
1403 580 1525 642 τοὺς
1555 596 1670 630 κινυ

99 680 292 743 δύνους
314 680 407 732 τοῦ
440 682 588 753 ᾅδου,
610 679 708 748 τὴν
735 676 932 743 Θλίψιν,
966 675 1062 747 τὴν
1093 673 1302 741 ὀδύνην,
1329 672 1470 740 ἅπερ
1499 669 1672 721 πάντα

100 771 256 840 αὐτῷ
283 772 537 842 ἀγαπητὰ
589 769 675 822 διὰ
702 768 796 838 τὴν
842 768 973 838 πρὸς
1006 767 1134 819 Θεὸν
1163 765 1400 834 ἀγάπην,
1448 762 1538 813 καὶ
1574 760 1671 828 τὴν

100 862 315 929 ἐλπίδα,
346 847 443 932 τὴν
473 861 838 930 ἀποκειμένην
867 863 977 924 τοῖς
1009 859 1076 912 τὰ
1098 857 1236 926 ὑπὲρ
1267 858 1364 926 τῆς
1392 852 1672 912 εὐσεϐείας

101 952 257 1025 πάθη
302 953 767 1021 καταδεχομένοις,
801 952 1066 1021 ἐφαίνετο.
1102 949 1176 999 Οὐ
1217 947 1322 1017 γὰρ
1358 946 1506 1015 παρὰ
1538 960 1671 1016 προ-

101 1050 338 1120 αἰρεσιν,
369 1045 484 1098 οὐδὲ
513 1045 694 1114 βιαίως
715 1045 807 1098 καὶ
831 1040 1362 1112 κατηναγκασμένως
1385 1037 1670 1108 ὑπέμεινα,

102 1144 261 1214 φησι,
301 1141 427 1203 τοὺς
476 1140 710 1208 ἀγῶνας,
745 1139 881 1192 ἀλλὰ
936 1137 1132 1206 στοργῇ
1160 1151 1266 1187 τινι
1316 1133 1409 1184 καὶ
1439 1133 1672 1184 διαθέσει

103 1233 450 1303 ὑπεδεξάμην
477 1234 545 1284 τὰ
571 1232 798 1285 ἐπίπονα
819 1247 829 1259 ⁸
859 1229 996 1281 ὥστε
1027 1228 1167 1298 ἔχειν
1211 1243 1275 1295 με
1303 1223 1480 1292 λέγειν
1503 1242 1514 1253 ⁸
1556 1227 1671 1275 Ὅτι

97 1322 282 1374 ἕνεκα
315 1321 428 1373 σοῦ
472 1322 875 1386 θανατούμεθα
924 1317 1071 1383 ὅλην
1122 1313 1232 1379 τὴν
1265 1313 1508 1381 ἡμέραν.
1565 1314 1673 1364 Καὶ

103 1414 247 1465 ἔοικε
300 1415 469 1465 ταῦτα
526 1410 856 1478 ἰσοδυναμεῖν
898 1411 1008 1469 τοῖς
1051 1406 1142 1457 τοῦ
1185 1405 1524 1463 ’Λποστόλου,
1583 1405 1674 1456 καὶ

102 1501 214 1554 ἀπο
245 1502 346 1573 τῆς
379 1503 547 1571 αὐτῆς
577 1499 1028 1569 αὐτῷ’διαθὲσεως
1051 1497 1298 1566 λέγεσθαι
1327 1497 1404 1559 τὸ,
1439 1498 1532 1560 Τίς
1561 1495 1672 1565 (l2)

102 1591 262 1661 ἡμᾶς
306 1595 544 1662 χωρίσει
603 1589 720 1642 ἀπὸ
764 1587 873 1656 τῆς
930 1587 1165 1659 ἀγάπης
1224 1585 1328 1639 τοῦ
1385 1583 1674 1650 Χριστοῦ;

103 1687 354 1752 autc-ig;
391 1683 427 1748 ἢ
470 1681 868 1748 στει·οχωριά;
902 1681 938 1748 ἢ
991 1681 1280 1750 dicor/MC;
1324 1678 1362 1746 ἢ
1393 1679 1606 1746 .1ιμός;
1637 1676 1674 1743 ἢ

102 1776 442 1844 γυμνότης
465 1771 501 1840 ἣ
532 1771 850 1836 xit-durae;
879 1774 910 1837 ὴ
936 1772 1235 1839 μάχαιρα
1273 1771 1558 1840 Ἡγάπησα
1583 1766 1676 1823 οὖν

1771 575 1842 629 ob
1870 576 1958 630 Dei
1988 586 2251 634 amorem,
2281 579 2334 625 et
2361 569 2429 624 ob
2461 583 2610 637 spem
2661 568 2950 637 repositam
2995 569 3062 623 iis
3083 570 3174 639 qui
3202 586 3338 624 acru-

1775 682 1926 718 tnnas
1981 663 2399 728 aﬂliCtionesque
2429 675 2524 731 pro
2565 658 2761 721 pietate
2795 659 3078 725 sustinent,
3105 660 3151 712 ei
3185 675 3332 713 ama—

1773 759 1894 812 bilia
1931 760 2272 813 videbantur.
2310 753 2424 806 Non
2447 750 2817 820 enim,inquit,
2858 761 3051 820 praeter
3092 751 3327 805 volunta-

1773 859 1899 914 tem,
1932 865 2104 918 neque
2134 851 2204 912 vi,
2235 861 2407 916 neque
2461 847 2785 901 necessitate
2841 845 2954 898 ha-c
2999 845 3194 912 perluit
3222 859 3341 900 cera.

1777 943 1997 1005 lamina,
2024 943 2113 996 sed
2145 956 2326 995 amore
2357 937 2589 1008 quodam
2618 947 2671 990 et
2706 936 2898 991 aﬂ‘ectu
2932 935 3091 990 hosce
3126 936 3338 992 labores

1774 1033 1934 1104 200
1956 1036 2188 1101 suscepi,
2228 1046 2284 1086 ut
2314 1031 2515 1102 possim
2567 1030 2744 1084 dicere
2775 1049 2789 1085 :
2825 1029 3089 1095 Quoniam
3131 1041 3339 1098 pmpter

1774 1136 1822 1178 te
1851 1124 2228 1191 mortiﬁcamur
2251 1133 2358 1176 tata
2383 1127 2466 1177 die
2483 1123 2548 1179 ⁸¹.
2580 1121 2756 1189 Atque
2789 1124 2898 1175 lucc
2923 1124 3172 1178 videnlur
3193 1124 3335 1178 idem

1776 1217 1953 1271 Valere
1984 1231 2046 1270 ac
2086 1213 2324 1283 Apostoli
2377 1219 2557 1278 verba,
2591 1226 2644 1269 ct
2691 1213 2878 1266 eodem
2929 1214 3120 1269 affectu
3167 1216 3234 1271 ab
3271 1232 3337 1271 eo

1775 1308 2003 1380 proferri
2051 1319 2211 1376 atque
2257 1307 2322 1358 ab
2373 1304 2626 1372 Apostolo
2655 1325 2667 1359 :
2700 1307 2830 1371 Quis
2878 1321 2971 1359 nos
3013 1309 3270 1372 separabit
3303 1326 3336 1360 a

1775 1403 2026 1456 charitate
2075 1397 2313 1454 Christi?
2346 1397 2615 1450 tribulatio
2647 1401 2670 1451 ?
2701 1416 2765 1451 an
2796 1397 3039 1468 angustia
3071 1398 3095 1450 .9
3127 1415 3196 1452 an
3223 1416 3339 1466 per-

1776 1494 1969 1546 secutio
2005 1497 2028 1548 ?
2057 1510 2122 1544 an
2165 1493 2325 1560 fames
2350 1491 2374 1543 ?
2403 1507 2470 1542 an
2500 1489 2708 1542 auditas
2746 1493 2770 1542 7
2810 1509 2876 1545 an
2913 1491 3241 1560 periculum?
3272 1510 3340 1544 an

1775 1583 1981 1652 gladius
2000 1585 2082 1636 ‘3?
2107 1583 2274 1638 Dilcxi
2309 1582 2469 1649 igitur
2497 1581 2611 1634 bazc
2639 1583 2842 1644 omnia,
2873 1586 3010 1648 quod
3032 1585 3226 1638 scirem
3256 1599 3340 1638 me

1779 1675 1880 1728 sub
1907 1683 2208 1743 spectatore
2243 1684 2297 1729 et
2325 1673 2666 1743 prtemiorum
2698 1673 2948 1742 largitore
2976 1674 3197 1730 Domino
3227 1680 3340 1730 uni-

1781 1781 2090 1828 versorum,
2144 1782 2242 1837 pro
2292 1769 2492 1836 pietate
2547 1763 2785 1835 pericula
2817 1765 3017 1820 subire.
3079 1765 3339 1830 Quoniam

102 1861 274 1913 ταῦτα
314 1861 506 1921 πάντα,
539 1859 709 1922 εἰδὼς,
743 1860 822 1910 ὅτι
855 1857 957 1908 ὑπὸ
995 1858 1158 1925 θεατῇ
1182 1860 1274 1909 καὶ
1309 1859 1564 1930 ὰθλοθέτῃ
1596 1859 1670 1930 τῷ

1780 1862 2010 1916 exaudiet
2051 1861 2302 1914 Dominus
2327 1877 2494 1914 vocem
2522 1861 2776 1913 orationis
2806 1875 2952 1912 mew.
2986 1857 3075 1914 Sic
3101 1860 3241 1912 enim
3283 1873 3336 1914 et

101 1951 348 2020 Δεσπότῃ
370 1950 476 2001 τῶν
508 1950 640 2001 ὅλων
670 1948 794 2007 τους
825 1946 960 2016 ὑπὲρ
990 1947 1087 2016 τῆς
1122 1946 1404 2008 εὐσεϐείας
1436 1950 1674 2019 διαφέρω

103 2044 404 2104 κινδύνους.
435 2044 552 2094 Ὅτι
570 2043 981 2096 εὶσακούσεται
1001 2044 1209 2111 Κύριος
1230 2040 1548 2109 τῆςφωνῆς
1569 2041 1674 2108 τῆς

103 2135 365 2202 δεήσεως
397 2153 533 2204 μου.
564 2123 714 2189 Οὕτω
749 2135 857 2206 γὰρ
883 2139 974 2188 καὶ
1000 2137 1228 2198 ἕκαστος
1262 2135 1415 2205 ἡμῶν
1456 2133 1676 2186 δύναται

1778 1952 2002 2029 quilibet
2031 1961 2269 2007 nostrum
2303 1961 2690 2022 praceptorum
2715 1952 3054 2007 difﬁcultates
3084 1969 3342 2022 superare

1778 2057 1975 2114 potest,
2005 2062 2124 2100 cum
2157 2061 2310 2100 suum
2344 2046 2467 2099 vita:
2500 2045 2798 2099 institutum
2824 2047 3192 2101 universorum
3235 2047 3342 2101 Deo

1783 2136 1925 2189 velut
1943 2136 2228 2203 spectatori
2255 2134 2527 2202 patefacit.

104 2229 163 2280 τὸ
192 2231 250 2282 ὲν
305 2232 422 2292 ταῖς
452 2231 687 2290 ἐντολαῖς
741 2230 994 2280 ἐπίπονον
1050 2229 1304 2294 διανύειν,
1373 2224 1498 2281 ὅταν
1549 2229 1710 2281 οἱονεὶ
1749 2227 1911 2302 θεατῇ
1961 2229 2038 2301 τῷ
2103 2229 2218 2300 Θεῷ
2252 2228 2362 2299 (15)
2415 2225 2519 2280 τῶν
2550 2227 2683 2281 ὅλων
2729 2225 3342 2303 ὲπιδεικνύμενοςῇτὴν

105 2325 302 2376 ἑαυτοῦ
339 2324 630 2375 πολιτείαν.

174 2415 228 2466 ‘2.
269 2416 390 2465 Ὅτι
416 2415 618 2467 ἔκλινε
651 2416 712 2469 τὸ
749 2413 857 2483 οὖς
892 2417 1076 2470 αὐτοῦ
1107 2418 1256 2484 ἐμοί.
1299 2421 1563 2479 Ἕκλινεν,
1598 2415 1672 2470 εῖ-

107 2522 225 2564 πεν,
263 2503 360 2571 οὐχ
416 2505 502 2557 ἵνα
550 2508 864 2576 σωματικήν
905 2524 1025 2559 τινα.
1080 2506 1283 2558 ἔννοιαν
1345 2505 1512 2578 λάϐῃς
1547 2507 1672 2577 περὶ

107 2596 238 2649 Θεοῦ
270 2590 386 2649 ὦτα
426 2596 660 2666 ἔχοντος,
703 2599 794 2650 καὶ
825 2596 997 2650 ταῦτα
1043 2599 1177 2668 πρὸς
1201 2598 1260 2649 τὸ
1283 2600 1543 2668 ἠρεμαῖον
1573 2599 1672 2667 τῆς

107 2687 293 2756 φωνῆς
324 2687 882 2762 ὲπικλίνοντοςηδπερ
911 2689 1066 2758 ἡμεῖς
1101 2687 1358 2758 ποιοῦμεν
1384 2689 1518 2758 πρὸς
1551 2691 1675 2751 τοὺς

111 2779 305 2847 μικρὸν
371 2779 771 2849 φθεγγομένους
843 2778 1288 2850 προσεγγίζοντες,
1357 2779 1514 2850 ἡμῶν
1579 2778 1676 2848 τὴν

108 2869 295 2940 ἀκοὴν,
341 2869 426 2922 ἵνα
451 2871 514 2921 ἐκ
551 2871 643 2921 τοῦ
691 2871 953 2938 σύνεγγυς
981 2874 1046 2939 τῇ
1080 2870 1327 2940 αἰσθήσει
1363 2869 1678 2940 παραδεξώ-

113 2961 246 3029 μεθα
276 2962 338 3012 τὸ
379 2961 734 3030 λαλούμενον,
769 2962 882 3013 ἀλλ’
921 2963 1223 3024 Ἕκλινεν,
1271 2957 1454 3022 εἶπεν,
1503 2963 1588 3013 ἵνα
1621 2963 1680 3014 τὸ

110 3050 302 3102 ἑαυτοῦ
332 3049 554 3112 ἀσθενὲς
587 3049 938 3119 ἐπιδείξηται.
975 3051 1093 3102 ’Ὀτι
1130 3050 1299 3120 χαμαὶ
1328 3049 1563 3118 κειμένῳ
1593 3067 1681 3119 μοι

113 3142 419 3213 συγκατέϐη
458 3144 544 3196 διὰ
582 3143 1020 3214 φιλανθρωπίαν·
1064 3145 1246 3206 οἱονεὶ,
1283 3141 1564 3214 ἀρρώστου
1601 3160 1680 3194 τι-

112 3234 194 3296 νος
222 3235 284 3286 ἐκ
313 3234 512 3304 πολλῆς
542 3235 821 3297 ἀσθενείας
847 3235 963 3286 οὐδὲ
999 3233 1327 3304 φθέγγεσθαι
1357 3233 1568 3305 τρανῶς
1596 3233 1684 3288 δυ-

112 3328 366 3396 ναμένου,
419 3327 795 3396 φιλάνθρωπος
848 3328 1027 3395 ἰατρὸς
1084 3327 1447 3398 προσαγαγὼν
1490 3328 1680 3381 ἑαυτοῦ

113 3421 202 3489 τὴν
235 3420 406 3488 ἀκοὴν
433 3421 496 3469 ὲκ
529 3419 620 3470 τοῦ
663 3419 927 3486 σύνεγγυς
969 3420 1228 3488 μανθάνοι
1261 3419 1366 3487 (Η)
1417 3421 1483 3472 τὰ
1517 3422 1684 3487 ἀναγ-

115 3514 236 3562 καῖα
287 3510 368 3578 τῷ
419 3509 697 3579 κάμνοντι.
761 3512 1045 3563 Ἕκλινεν
1088 3507 1182 3563 οὖν
1238 3510 1298 3563 τὸ
1351 3510 1458 3576 οὖς
1497 3511 1682 3564 αὑτοῦ

115 3601 256 3669 ἐμοί.
315 3602 381 3654 Ἠ
411 3603 516 3670 γὰρ
544 3601 662 3653 Θεία
682 3602 815 3672 ἀκοὴ
845 3605 905 3655 οὐ
934 3606 1117 3674 φωνῆς
1141 3603 1306 3655 δεῖται
1339 3603 1472 3674 πρὸς
1494 3604 1684 3674 αἴσθη-

118 3712 222 3746 σιν·
259 3692 365 3748 οἶδε
400 3695 505 3766 γὰρ
534 3695 625 3748 καὶ
654 3697 709 3746 ὲν
741 3695 818 3765 τῷ
853 3699 1110 3766 κινήματι
1147 3699 1246 3767 τῆς
1282 3697 1507 3768 καρδίας
1545 3715 1683 3765 γνω-

120 3787 255 3856 ρίσαι
283 3789 354 3840 τὰ
387 3787 802 3858 ἐπιζητούμενα.
838 3789 906 3841 Ἢ
943 3788 1042 3840 οὐκ
1067 3789 1304 3852 ἀκούεις,
1337 3791 1417 3841 ὅτι
1447 3790 1684 3859 Μωῦσῆς

121 3880 278 3949 μηδὲν
309 3880 696 3949 φθεγγόμενος,
727 3879 862 3932 ἀλλὰ
890 3883 1002 3943 τοῖς
1031 3881 1312 3951 ἀλαλήτοις
1345 3881 1535 3934 ἑαυτοῦ
1567 3899 1682 3934 στε-

118 3975 340 4039 ναγμᾱς
374 3972 714 4041 ἐντυγχάνων
762 3971 838 4042 τῷ
872 3972 1080 4043 Κυρίῳ,
1127 3972 1352 4040 ἠκούετο
1388 3974 1495 4040 (13)
1533 3973 1682 4044 παρὰ

115 4059 205 4111 τοῦ
245 4059 450 4130 Κυρίου
494 4061 769 4127 λέγοντος·
823 4064 882 4115 Τί
927 4063 1084 4130 βοᾷς
1125 4063 1272 4131 πρὸς
1313 4062 1423 4131 μέ;
1459 4061 1609 4117 Οἶδεν
1652 4067 1680 4117 ὁ

120 4151 242 4214 Θεὸς
303 4153 400 4205 καὶ
450 4153 680 4222 αἵματος
728 4153 956 4206 ἀκοῦσαι
1011 4155 1240 4219 δικαίου,
1289 4149 1332 4222 ᾧ
1367 4155 1586 4222 γλῶσσα
1619 4157 1678 4207 οὐ

123 4243 426 4312 πρόσεστιν,
471 4244 589 4296 ουδὲ
623 4245 771 4314 φωνὴ
803 4244 895 4298 τὸν
925 4245 1060 4316 ἀέρα
1096 4248 1339 4316 περῶσα.
1388 4248 1600 4318 Ἔργων
1626 4247 1683 4300 δὲ

121 4334 334 4386 δικαίων
367 4338 636 4406 παρουσία
673 4337 1048 4407 μεγαλοφωνία
1075 4339 1190 4390 ἐστὶ
1224 4339 1372 4409 παρὰ
1403 4338 1538 4408 Θεῷ.
1573 4339 1681 4393 Καὶ

121 4425 184 4474 ἐν
211 4424 336 4489 ταῖς
366 4425 610 4492 ἡμέραις
628 4445 745 4495 μου
778 4427 1223 4497 ἐπικαλέσομαι.
1266 4430 1452 4499 Ἡμεῖς
1481 4429 1597 4498 μὲν,
1626 4430 1681 4480 ὲν

126 4520 216 4587 μιᾷ
247 4518 672 4589 προσευξάμενοι
717 4523 917 4593 ἡμέρα,
959 4523 990 4592 ἢ
1030 4524 1086 4574 ὲν
1128 4528 1224 4595 μιᾷ
1252 4524 1369 4596 ὥρα
1405 4524 1576 4595 βραχύ
1627 4540 1680 4575 τι

120 4610 228 4670 ταῖς
267 4608 562 4678 ἁμαρτίαις
607 4611 759 4680 ἡμῶν
808 4614 1328 4680 ἐπιστυγνάσαντες,
1367 4613 1680 4684 ἀμεριμνῶ-

127 4716 215 4765 μεν
245 4701 350 4770 (16)
396 4699 470 4764 ὡς
496 4701 597 4770 ήδη
641 4719 694 4754 τι
727 4704 1044 4773 ποιήσαντες
1088 4705 1376 4776 ἐφάμιλλον
1407 4709 1470 4776 τῇ
1507 4707 1674 4777 κακίᾳ

123 4793 287 4861 ἡμῶν.
333 4794 392 4847 Ὀ
430 4795 609 4864 μέντοι
659 4795 812 4863 ἅγιος
856 4800 1016 4849 παντὶ
1053 4797 1126 4867 τῷ
1160 4799 1332 4869 χρόνῳ
1384 4801 1479 4868 τῆς
1528 4797 1672 4867 ζωῆς

123 4883 304 4937 ἑαυτοῦ
356 4889 879 4959 παραμετρουμένην
925 4890 1320 4942 ἐπιδείκνυσθαι
1364 4890 1509 4958 λέγει
1562 4892 1671 4960 (l7)

123 4977 214 5045 τὴν
263 4977 664 5047 ἐξομολόγησιν
729 4981 829 5032 Ἐν
883 4982 1012 5044 ταῖς
1068 4981 1309 5050 ἡμέραις
1374 4982 1481 5052 γάρ
1536 5001 1677 5051 μου,

192 5110 232 5142 ⁸³
265 5110 403 5166 Psal.
437 5129 586 5176 XLIII,
619 5115 708 5169 2'2.
785 5115 828 5146 ‘3
867 5116 1022 5168 Rom.
1063 5132 1177 5179 vtu,
1208 5117 1296 5170 53.

191 5248 296 5321 (l2)
330 5247 421 5321 Sic
453 5265 580 5304 mss.
612 5251 782 5303 multi.
817 5251 991 5321 Editio
1025 5251 1192 5304 Puris.
1228 5253 1322 5321 τῷ,
1357 5255 1470 5316 Τίς.

193 5317 456 5396 (ιδλιιςε.
494 5323 700 5396 tertius
723 5321 885 5396 οἱονεὶ
908 5393 916 5396 _
940 5320 1109 5396 Δθειιιτῇ
1147 5323 1237 5396 καὶ
1276 5317 1534 5396 ἆθλοθὲτῃ
1594 5325 1672 5396 τῷ

128 5386 254 5461 Θεῷ.
278 5384 537 5442 ’ὃθιΙοιιιη
579 5391 723 5450 illud,
757 5391 847 5442 καὶ
896 5384 1177 5461 ἀθλοθέξῃ,
1210 5395 1260 5445 itt
1311 5395 1471 5446 editis
1506 5384 1570 5448 ’ἐι
1617 5384 1667 5448 iit

129 5459 240 5530 aliis
270 5475 399 5511 mss.
431 5460 588 5530 desit,
621 5461 766 5512 credi
799 5463 987 5514 merito
1010 5459 1185 5530 poteS-t
1213 5465 1279 5516 ab
1308 5463 1484 5530 aliquo
1505 5465 1670 5519 libra—

133 5529 205 5579 rio
234 5529 466 5580 additum
502 5529 685 5582 fuisse.

196 5598 299 5665 (14)
327 5599 462 5674 Editi
494 5615 615 5652 cum
646 5599 794 5654 Colb.
826 5602 1012 5670 quinto
1051 5602 1330 5673 μανθάνει.
1365 5605 1435 5658 At
1465 5615 1670 5674 septem

134 5679 250 5736 mss.
285 5667 560 5736 μανθάνοι.

195 5735 301 5809 (15)
328 5736 401 5789 Ita
428 5738 720 5793 Colbertini
750 5741 972 5808 primus,
1002 5743 1223 5809 quintus
1251 5753 1302 5797 et
1331 5755 1516 5799 sextus
1545 5760 1666 5799 cum

135 5798 300 5870 Regiis
342 5810 578 5864 secundo
631 5821 684 5864 et
727 5798 1122 5875 quat‘to.'E'diti
1174 5829 1300 5868 vero
1331 5798 1667 5874 cumﬂesiis

1848 2415 1901 2467 2.
1943 2414 2100 2467 Vens.
2129 2414 2182 2466 2.
2218 2413 2354 2478 Quia
2385 2411 2654 2464 inclinavit
2676 2427 2853 2464 aurem
2892 2430 3041 2468 suam
3076 2417 3222 2472 mihi.
3248 2416 3342 2473 In-

1779 2504 2023 2565 clinavit,
2068 2504 2270 2572 inquit,
2317 2520 2420 2558 non
2481 2518 2538 2558 nt
2575 2518 2888 2571 corpoream
2946 2510 3233 2572 quamdam
3273 2509 3341 2565 de

1781 2597 1889 2651 Deo
1939 2596 2210 2651 notionem
2257 2596 2510 2663 accipias,
2565 2597 2716 2664 quasi
2759 2597 2954 2650 habeat
2996 2613 3188 2664 aures,
3215 2615 3342 2655 eas-

1781 2705 1884 2758 que
1911 2692 1976 2743 ad
2016 2688 2338 2744 snlnnissam
2366 2702 2549 2743 vocem
2577 2687 2796 2742 inclinet
2834 2705 2848 2742 :
2888 2689 3029 2756 quod
3079 2705 3176 2744 nos
3212 2707 3342 2762 erga

1785 2781 1905 2836 illos
1955 2781 2044 2849 qui
2104 2783 2228 2835 exili
2291 2797 2421 2836 voce
2477 2782 2800 2849 loquuntur,
2847 2783 3129 2845 cﬂicimus,
3183 2800 3342 2839 aurcs

1787 2883 2002 2928 nostras
2037 2873 2403 2936 admoventes,
2435 2883 2494 2924 ut
2526 2886 2589 2926 ex
2625 2873 2708 2925 illa
2739 2875 3084 2941 proximitate
3115 2874 3166 2928 id
3199 2878 3341 2944 quod

1787 2963 2004 3027 dicitur,
2033 2976 2192 3016 sensu
2227 2960 2625 3031 percipianms:
2665 2961 2778 3022 sed,
2814 2959 3121 3027 lnclinavit,
3159 2966 3255 3029 ait,
3286 2976 3341 3020 ut

1787 3067 1936 3106 suam
1968 3055 2132 3120 ipsius
2161 3055 2436 3123 detegeret
2469 3052 2855 3108 infirmitatem.
2888 3052 3338 3128 Quandoquidem

1786 3145 1850 3198 ad
1882 3159 1966 3198 me
2012 3145 2157 3198 hutni
2195 3144 2460 3210 iacentem
2501 3146 2570 3198 ob
2603 3159 2753 3197 suam
2795 3160 2920 3215 erga
2956 3148 3201 3204 homines
3241 3154 3340 3206 be-

1787 3235 2143 3289 nevolentiam
2171 3233 2448 3287 descendit
2478 3250 2491 3285 :
2533 3233 2673 3286 velut
2704 3247 2824 3288 cum
2875 3236 3138 3306 benignus
3168 3243 3340 3297 medi-

1784 3343 1899 3393 cus,
1929 3327 1972 3381 si
2000 3326 2121 3395 quis
2142 3334 2379 3393 aegrotus
2406 3337 2514 3391 pra:
2541 3323 2706 3376 multa
2743 3323 3060 3381 inﬁrmitate
3090 3329 3235 3384 clare
3262 3330 3342 3386 lo-

1783 3419 1872 3487 qui
1905 3434 2007 3472 non
2038 3425 2218 3486 queat,
2257 3429 2318 3470 ea
2357 3430 2476 3484 quae
2505 3424 2630 3468 sunt
2675 3417 2953 3484 aegrotanti
2996 3423 3337 3486 necessaria,

1784 3527 1847 3564 ex
1881 3511 2196 3578 propinquo,
2241 3509 2354 3562 suis
2381 3507 2602 3562 auribus
2634 3507 2890 3573 admotis,
2927 3509 3139 3565 ediscit.
3171 3511 3342 3568 Incli-

1785 3602 1924 3653 navit
1953 3601 2132 3667 itaque
2176 3617 2351 3653 aurem
2397 3616 2546 3653 suam
2577 3599 2722 3653 mihi.
2775 3600 2973 3668 Utique
3013 3605 3227 3659 auditus
3259 3607 3345 3661 di-

1785 3693 1942 3746 vinus
1972 3707 2102 3745 voce
2135 3707 2238 3744 non
2271 3690 2473 3760 indiget
2505 3691 2570 3742 ad
2604 3692 3030 3760 percipiendum,
3070 3695 3338 3763 siquidem

1785 3788 1949 3856 petita
1977 3786 2135 3839 etiam
2159 3787 2209 3839 in
2238 3785 2414 3839 cordis
2447 3795 2590 3839 motu
2618 3799 2941 3854 cognoscere
2963 3789 3124 3842 valet.
3153 3788 3340 3845 Nonne

1783 3882 1888 3936 scis
1907 3897 1970 3936 ex
2002 3881 2202 3936 auditu.
2229 3877 2369 3946 quod
2397 3877 2609 3946 Moyses
2639 3877 2769 3929 nihil
2796 3878 3047 3946 loquens,
3081 3881 3174 3934 sed
3210 3886 3344 3937 taci-

1783 3975 1852 4030 tis
1882 3975 1992 4028 suis
2034 3972 2280 4041 suspiriis
2321 3968 2605 4022 Dominum
2645 3967 3017 4037 interpellans,
3052 3985 3080 4022 a
3110 3971 3338 4026 Domino

1783 4069 2098 4122 audiebatur
2138 4065 2348 4118 dicente
2381 4079 2395 4116 :
2435 4062 2572 4125 Quid
2610 4061 2803 4114 clamas
2845 4063 2913 4114 ad
2959 4079 3040 4116 me
3069 4064 3151 4117 “1'
3178 4064 3337 4120 Novit

1785 4159 1926 4212 Dens
1957 4157 2043 4211 vel
2083 4153 2392 4225 sanguinem
2443 4153 2572 4222 justi
2623 4153 2828 4217 audire,
2883 4153 2968 4207 cui
3015 4167 3115 4207 nec
3161 4155 3340 4224 lingua

1785 4251 1944 4311 inest,
1974 4262 2071 4302 nec
2099 4261 2197 4300 vox
2227 4258 2405 4300 aerem
2441 4258 2744 4312 permeans.
2765 4243 2901 4310 Quin
2927 4245 3087 4299 etiam
3118 4261 3340 4317 operum

1779 4342 2043 4410 jnstorum
2069 4339 2352 4407 praesentia
2381 4338 2586 4392 clamor
2615 4352 2842 4405 magnus
2873 4339 3011 4405 apud
3042 4338 3206 4392 Deum
3232 4350 3333 4393 est.

1717 4451 1758 4499 η
1786 4433 1850 4486 Et
1879 4435 1931 4486 in
1965 4433 2142 4485 diebus
2173 4431 2298 4484 meis
2331 4428 2597 4482 invocabo.
2633 4427 2739 4480 Nos
2783 4428 3028 4494 equidem
3077 4443 3196 4481 cum
3235 4443 3338 4480 una

1786 4525 1872 4579 die
1893 4523 2186 4585 oravimus,
2217 4521 2298 4574 vel
2328 4536 2423 4588 per
2449 4535 2609 4573 uuam
2637 4519 2822 4572 horam
2847 4516 2993 4569 brevi
3031 4515 3206 4584 aliqua
3243 4519 3342 4570 tri-

1787 4617 1932 4669 stitia
1985 4615 2054 4668 ob
2091 4620 2309 4680 peccata
2355 4609 2552 4662 l'uirnus
2599 4605 2799 4668 aﬂecti,
2853 4604 3031 4661 securi
3080 4606 3336 4669 vivimus,

1790 4718 2038 4774 tanquam
2091 4705 2134 4756 si
2185 4701 2456 4769 quidpiam
2509 4699 2650 4766 quod
2709 4697 3045 4765 iniquitatem
3100 4707 3340 4750 nostram

1785 4803 2157 4867 contpensaret
2199 4807 2228 4846 a
2260 4792 2412 4846 nobis
2444 4800 2709 4858 patratum
2755 4797 2918 4844 esset.
2954 4786 3059 4839 Sed
3095 4787 3182 4840 hic
3213 4803 3342 4843 san-

1785 4900 1901 4944 ctus
1934 4885 2349 4947 coafessionem,
2374 4898 2493 4952 quae
2523 4895 2682 4936 omne
2709 4881 2836 4933 vitae
2867 4893 2978 4932 suae
3009 4887 3218 4945 tempus
3247 4881 3341 4933 ad-

1788 4981 1959 5037 metiri
1997 4979 2185 5049 possit,
2220 4976 2486 5030 editurum
2511 4988 2570 5026 se
2596 4971 2864 5024 afﬁrmat:
2904 4965 3154 5020 Omnibus
3183 4968 3341 5035 enim,

1369 5119 1413 5149 “
1454 5119 1624 5172 Exod.
1652 5134 1760 5180 Xtv,
1796 5118 1861 5171 15
1885 5157 1896 5171 .

1791 5255 1945 5331 tertio
1966 5263 2032 5331 _et
2060 5262 2208 5331 sexto
2241 5253 2460 5331 ᾔκουσε.
2490 5250 2776 5331 Μοιηιηεε.
2813 5261 2923 5304 tres
2936 5253 2966 5331 εξ
3000 5251 3150 5331 Sede.
3188 5252 3345 5306 Deest

1787 5324 2046 5377 articulus
2083 5323 2133 5375 in
2189 5321 2348 5376 editis
2384 5331 2438 5374 et
2489 5323 2538 5373 in
2582 5321 2702 5375 aliis
2741 5336 2870 5375 mss.
2935 5322 3173 5375 Subinde
3209 5339 3338 5376 mss.

1787 5409 1976 5448 novem
2008 5393 2235 5446 δικαίου.
2269 5392 2403 5445 Editi
2440 5390 2680 5442 δικαίων.

1858 5462 1967 5532 (16)
2005 5462 2154 5517 Colb.
2184 5472 2411 5532 quartus
2433 5460 2849 5532 ἀμεριμνῶμεν.
2906 5459 3042 5513 Editi
3076 5475 3194 5512 cum
3229 5460 3343 5532 pln-

1784 5527 2090 5586 riniis'mss.
2121 5527 2783 5602 ἀμεριμνοῦμενζῨΙίήιΙθιη
2817 5539 3048 5602 quatuor
3093 5527 3237 5582 mss.
3267 5527 3343 5592 ὡς

1782 5604 1918 5673 ἤδη.
1945 5602 2092 5673 Editi
2124 5599 2247 5656 cuni
2276 5599 2380 5673 uno
2406 5599 2506 5673 aut
2537 5601 2707 5654 altero
2733 5615 2831 5654 ms.
2861 5600 2934 5661 ὡς
2969 5599 3053 5669 δή.

1851 5667 1961 5743 (l7)
1987 5672 2061 5725 Ita
2091 5673 2256 5726 editio
2295 5671 2458 5724 Basil.
2501 5685 2621 5743 cum
2660 5685 2848 5743 novem
2884 5667 3036 5743 utss_.,
3062 5667 3343 5743 nec‘aliter

1779 5737 1906 5812 legit
1931 5737 2219 5810 interpres.
2258 5743 2433 5796 Editio
2456 5740 2631 5796 Paris.
2663 5738 3066 5792 ἐπιδείκνυσθαι
3097 5737 3298 5807 μέλλει.
