4084 6318
97 372 205 430 ιε)

1151 455 1153 458 ι
1265 379 1549 436 ιιοΜιιιΑ
1587 377 1653 435 ΙΝ
1694 375 2022 434 PSALMUM
2060 374 2241 430 CXIV.

3233 376 3338 431 490

95 500 219 561 τίας
263 497 362 567 τὴν
396 497 458 550 ἐκ
509 496 608 567 τῆς
648 497 934 567 μετανοίας
994 498 1233 552 κάκωσιν
1295 500 1515 571 ἐμαυτῷ
1566 502 1664 552 ἐπ-

1782 499 2088 553 bulationem
2158 510 2204 553 et
2264 499 2497 553 dolorem
2558 497 2731 553 inueni
2783 512 2877 569 per
2941 497 3334 568 ptenitenliam.

97 591 320 659 ενόησα,
355 589 449 642 καὶ
477 588 648 652 οὕτως
676 591 948 660 ἐτόλμησα
971 591 1034 643 τὸ
1062 591 1230 660 ὄνομα
1248 591 1450 661 Κυρίου
1480 595 1669 645 ἐπικα-

95 681 380 737 λέσασθαι.
433 681 567 735 Τίνα
615 683 670 735 δὲ
707 677 774 752 ἦν
817 681 852 736 ἃ
893 677 1078 746 εἶπον;
1131 678 1198 734 Ὦ
1251 683 1446 750 Κύριε,
1485 683 1671 750 ῥῦσαι

97 772 214 838 τὴν
278 773 490 841 ψυχήν
539 792 678 842 μου.
733 774 1047 845 Κατέχομαι
1095 774 1153 826 ἐν
1211 777 1275 843 τῇ
1329 775 1670 846 αἰχμαλωσίᾳ

97 883 122 916 τ
144 865 294 938 ιύτη,
325 867 388 919 σὺ
424 867 513 931 δὸς
557 867 618 920 τὸ
652 867 791 938 ὑπὲρ
823 866 955 937 ἐμοῦ
996 866 1209 936 λύτρον,
1240 866 1332 918 καὶ
1368 865 1527 936 ῥῦσαι
1575 867 1672 936 τὴν

97 957 282 1028 ψυχήν
317 975 439 1028 μου.

173 1137 225 1190 5.
280 1136 577 1207 Ἐλεήμων
625 1140 657 1191 ό
696 1136 911 1205 Κύριος
955 1137 1053 1192 καὶ
1089 1137 1335 1203 δίκαιος.
1391 1137 1672 1209 Πανταχοῦ

103 1229 363 1282 συνάπτει
393 1234 424 1301 ἡ
468 1229 655 1300 Γραφὴ
688 1232 797 1292 τοῖς
828 1231 1128 1301 οίκτιρμοῖς
1162 1230 1253 1282 τοῦ
1288 1229 1423 1283 Θεοῦ
1455 1231 1553 1300 τὴν
1593 1229 1672 1282 δι-

100 1321 416 1392 καιοσύνην,
465 1314 784 1375 διδάσκουσα
823 1322 1000 1392 ἡμᾶς,
1042 1323 1123 1375 ὅτι
1162 1321 1284 1376 οὔτε
1313 1325 1341 1377 ό
1382 1325 1530 1388 ἕλεος
1579 1322 1673 1376 τοῦ

102 1414 239 1466 Θεοῦ
269 1414 508 1484 ἄκριτος,
549 1411 671 1466 οὔτε
712 1414 955 1483 ήκρίσις
984 1413 1316 1486 ἀνελεήμων.
1377 1414 1540 1469 Ἀλλά
1582 1416 1676 1468 καὶ

102 1505 300 1570 ἐλεῶν,
351 1504 686 1574 κεκριμένως
734 1508 846 1569 τοῖς
888 1505 1054 1570 ἀξίοις
1096 1510 1381 1578 ἐπιμετρεῖ
1421 1508 1548 1571 τοὺς
1595 1509 1674 1560 ol-

104 1594 398 1666 κτιρμούς·
442 1597 534 1648 καὶ
562 1596 782 1668 κρίνων,
818 1597 1225 1668 ἐστοχασμένως
1253 1599 1354 1669 τῆς
1396 1598 1678 1663 ἀσθενείας

102 1685 262 1756 ήμῶν
293 1685 483 1754 ἐπάγει
513 1686 611 1758 τὴν
645 1687 848 1758 κρίσιν,
893 1687 1272 1761 φιλανθρωπίᾳ
1310 1689 1506 1760 μᾶλλον
1536 1691 1568 1760 ἦ
1610 1692 1674 1759 τῇ

102 1775 198 1829 τοῦ
234 1775 350 1860 ἴσου
384 1777 763 1849 ἀντιμετρήσει
787 1778 1123 1851 ἀμυνόμενος
1149 1780 1312 1849 ἡμεῖς.
1339 1780 1449 1833 Kal
1477 1782 1509 1832 ό
1534 1779 1676 1844 Θεὸς

1775 590 2063 645 Enimvero
2096 590 2256 644 talem
2289 590 2620 659 paenitentia:
2650 589 2973 655 cruciatum,
3007 589 3098 659 qui
3130 591 3336 658 peccati

1773 679 2124 750 magnitudini
2161 680 2491 742 conveniret,
2521 680 2650 732 mibi
2681 679 2794 748 ipse
2828 679 3152 749 excogitavi,
3179 687 3229 734 et
3259 679 3339 735 sic

1773 789 1967 827 nomen
2015 772 2223 826 Domini
2277 786 2442 828 ausus
2491 788 2606 827 sum
2661 773 2942 829 invocare.
2993 772 3121 839 Qua:
3158 779 3337 826 autem

1775 876 1929 919 erant
1959 879 2078 933 qua:
2114 865 2261 917 dixi?
2296 866 2457 919 Vens.
2490 866 2544 920 4.
2579 864 2622 919 O
2653 864 2895 931 Domine,
2921 865 3086 918 libera
3108 865 3345 918 animum

1777 973 1962 1011 meam.
2004 956 2058 1010 ln
2102 958 2201 1010 bac
2233 957 2483 1010 tletineor
2512 957 2851 1026 captivitate,
2884 965 2939 1009 tu
2969 971 3066 1024 pro
3098 971 3184 1011 me
3219 971 3343 1024 pre-

1777 1045 1907 1095 tium
1944 1044 2010 1096 da
2051 1043 2466 1112 redemptionis,
2494 1053 2546 1099 et
2583 1045 2752 1099 libera
2794 1045 3030 1100 animam
3068 1061 3268 1101 meam.

1847 1135 1898 1188 3.
1943 1134 2105 1190 \‘Ens.
2144 1135 2199 1192 5.
2241 1135 2544 1190 Misericors
2589 1136 2838 1190 Dominus
2871 1149 2919 1191 et
2947 1138 3145 1207 justus.
3189 1137 3340 1193 Scri-

1776 1239 1935 1296 ptura
1972 1228 2172 1298 ubique
2203 1227 2296 1281 Dei
2342 1227 2785 1283 miserationibus
2813 1230 3080 1298 justitiam
3116 1233 3341 1297 conjun-

1778 1318 1854 1387 git
1897 1335 1911 1371 :
1959 1317 2155 1386 quippe
2200 1321 2355 1371 docet
2399 1331 2517 1383 nos,
2562 1332 2736 1387 neque
2781 1318 2875 1372 Dei
2922 1319 3339 1375 misericordiam

1774 1406 1977 1476 judicio
2016 1420 2224 1472 carere,
2257 1422 2433 1478 neque
2464 1407 2722 1476 judicium
2760 1422 2952 1476 expers
2982 1424 3102 1464 esse
3133 1409 3346 1464 miseri-

1777 1500 1994 1554 cordiae.
2028 1498 2133 1552 Sed
2177 1510 2231 1552 et
2262 1499 2387 1554 dum
2427 1500 2744 1561 miseretur,
2787 1499 2855 1554 iis
2883 1500 2972 1569 qui
3007 1499 3154 1568 digni
3184 1510 3341 1564 sunt,

1779 1605 1902 1645 suas
1926 1605 2043 1644 cum
2061 1589 2266 1660 judicio
2285 1591 2663 1646 miserationes
2682 1590 2972 1646 admetitur
2995 1608 3008 1644 ε
3032 1601 3195 1659 atque
3214 1591 3341 1646 dum
3355 1627 3376 1645 ν

1773 1681 1997 1751 judicat,
2034 1680 2218 1735 habita
2251 1681 2584 1738 infirmitatis
2612 1691 2810 1738 nostrae
2835 1683 3043 1739 ratione
3070 1683 3232 1737 infert
3257 1683 3344 1754 ju-

1780 1771 2002 1838 dicium,
2033 1772 2368 1840 benignitate
2392 1774 2580 1843 magis,
2606 1788 2766 1843 quam
2793 1789 2890 1844 par
2910 1775 3028 1843 pari
3060 1775 3344 1831 referendo

103 1867 276 1937 ἡμῶν
305 1870 475 1924 ἐλεεῖ.
516 1869 702 1934 Ἐλεός
743 1871 858 1924 ἐστι
889 1871 1059 1934 πάθος
1089 1871 1180 1923 ἐπὶ
1208 1872 1331 1934 τοὺς
1359 1873 1488 1941 παρ’
1519 1869 1676 1934 ἀξίαν

1782 1862 2014 1931 plectens
2044 1879 2166 1919 nos.
2216 1863 2286 1919 Et
2324 1864 2463 1919 Deus
2501 1876 2677 1919 noster
2704 1866 2997 1921 miseretur.
3032 1867 3345 1924 Misericor-

103 1961 627 2032 τεταπεινωμένους,
659 1962 806 2032 παρά
829 1962 936 2015 τῶν
968 1960 1263 2031 συμπαθῶς
1288 1961 1672 2031 διατιθεμένων

104 2053 410 2124 γινόμενον.
429 2053 606 2106 Ἐλεοῦ
615 2070 710 2122 μεν
729 2053 818 2105 τὸν
837 2054 898 2104 ἐκ
917 2050 1148 2121 μεγάλου
1172 2051 1398 2105 πλούτου
1420 2053 1557 2123 πρὸς
1576 2053 1673 2126 τὴν

108 2145 224 2210 (ει)
258 2144 488 2214 ἐσχάτην
519 2142 704 2195 πενίαν
740 2142 1132 2212 μεταπεσόντα,
1158 2141 1249 2196 τὸν
1285 2145 1348 2196 ἐκ
1374 2144 1473 2215 τῆς
1500 2147 1674 2214 ἄκρας

104 2234 323 2302 εὐεξίας
355 2233 446 2288 τοῦ
480 2233 727 2304 σώματος
757 2235 835 2296 εἰς
866 2233 962 2305 τὴν
995 2234 1229 2306 ἐσχάτην
1261 2234 1543 2290 ἀσθένειαν
1570 2251 1673 2286 κα-

102 2326 464 2398 ταὸληθέντα,
495 2324 584 2378 τὸν
614 2325 705 2378 ἐπὶ
733 2325 917 2380 κάλλει
949 2326 1040 2379 καὶ
1071 2325 1189 2396 ὥρᾳ
1227 2325 1475 2396 σώματος
1506 2327 1675 2394 ἀγαλ-

106 2420 355 2490 λόμενον,
381 2418 471 2490 καὶ
499 2418 603 2472 ὑπὸ
632 2418 737 2472 τῶν
766 2418 1055 2487 αἰσχίστων
1079 2416 1266 2470 παθῶν
1287 2418 1673 2490 διαφθαρέντα.

122 2513 280 2564 Ἐπεὶ
315 2502 407 2565 οὖν
433 2511 524 2565 καὶ
547 2512 706 2581 ήμεῖς
737 2506 878 2580 ἦμέν
909 2525 1037 2561 ποτε
1083 2507 1283 2574 ἔνδοξοι
1322 2511 1414 2566 ἐπὶ
1440 2514 1542 2582 τῆς
1584 2510 1676 2564 τοῦ

109 2601 441 2672 παραδείσου
466 2600 758 2668 διαγωγῆς,
787 2597 1082 2670 ἐγενόμεθα
1103 2599 1159 2653 δὲ
1181 2600 1355 2666 ἄδοξοι
1378 2602 1469 2655 καὶ
1491 2620 1680 2656 ταπει-

106 2694 194 2746 νοὶ
223 2691 311 2744 διὰ
350 2691 448 2761 τὴν
487 2689 777 2754 ἔκπτωσιν,
836 2690 897 2742 '0
942 2691 1087 2756 Θεὸς
1129 2691 1295 2761 ἡμῶν
1337 2692 1509 2759 ἐλεεῖ,
1539 2694 1679 2765 ὁρῶν

103 2782 261 2852 ἡμᾶς
303 2775 402 2834 οἷοι
456 2779 570 2834 ἀνθ’
611 2781 736 2835 οἴων
783 2782 1104 2853 γεγόναμεν.
1143 2783 1241 2838 Διά
1276 2783 1434 2843 τοῦτο
1466 2787 1558 2840 καὶ
1589 2785 1679 2840 τὸν

119 2873 298 2944 Ἀδὶμ
324 2873 637 2928 ἀνεκαλεῖτο
667 2876 732 2945 τῇ
770 2874 880 2946 (25)
923 2874 1017 2929 τοῦ
1060 2875 1206 2929 ἐλέου
1262 2880 1434 2947 φωνῇ,
1477 2876 1677 2945 λέγων·

119 2965 318 3034 Ἀδὰμ,
346 2965 464 3020 ποῦ
493 2965 576 3029 ei;
615 2965 689 3018 Οὐ
725 2965 834 3037 γὰρ
873 2965 1177 3037 διδαχθῆναι
1211 2966 1388 3035 ἐζήτει
1429 2967 1457 3019 ὁ
1505 2967 1682 3021 πάντα

107 3053 305 3118 εἰδὼς,
354 3053 492 3108 ἀλλά
536 3054 726 3123 νοῆσαι
763 3055 923 3108 αὑτὸν
965 3053 1210 3108 ἐϐούλετο
1261 3048 1371 3115 οἷος
1417 3053 1533 3107 ἀνθ’
1568 3053 1680 3107 οἴου

107 3147 323 3216 γέγονε.
354 3145 476 3200 Ποῦ
505 3142 593 3210 ei;
619 3146 736 3198 ἀντὶ
757 3143 872 3209 τοῦ,
904 3145 996 3208 Εἰς
1023 3141 1131 3198 οἷον
1159 3145 1359 3216 πτῶμα
1389 3145 1682 3218 κατελήλυ-

109 3241 212 3303 θας
259 3239 366 3292 ἀπὸ
389 3236 701 3310 τηλικούτου
730 3235 929 3305 ῦψουςς

1773 1956 1860 2010 dia
1891 1955 2104 2012 affectio
2142 1967 2224 2012 est
2265 1971 2392 2028 erga
2434 1973 2529 2015 eos
2576 1960 2668 2030 qui
2710 1969 2905 2029 praeter
2947 1959 3194 2016 meritum
3244 1962 3343 2016 de-

1775 2049 1945 2117 pressi
1971 2058 2129 2115 sunt,
2172 2050 2240 2104 ab
2270 2050 2335 2104 iis
2360 2051 2452 2118 qui
2491 2051 2845 2106 miseratione
2872 2051 3031 2123 202
3063 2059 3344 2108 moventur

1776 2139 2148 2206 proficiscens.
2192 2140 2516 2194 Miseramur
2546 2155 2694 2206 eum,
2728 2142 2817 2211 qui
2853 2159 2918 2199 ex
2953 2146 3163 2212 magnis
3204 2144 3346 2199 divi-

1777 2229 1865 2284 tiis
1899 2228 1950 2284 in
1979 2241 2280 2286 extremam
2311 2233 2500 2288 incidit
2538 2243 2948 2304 paupertatem:
2980 2250 3127 2301 eum,
3161 2236 3253 2305 qui
3278 2251 3344 2293 ex

1777 2323 1979 2392 optima
2024 2325 2273 2394 corporis
2317 2323 2633 2382 habitudine
2667 2327 2733 2382 ad
2776 2342 3042 2382 summam
3092 2330 3344 2385 redactus

1776 2426 1862 2471 est
1897 2414 2230 2471 debilitatem
2279 2434 2293 2471 :
2330 2431 2490 2482 eum,
2528 2417 2619 2487 qui
2668 2419 2739 2472 ob
2781 2417 3236 2488 pulchritudinem
3280 2436 3344 2478 ac

1778 2508 2101 2579 elegantiam
2133 2507 2378 2578 corporis
2409 2509 2809 2578 przegestiebat,
2840 2512 2932 2565 sed
2947 2506 2994 2564 'a
3028 2510 3344 2568 foedissimis

1779 2614 1843 2653 ac
1878 2599 2205 2670 turpissimis
2244 2599 2447 2653 morbis
2483 2611 2774 2670 corruptus
2808 2610 2911 2656 est.
2945 2601 3208 2669 Quoniam
3242 2603 3343 2674 igi-

1780 2702 1868 2745 tur
1901 2701 1954 2744 et
1989 2705 2086 2744 nos
2122 2689 2174 2743 in
2209 2690 2466 2758 paradiso
2495 2689 2777 2760 degentes,
2806 2707 3026 2749 eramus
3055 2693 3345 2765 aliquando

1780 2782 1909 2835 clari
1951 2796 2014 2836 ac
2061 2782 2419 2852 spectabiles,
2451 2791 2506 2837 et
2559 2793 2734 2838 tamen
2771 2785 2839 2838 ob
2873 2785 3348 2854 ejectionem,'in-

1781 2874 1938 2944 glorii
1974 2882 2029 2930 et
2060 2875 2257 2946 abiecti
2301 2874 2607 2941 evasimus,
2652 2874 2796 2931 Deus
2827 2887 3002 2932 uoster
3048 2879 3344 2947 miseretur,

1781 2966 1907 3019 dum
1963 2966 2148 3036 quales
2205 2980 2304 3021 nos
2349 2981 2414 3021 ex
2456 2966 2705 3036 qualibus
2757 2969 2886 3024 facti
2939 2970 3345 3037 simus,videt.

1783 3059 2121 3128 Quapropter
2150 3069 2204 3113 et
2247 3061 2514 3115 Adamum
2548 3059 2651 3116 bac
2680 3061 3064 3119 misericordia:
3100 3079 3235 3120 voce
3263 3080 3351 3119 re-

1783 3150 2032 3213 vocabat,
2065 3149 2289 3204 dicens:
2325 3148 2519 3217 Adam,
2551 3150 2641 3203 ubi
2680 3167 2734 3205 es
2761 3152 2846 3205 "‘l
2877 3151 2990 3207 Non
3023 3154 3167 3208 enim
3213 3154 3346 3208 edo-

1711 3224 1753 3284 C
1787 3238 1897 3294 ceri
1923 3239 2198 3310 quaerebat
2219 3239 2458 3296 omnium
2486 3255 2706 3312 gnarus,
2733 3243 2826 3298 sed
2850 3243 3153 3315 intelligere
3172 3244 3346 3316 ipsum

110 3331 352 3398 volebat,
378 3329 552 3401 qualis
581 3342 648 3382 ex
679 3327 822 3394 quali
851 3327 1022 3384 factus
1047 3338 1209 3385 esset.
1244 3327 1344 3384 Ubi
1385 3330 1479 3385 es?
1516 3331 1669 3401 quasi
1710 3330 1858 3385 dicat
1892 3348 1906 3384 :
1939 3332 1996 3385 In
2031 3346 2192 3401 quam
2261 3331 2472 3385 ruinam
2509 3346 2578 3387 ex
2625 3342 2775 3389 tanta
2835 3336 3170 3394 sublimitate
3212 3339 3349 3398 incl-

111 3421 281 3481 disti?

189 3518 246 3572 4.
317 3514 656 3571 Φυλάσσων
686 3516 759 3572 τὰ
794 3517 980 3582 νήπια
1010 3517 1043 3568 ὁ
1079 3515 1319 3584 Κύριος·
1371 3513 1685 3584 ἐταπεινώ-

113 3619 254 3683 θην,
287 3612 382 3667 καὶ
411 3611 607 3668 ἔσωσέ
633 3629 729 3682 με.
775 3610 899 3664 Εἴτε
944 3608 1084 3664 κατά
1119 3608 1210 3663 τὸν
1246 3609 1472 3679 φυσικὸν
1509 3607 1688 3679 λόγον,

113 3710 220 3762 οὐκ
251 3704 318 3760 ἂν
349 3703 576 3776 συνέστη
615 3704 649 3776 ἡ
681 3701 996 3775 ἀνθρωπίνη
1030 3699 1208 3771 φύσις,
1247 3701 1322 3772 μὴ
1353 3701 1461 3755 τῶν
1492 3701 1688 3773 κομιδῆ

112 3798 328 3868 νηπίων
354 3799 447 3852 καὶ
461 3799 540 3851 ἔτι
558 3795 769 3867 βρεφῶν
789 3796 892 3850 ὑπὸ
910 3796 1003 3848 τοῦ
1024 3796 1227 3868 Κυρίου
1246 3795 1687 3868 φυλασσομένων.

117 3887 248 3948 Πῶς
276 3884 379 3955 γὰρ
404 3884 437 3953 ἢ
473 3884 584 3953 (26)
611 3885 679 3937 τὰ
706 3886 764 3937 ἐν
788 3887 855 3954 τῇ
889 3884 1073 3956 μήτρᾳ
1112 3885 1522 3956 κυοφορούμενα
1564 3882 1690 3953 ἡδύ-

117 3995 256 4032 νατο
285 3976 576 4049 τρέφεσθαι
601 3975 633 4048 ἢ
662 3975 927 4030 κινεῖσθαι
952 3977 1009 4029 ἐν
1032 3975 1174 4030 οὕτω
1207 3978 1412 4040 στενοῖς
1449 3976 1689 4046 χωρίοις,

116 4072 218 4128 καὶ
238 4067 502 4142 μηδεμίαν
524 4071 734 4140 ἔχουσιν
755 4069 1096 4142 ἀναστροφὴν
1118 4067 1248 4143 (27),
1267 4068 1380 4122 ἀλλ’
1402 4069 1460 4121 ἐν
1481 4085 1691 4121 σκοτεις

118 4166 237 4228 νοῖς
266 4162 448 4225 τόποις
472 4164 569 4217 καὶ
607 4160 853 4234 ἐνύγροις
880 4162 977 4233 τὴν
1007 4161 1148 4233 ζωὴν
1188 4160 1396 4230 ἔχοντα,
1435 4161 1528 4214 καὶ
1569 4158 1691 4213 οὗτε

117 4255 382 4309 ἀναπνεῖν
402 4255 688 4325 δυνάμενα,
720 4255 840 4308 οὔτε
861 4255 959 4326 ζῇν
974 4255 1070 4327 τὴν
1087 4252 1194 4308 τῶν
1209 4253 1506 4324 ἀνθρώπων
1527 4251 1689 4322 ζωὴν,

126 4345 268 4401 ἀλλὰ
293 4345 446 4416 δίκην
476 4344 670 4417 ἰχθύων
698 4347 808 4409 τοῖς
840 4347 1022 4416 ὑγροῖς
1050 4346 1416 4417 ἐμφερόμενα,
1449 4346 1497 4399 εί
1526 4345 1601 4416 μὴ
1622 4347 1689 4416 τῇ

122 4437 282 4510 παρὰ
312 4437 405 4491 τοῦ
448 4437 582 4491 Θεοῦ
620 4438 832 4510 φυλακῇ
870 4437 1235 4508 διεκρατεῖτο;
1274 4437 1398 4501 Πῶς
1439 4438 1481 4490 δ’
1514 4438 1580 4491 ἂν
1613 4439 1693 4501 είς

121 4530 219 4586 τὸν
258 4527 400 4600 ἀήθη
425 4528 611 4583 τοῦτον
639 4529 939 4584 ἐκπεσόντα
957 4529 1141 4595 τόπον,
1172 4528 1265 4582 καὶ
1288 4528 1394 4582 ἀπὸ
1420 4528 1516 4599 τῆς
1540 4529 1598 4580 ἐν
1623 4531 1687 4599 τῇ

128 4626 320 4695 μήτρα
353 4621 681 4694 θερμότητος
717 4621 794 4693 τῷ
827 4622 949 4694 ἀέρι
982 4621 1388 4694 περιψυχόμενα
1421 4619 1522 4674 κάν
1556 4619 1691 4689 πρὸς

126 4719 195 4772 τὸ
239 4714 409 4788 βραχὺ
454 4712 758 4785 διήρκεσεν,
802 4715 852 4768 εί
897 4715 970 4786 μὴ
1005 4715 1154 4786 παρά
1193 4713 1328 4768 Θεοῦ
1369 4712 1685 4779 διεσώζετος

1857 3514 1912 3570 4.
1969 3515 2135 3572 Vens.
2177 3516 2230 3575 6.
2272 3515 2592 3576 Custodieus
2630 3518 2883 3590 parvulos
2914 3517 3210 3588 Dominus;
3253 3521 3352 3575 hu-

1788 3603 2026 3659 miliatus
2059 3622 2206 3674 sum,
2235 3619 2283 3661 et
2313 3609 2520 3663 salvum
2562 3625 2643 3665 me
2673 3610 2818 3680 fecit.
2852 3611 2978 3666 Sive
3001 3612 3232 3666 naturali
3262 3627 3352 3667 ra-

1791 3698 1933 3752 tione
1959 3699 2011 3753 id
2045 3699 2315 3768 accipias,
2347 3714 2454 3755 non
2487 3704 2814 3758 consisteret
2853 3704 3089 3760 humana
3130 3716 3349 3774 natura,

1789 3789 1833 3844 si
1870 3787 1906 3843 ii
1935 3789 2027 3859 qui
2058 3799 2182 3844 sunt
2215 3803 2440 3859 prorsus
2476 3793 2686 3862 parvuli
2726 3801 2782 3846 et
2814 3793 2989 3850 adhuc
3021 3794 3290 3862 infantes,
3319 3813 3350 3852 a

1790 3880 2020 3936 Domino
2051 3897 2159 3936 non
2192 3883 2617 3940 custodirentur.
2653 3887 2933 3952 Quomodo
2968 3886 3110 3942 enim
3157 3887 3248 3958 qui
3298 3889 3351 3943 in

1789 3981 1946 4028 utero
1968 3982 2270 4045 gestantur,
2300 3975 2493 4030 nutriri
2524 3985 2617 4030 aut
2643 3979 2846 4031 moveri
2875 3987 3118 4048 possent,
3143 3995 3267 4034 cum
3298 3979 3352 4036 in

1790 4066 1978 4136 spatiis
2002 4066 2135 4123 adeo
2165 4066 2429 4136 angustis,
2463 4067 2516 4122 in
2543 4069 2740 4138 quibus
2772 4069 2917 4125 nullo
2948 4070 3108 4125 modo
3137 4087 3196 4127 se
3223 4086 3352 4126 con-

1793 4169 2003 4213 vertere
2035 4173 2098 4213 ac
2125 4165 2344 4214 versare
2372 4161 2550 4228 liceat,
2589 4161 2956 4227 diversentur,
2984 4164 3077 4218 sed
3113 4164 3165 4217 in
3204 4172 3354 4218 tene-

1793 4251 1969 4307 brosis
1999 4261 2055 4306 et
2084 4251 2316 4306 humidis
2348 4250 2480 4307 locis
2503 4251 2706 4318 vivant,
2735 4267 2912 4322 neque
2943 4254 3238 4325 respirare,
3266 4271 3356 4312 ne-

1793 4358 1897 4412 que
1922 4343 2199 4398 hominum
2231 4346 2397 4399 vitam
2433 4345 2616 4401 vivere
2642 4344 2906 4413 valentes,
2943 4348 3037 4403 sed
3076 4349 3247 4404 instar
3275 4350 3355 4418 pi-

1794 4437 1963 4492 scium
1989 4433 2165 4492 ﬂuidis
2187 4437 2513 4504 innatantes,
2544 4439 2646 4494 nisi
2680 4439 2771 4494 Dei
2801 4440 3042 4494 custodia
3069 4456 3354 4497 servaren-

1795 4531 1920 4585 tur?
1970 4529 2249 4597 Quomodo
2303 4545 2492 4587 rursus
2541 4533 2607 4587 ad
2652 4532 2930 4588 insolitum
2984 4531 3128 4589 hunc
3177 4534 3353 4590 locum

1793 4622 1983 4693 elapsi,
2019 4631 2072 4677 et
2095 4633 2216 4691 post
2245 4625 2381 4679 uteri
2409 4625 2643 4680 calorem
2675 4638 2798 4677 aere
2824 4623 3147 4697 refrigerati,
3179 4625 3263 4682 vel
3288 4627 3355 4682 ad

1795 4713 1955 4768 breve
2003 4721 2213 4784 tempus
2261 4716 2652 4784 persisterent,
2699 4714 2801 4769 nisi
2842 4731 2871 4770 a
2919 4717 3028 4771 Deo
3069 4730 3356 4772 conserva-

129 4808 475 4865 Φυλάσσων
510 4799 603 4861 οὖν
632 4803 705 4858 τὰ
729 4805 914 4874 νήπια
938 4809 970 4861 ό
996 4809 1208 4876 Κύριος
1227 4825 1239 4837 ·
1271 4809 1681 4876 ἐταπεινώθην,

1800 4804 2030 4860 rentur?
2057 4804 2368 4861 Custodiens
2405 4821 2532 4876 ergo
2575 4810 2820 4875 parvulos
2850 4807 3139 4873 Dominus;
3182 4808 3356 4862 humi-

128 4902 233 4958 καὶ
265 4900 459 4954 ἔσωσέ
484 4916 578 4970 με.
608 4898 680 4952 Ἣ
707 4899 800 4950 καὶ
836 4900 977 4953 οὕτω
1005 4901 1212 4972 νοήσεις
1251 4900 1342 4954 τὸν
1369 4899 1541 4970 λόγον·
1569 4901 1692 4953 Ὀτι

131 4992 324 5062 ἐπειδὴ
366 4992 659 5061 ἐστράφην,
696 4988 789 5042 καὶ
827 4990 1091 5062 ἐγενόμην
1133 4990 1208 5053 ὡς
1247 4990 1307 5046 τὸ
1340 4992 1550 5062 νήπιον,
1600 4991 1693 5043 καὶ

130 5080 402 5152 ἐδεξάμην
424 5080 519 5152 τὴν
548 5080 815 5150 βασιλείαν
842 5081 948 5133 τῶν
973 5082 1213 5154 οὐρανῶν
1239 5081 1312 5145 ὡς
1346 5083 1572 5147 παιδίον,
1596 5082 1692 5136 καὶ

132 5173 224 5227 διὰ
252 5175 351 5237 τῆς
375 5172 605 5237 ἀκακίας
633 5171 866 5244 ἐμαυτὸν
900 5172 980 5236 είς
1003 5174 1102 5247 τὴν
1127 5173 1232 5228 τῶν
1258 5173 1483 5229 παιδίων
1510 5172 1692 5228 ταπεί-

214 5353 259 5383 ⁶⁷
298 5351 432 5409 Gen.
469 5367 550 5419 Ill,
579 5352 630 5407 9.

213 5529 327 5602 (24)
362 5527 451 5582 Sic
477 5535 677 5602 septem
692 5542 840 5602 Amss.
871 5528 1345 5602 Aledillﬂﬂtt‘mv.
1367 5529 1517 5584 llaud
1540 5528 1701 5592 longe

139 5597 274 5662 Ilva.
295 5597 581 5672 secundus
613 5597 891 5672 ἀσθένειαν
928 5597 1344 5672 μεταϐληθέντα.

211 5671 325 5739 (25)
359 5667 491 5743 Reg.
522 5669 788 5723 secundus
818 5667 1292 5727 ἐνεκαλεῖτοᾙΜοχ
1337 5673 1469 5743 lteg.
1501 5669 1695 5726 tertius

135 5738 248 5794 οἵου
275 5738 584 5808 γεγένηται.

212 5806 327 5870 liti)
359 5806 475 5865 Sic'
499 5821 629 5864 mss.
667 5816 796 5865 tres.
853 5806 1013 5867 Deest
1050 5810 1085 5879 ἦ
1130 5810 1181 5865 ἰη
1212 5811 1368 5868 editis
1397 5820 1450 5867 et
1481 5813 1531 5868 in
1571 5810 1689 5867 aliis

1798 4903 1958 4955 liatus
2007 4919 2144 4968 sum,
2193 4911 2240 4956 et
2284 4903 2498 4955 servavit
2556 4919 2654 4957 me.
2713 4903 2819 4957 Aut
2872 4904 3033 4958 etiam
3079 4903 3158 4958 sic
3192 4903 3354 4958 verba

1801 4989 1989 5044 istbmc
2020 4989 2322 5057 intelligere
2354 4989 2562 5058 poteris
2594 5008 2608 5043 τ
2644 4990 3089 5061 Quandoquidem
3124 5007 3352 5048 conver—

1799 5096 1892 5136 sus
1937 5096 2092 5144 sum,
2127 5091 2181 5135 et
2215 5077 2388 5136 factus
2433 5096 2551 5136 sum
2606 5092 2664 5136 ut
2703 5082 2989 5151 parvulus,
3023 5097 3087 5138 ac
3132 5098 3354 5152 regnum

1798 5173 2054 5228 malorum
2092 5171 2239 5228 velut
2267 5187 2400 5244 puer
2429 5172 2663 5243 suscepi,
2691 5187 2884 5244 meque
2927 5175 3042 5245 ipse
3074 5187 3170 5245 per
3201 5173 3356 5227 inno-

1804 5534 2120 5602 quibusdam
2159 5548 2284 5589 mss.

1873 5604 1985 5673 (27)
2015 5604 2087 5658 Ita
2131 5606 2294 5659 editio
2351 5603 2513 5658 Basil.
2541 5610 2596 5658 et
2643 5601 2781 5659 Oliv.
2829 5609 2883 5673 et
2909 5598 3150 5673 Combef.
3180 5599 3352 5673 ct_alii

1803 5671 2028 5742 septem.
2095 5675 2265 5729 Etlitio
2317 5674 2491 5730 Paris.
2537 5673 2631 5728 καὶ
2669 5671 2934 5743 μηδεμίαν
2986 5671 3197 5742 ἔχουσιν
3227 5671 3354 5723 ἀνα-

1807 5745 1997 5815 πνοήν,
2029 5743 2089 5800 1η
2123 5747 2304 5815 ᾳυὶίιιω
2335 5762 2424 5799 nec
2455 5746 2709 5815 respirare
2737 5745 2910 5798 liceat.
