4058 6320
178 381 290 434 495

1340 385 1630 445 IIOMILIA
1667 391 1735 446 ΙΝ
1768 394 2098 453 PSALMUM
2136 402 2324 463 CXIV.

3306 421 3408 475 ιρι

175 506 321 573 φανῇ
348 502 457 572 (55)
481 521 559 558 σοι
581 505 639 558 τὸ
659 505 968 576 λεγόμενον,
994 506 1130 561 ἀλλά
1155 507 1345 563 σκόπει
1372 513 1464 567 τοῦ
1493 516 1723 587 πρᾶγμα

1849 524 2004 580 dibus
2045 535 2154 582 tres
2197 533 2375 588 aetatis
2418 549 2481 590 ae
2528 535 2654 590 vitae
2700 535 3100 593 vicissitudines
3133 553 3195 593 ac
3233 550 3409 593 muta-

172 615 269 658 τος
315 598 411 669 τήν
463 596 738 668 ἀλήθειαν.
793 600 878 650 Ἐν
932 601 1078 672 τρισὶ
1131 600 1236 671 γὰρ
1271 603 1558 676 ἑϐδομάσιν
1609 608 1742 660 ἐτῶν

174 690 326 757 τρεῖς
357 689 678 759 ὑφίστασθαι
707 689 946 756 πέφυκεν
975 692 1284 757 ἀλλοιώσεις
1316 697 1408 748 καὶ
1442 698 1742 768 μεταϐολὰς

169 777 399 847 ἡλικιῶν
437 781 530 832 καὶ
581 777 708 846 βίων
762 781 790 832 ὁ
833 782 1147 854 ἄνθρωπος,
1200 786 1291 835 καὶ
1347 786 1464 837 καθ’
1506 790 1741 860 ἑκάστην

169 870 440 941 ἑϐδομάδα
475 869 602 932 ἴδιος
629 871 753 942 ὅρος
786 873 1135 944 περιγράφων
1164 873 1230 927 τά
1256 877 1611 946 παρελθόντα,
1647 883 1740 936 καὶ

170 959 379 1029 ἐναργῆ
404 958 651 1028 παρέχων
674 961 771 1031 τὴν
799 961 1170 1032 μεταποίησιν.
1201 964 1305 1015 Τοῦ
1334 965 1545 1018 παιδίου
1569 972 1602 1038 ή
1626 971 1739 1040 ἠλι-

169 1051 267 1103 κία
299 1051 354 1099 ἑν
387 1053 449 1120 τῇ
477 1051 582 1102 τῶν
613 1051 835 1104 ὀδόντων
864 1051 1094 1122 ἀποϐολῇ
1131 1053 1238 1123 (56)
1286 1054 1426 1111 κατὰ
1470 1056 1565 1125 τὴν
1591 1061 1738 1130 πρώ-

167 1157 272 1207 την
306 1139 572 1209 ἑϐδομάδα
623 1137 1006 1210 περιορίζεται.
1054 1143 1158 1195 Τοῦ
1197 1144 1382 1208 παιδὸς
1414 1145 1596 1199 λοιπὸν
1641 1149 1736 1201 τοῦ

168 1231 311 1302 πρὸς
361 1231 459 1292 τὰς
513 1229 773 1299 μαθήσεις
829 1232 1128 1303 ἐπιτηδείου
1183 1233 1214 1302 ἡ
1271 1235 1575 1306 προθεσμία
1624 1238 1738 1291 ἐστὶ

171 1323 340 1392 μέχρι
382 1321 480 1389 τῆς
511 1322 786 1392 ἐφηϐείας.
836 1324 891 1376 ὐ
921 1324 1150 1395 ἔφηϐος,
1197 1323 1356 1396 μέχρι
1388 1328 1602 1399 πρώτου
1644 1331 1738 1384 καὶ

167 1411 415 1465 εἰκοστοῦ
449 1412 598 1478 ἔτους
626 1416 1040 1486 συμπληρωθεὶς
1067 1454 1083 1478 ,
1116 1417 1242 1468 ὅταν
1289 1419 1480 1485 ἰούλοις
1507 1421 1736 1492 ἄρξηται

167 1506 552 1570 κατασκιάζειν
604 1507 703 1568 τὰς
748 1507 1012 1576 παρειὰς,
1049 1508 1366 1575 ἀφανίζεται
1411 1513 1732 1584 λεληθότως,

167 1598 308 1666 πρὸς
339 1598 428 1650 τὸν
473 1598 637 1666 ἄνδρα
689 1598 789 1666 ήδη
840 1598 932 1650 τοῦ
985 1601 1264 1654 νεανίσκου
1318 1605 1731 1676 μεθισταμένου.

165 1688 338 1744 Ὅταν
370 1690 544 1742 τοίνυν
581 1689 695 1758 ἴδῃς
726 1689 890 1761 ἀνδρα
917 1691 1250 1761 ἀποθέμενον
1296 1696 1392 1763 μὲν
1431 1698 1526 1766 τήν
1558 1698 1736 1750 ἐπίδο-

165 1797 254 1833 σιν
287 1781 384 1849 τῆς
415 1779 534 1832 καθ’
557 1781 768 1851 ἡλικίαν
792 1784 1091 1853 αὐξήσεως,
1123 1784 1389 1855 βεϐηκότα
1414 1787 1470 1840 δὲ
1499 1790 1596 1860 ἤδη
1623 1793 1734 1853 τοῖς

161 1874 462 1943 λογισμοῖς.
513 1876 604 1927 καὶ
648 1875 808 1945 μηδὲν
858 1877 1000 1944 ι’χνος
1037 1877 1134 1948 τῆς
1184 1879 1430 1949 νεότητος
1474 1880 1728 1951 φέροντα,
1763 1873 1804 1927 Β

160 1969 286 2039 οὐχί
334 1969 647 2039 τεθνηκέναι
703 1972 760 2025 ἐν
806 1971 952 2042 αὐτῷ
1009 1972 1197 2048 λογίσῃ
1244 1975 1309 2028 τὰ
1358 1976 1727 2048 παρελθόντας

161 2061 333 2114 Πάλιν
365 2065 392 2115 ό
430 2063 772 2136 πρεσϐύτης,
823 2066 959 2138 πρὸς
1005 2066 1188 2135 ἕτερον
1223 2069 1405 2137 σχῆμα
1439 2071 1530 2121 καὶ
1554 2069 1732 2138 ψυχῆς

158 2155 398 2210 διάθεσιν
434 2157 845 2228 μεθαρμοσθεὶς,
893 2157 1076 2226 ἕτερός
1110 2160 1221 2209 ἐστι
1260 2160 1536 2229 προδήλως
1582 2160 1731 2230 παρά

160 2247 291 2308 τοὺς
321 2249 633 2317 προτέρους.
676 2249 837 2299 Ὥστε
868 2247 955 2300 καὶ
981 2250 1012 2316 ἠ
1045 2248 1154 2318 ζωὴ
1183 2248 1290 2304 τῶν
1318 2250 1616 2322 ἀνθρώπων
1644 2253 1730 2308 διά

159 2337 371 2390 πολλῶν
405 2323 643 2392 θανάτων
680 2339 1121 2410 συμπληροῦσθαι
1169 2342 1426 2412 πέφυκεν,
1471 2346 1531 2398 οὐ
1572 2347 1728 2415 μόνον

159 2430 223 2480 ἑν
266 2432 333 2498 τῇ
365 2429 502 2482 κατά
527 2430 622 2493 τὰς
657 2430 1064 2502 μεθηλικιώσεις
1119 2434 1385 2504 μεταϐολῇ
1407 2476 1420 2498 ,
1471 2434 1606 2487 ἀλλά
1635 2436 1729 2488 καὶ⁵

156 2521 219 2572 ὲν
259 2523 371 2584 τοῖς
421 2520 540 2573 καθ’
583 2520 852 2595 ἁμαρτίαν
881 2522 1133 2594 πτώμασι
1175 2526 1281 2577 τῶν
1321 2523 1524 2595 ψυχῶν.
1558 2526 1727 2579 Ὅπου

154 2614 216 2666 δὲ
266 2614 366 2666 οὐκ
423 2615 563 2667 ἔστιν
614 2614 893 2680 ἀλλοίωσις
936 2615 1056 2671 οὐτε
1091 2616 1336 2685 σώματος
1383 2616 1506 2671 οὐτε
1550 2619 1729 2691 ψυχῆς

158 2702 304 2770 (οὐδὲ
331 2707 433 2775 γάρ
469 2707 580 2757 ἐστι
613 2706 868 2776 λογισμοῦ
896 2708 1217 2778 παρατροπὴ
1238 2750 1252 2772 ,
1289 2711 1409 2764 οὐδὲ
1445 2713 1728 2782 μετάθεσις

152 2792 402 2863 γνώμης,
433 2795 682 2864 οὐδεμιᾶς
723 2797 1084 2866 περιστάσεως
1111 2798 1169 2850 τὸ
1201 2800 1456 2865 εὐσταθὲς
1483 2803 1573 2855 καὶ
1605 2805 1730 2857 ἀτάρ

155 2903 326 2955 ραχον
358 2885 464 2939 τῶν
491 2887 762 2958 λογισμῶν
793 2891 1238 2962 ἀφαιρουμένης),
1271 2891 1419 2963 χώρα
1444 2896 1590 2948 ἑστιν
1617 2895 1726 2969 (57)

150 2980 340 3050 ἐκείνη
383 2979 459 3051 τῷ
497 2981 607 3035 ὄντι
662 2980 906 3049 ζώντων,
958 2983 1157 3055 ὁμοίων
1197 2985 1363 3041 ὄντων
1416 2989 1504 3043 ἀεὶ
1550 2990 1727 3044 αὐτῶν

150 3074 384 3136 ἑαυτοῖς.
443 3076 525 3126 Ἐν
644 3076 872 3147 μάλιστα
919 3077 1300 3150 εὐαρεστήσειν
1348 3081 1426 3152 τῷ
1455 3081 1572 3153 Θεῷ
1615 3085 1725 3137 τῶν

148 3163 291 3215 ὅλων
337 3166 364 3216 ὁ
408 3167 688 3237 Προφήτης
732 3170 1242 3235 κατεπαγγέλλεται,
1283 3173 1357 3234 ὼς
1401 3175 1491 3224 ὐπ’
1517 3175 1725 3237 οὐδενὸς

1662 3215 1794 3276 ἷὈ

153 3254 366 3324 μέλλων
396 3256 502 3312 τῶν
526 3256 717 3320 ἔξωθεν
733 3257 1109 3312 διακόπτεσθαι
1140 3262 1274 3332 πρὸς
1298 3262 1386 3314 τὸν
1406 3264 1602 3316 σκοπὸν
1629 3265 1727 3336 τῆς

148 3343 414 3416 ἀληθινῆς
439 3348 529 3408 καὶ
557 3347 816 3419 ὁμοτίμου
849 3352 958 3412 τοῖς
985 3351 1233 3419 ἀγγέλοις
1260 3351 1523 3417 δουλείας.
1552 3358 1724 3409 Φιλο-

147 3440 698 3510 τιμούμεθα,ηφησὶν,
724 3442 840 3495 εἴτε
861 3442 1256 3511 ἐνδημοῦντες
1291 3445 1347 3496 ὲν
1383 3445 1460 3514 τῷ
1493 3445 1722 3516 σώματι,

146 3530 274 3583 εἴτε
325 3530 718 3601 ἐκδημοῦντες
763 3534 868 3585 ἀπὸ
921 3533 1011 3585 τοῦ
1066 3533 1349 3602 σώματος,
1415 3535 1723 3604 εὐάρεστοι

147 3623 316 3688 αὐτῷ
345 3621 514 3680 εἶναι.
557 3625 778 3678 Ζώντων
805 3625 980 3697 ἐκείνη
1019 3626 1187 3697 χώρα,
1220 3629 1275 3682 ἐν
1363 3628 1461 3681 οὐκ
1492 3628 1568 3681 ἔνι
1603 3629 1717 3694 νὺξ,

147 3715 252 3766 οὐκ
282 3715 357 3767 ἔνι
387 3716 548 3778 ’ὐπνος
570 3715 630 3768 τὺ
661 3716 752 3769 τοῦ
777 3716 998 3770 θανάτου
1038 3701 1257 3789 μίμημα
1284 3738 1296 3750 ·
1349 3720 1406 3773 ὲν
1506 3721 1603 3774 οὐκ
1639 3721 1717 3774 ἔνι

149 3804 380 3875 βρῶσις,
409 3807 505 3859 οὐκ
534 3805 610 3858 ἕνι
642 3807 816 3871 πόσις,
862 3808 928 3860 τὰ
951 3809 1046 3878 τῆς
1089 3809 1367 3873 ἀσθενείας
1416 3811 1570 3881 ἡμῶν
1617 3812 1717 3865 ὑπ-

147 3897 472 3966 ερείσματα,
500 3900 598 3971 οὐκ
620 3898 694 3950 ἓνι
727 3899 896 3962 νόσος,
923 3898 1020 3951 οὐκ
1046 3899 1120 3951 ἔνι
1138 3900 1426 3971 ἀλγήματα
1457 3900 1586 3969 (58),
1619 3902 1716 3956 οὐκ

152 3988 390 4060 ἰατρεία,
423 3989 479 4040 οὐ
509 3968 850 4059 δίκαστήρια,
893 3989 992 4042 οὐκ
1023 3991 1299 4062 ἐμπορίαι,
1333 3994 1394 4046 οὐ
1423 3974 1625 4063 τέχναιξ
1652 3993 1711 4047 οὐ

147 4083 428 4152 χρήματα,
476 4081 582 4134 τῶν
614 4082 797 4135 κακῶν
827 4082 859 4153 ἡ
905 4082 1062 4155 ἀρχὴ,
1093 4087 1125 4154 ή
1161 4084 1270 4138 τῶν
1303 4085 1548 4158 πολέμων
1583 4088 1713 4141 ὐπό-

1846 617 2017 674 tioues
2071 622 2354 686 sustineat,
2396 643 2567 697 eoque
2617 643 2712 696 per
2764 628 3004 698 singulas
3048 631 3409 685 hebdmnades

1844 713 2104 768 terminus
2142 717 2391 785 proprius
2436 722 2707 786 praeterita
2749 721 3168 785 circumscribit,
3197 733 3250 776 ct
3289 738 3406 774 ma-

1842 799 2091 856 nifestam
2126 809 2343 863 exhibet
2384 817 2851 879 permutationem.
2894 812 3239 867 Terminatur
3271 814 3404 868 dnu-

1841 893 2031 947 titione
2059 905 2190 950 tetas
2216 901 2363 966 pueri
2395 901 2539 954 circa
2572 906 2798 970 primam
2825 904 3241 959 hebdomadem.
3269 901 3407 960 Prce-

1838 983 2047 1038 linitum
2101 995 2308 1054 tempus
2357 992 2508 1056 pueri
2543 995 2632 1062 qui
2670 995 2778 1061 jam
2819 997 2884 1050 ad
2923 993 3238 1064 disciplinas
3284 998 3402 1050 tdo-

1839 1092 1971 1129 ncus
2018 1088 2121 1144 est,
2155 1078 2220 1131 ad
2269 1081 2603 1148 pubertatem
2652 1101 2819 1153 usque
2861 1089 3190 1144 extenditur.
3224 1088 3400 1144 Pubes

1837 1181 1976 1220 anno
2008 1168 2266 1223 vicesimo
2298 1172 2468 1238 primo
2494 1175 2813 1243 completus,
2849 1191 2964 1230 cum
2994 1178 3200 1234 scilicet
3227 1179 3400 1247 prima

1836 1267 2087 1335 lanugine
2129 1284 2294 1340 genas
2345 1268 2542 1322 vestire
2596 1279 2649 1322 et
2700 1270 3019 1323 adumbrare
3078 1271 3400 1342 incmperit,

1835 1360 2034 1412 sensim
2065 1361 2277 1428 desinit,
2309 1360 2647 1416 adolescente
2673 1362 2782 1431 jam
2819 1364 2870 1416 in
2906 1365 3079 1416 virum
3114 1376 3398 1422 transeun-

1836 1457 1908 1501 te.
1945 1447 2076 1502 Cum
2115 1449 2272 1517 igitur
2308 1450 2507 1506 videris
2550 1452 2721 1505 virmn
2751 1454 2838 1522 qni
2876 1469 2972 1523 per
3014 1463 3224 1510 :etatem
3272 1475 3393 1513 cre-

1833 1555 1985 1594 scere
2019 1548 2072 1595 et
2109 1545 2289 1610 augeri
2330 1545 2615 1608 destiterit,
2643 1544 2863 1614 jamque
2907 1546 3058 1600 ﬁrma
3107 1546 3180 1600 sit
3223 1551 3391 1601 ratio-

1832 1629 2127 1696 cinatione,
2163 1646 2262 1685 nec
2308 1633 2469 1686 ullum
2520 1633 2820 1701 juventutis
2868 1637 3149 1703 vestigium
3189 1653 3296 1706 prae
3336 1654 3395 1692 se

1832 1721 1991 1784 ferat,
2021 1735 2089 1773 an
2131 1736 2236 1774 non
2276 1736 2338 1775 ea
2379 1737 2495 1790 quae
2526 1725 2791 1790 praeterita
2826 1734 2970 1788 sunt,
3015 1726 3064 1779 iu
3102 1728 3216 1796 ipso
3247 1743 3395 1782 mor-

1836 1821 1921 1867 tua
1967 1827 2089 1870 esse
2137 1813 2513 1869 existimabis?
2544 1815 2717 1871 Senex
2764 1832 2953 1872 rursus
2987 1819 3039 1872 in
3080 1821 3236 1874 aliam
3286 1821 3395 1875 for-

1834 1918 1972 1957 mam
2014 1912 2068 1957 et
2109 1903 2161 1957 in
2194 1903 2354 1957 alium
2399 1905 2563 1960 animi
2602 1908 2846 1963 allectum
2878 1923 3191 1976 conversus,
3225 1912 3397 1965 mani-

1831 1989 1964 2047 feste
1995 1996 2133 2050 alius
2161 2004 2262 2063 est,
2297 1995 2338 2049 si
2367 2010 2490 2050 cum
2523 1998 2795 2065 prioribus
2827 2011 3188 2070 comparetur.
3216 2002 3394 2070 Quare

1831 2081 1937 2135 vita
1981 2083 2257 2140 hominum
2303 2102 2408 2142 non
2448 2087 2620 2141 solum
2662 2104 2783 2142 cum
2836 2099 2965 2145 tetas
2998 2102 3255 2161 mutatur,
3295 2094 3391 2149 sed

1830 2173 1989 2228 etiam
2016 2190 2138 2230 cum
2176 2179 2369 2233 animae
2405 2178 2458 2233 in
2499 2192 2778 2248 peccatum
2830 2181 3103 2246 labuntur,
3137 2198 3230 2251 per
3255 2185 3392 2238 mul-

1830 2275 1912 2323 tas
1956 2279 2158 2324 mortes
2204 2282 2391 2339 suapte
2443 2281 2635 2327 natura
2667 2273 2934 2342 expletur.
2985 2272 3084 2328 Ubi
3116 2288 3243 2328 vero
3285 2289 3390 2327 non

1827 2366 1908 2410 est
1938 2361 2289 2413 commutatio
2324 2377 2498 2428 neque
2545 2363 2790 2433 corporis
2837 2377 3010 2432 neque
3050 2362 3241 2417 animae
3270 2361 3391 2436 (ne-

1828 2462 1933 2513 que
1953 2448 2096 2501 enim
2123 2459 2203 2503 est
2232 2451 2456 2505 rationis
2484 2455 2719 2518 eversio,
2746 2465 2838 2508 aut
2863 2455 3144 2510 sententiae
3175 2470 3392 2524 permu-

1831 2541 1982 2608 tatio,
2021 2542 2066 2596 si
2113 2542 2410 2598 adversitas
2461 2544 2602 2598 nulla
2657 2545 2853 2601 mentis
2902 2547 3264 2602 constantiam
3324 2561 3390 2601 ac

1829 2636 2273 2706 tranquillitatem
2308 2637 2526 2707 aufert),
2563 2637 2649 2692 illa
2683 2648 2765 2695 est
2808 2654 2934 2695 vere
2977 2639 3268 2695 viventium
3300 2653 3388 2694 re-

1827 2730 1935 2799 gio,
1972 2730 2168 2800 quippe
2216 2731 2305 2801 qui
2345 2732 2445 2787 sibi
2497 2731 2628 2800 ipsis
2659 2746 2870 2801 semper
2904 2733 3013 2789 sint
3055 2732 3384 2788 consimiles.

1826 2819 1882 2871 In
1933 2834 2039 2887 qua
2085 2822 2454 2876 universorum
2505 2821 2614 2876 Deo
2658 2823 2891 2877 maxime
2938 2824 3382 2893 complaciturum

1827 2907 1988 2980 2οάΙ
2027 2923 2086 2962 se
2123 2911 2403 2977 pollicetur
2449 2911 2738 2980 Propheta,
2767 2926 2888 2966 cum
2936 2913 3070 2966 nihil
3101 2922 3384 2967 externum

1829 3001 2204 3071 impediturum
2237 3002 2328 3065 sit,
2353 3003 2639 3071 quominus
2669 3018 2886 3072 sc0pum
2916 3018 3055 3058 verae
3084 3012 3138 3057 et
3166 3003 3385 3072 aequalis

1826 3107 1943 3147 cum
1995 3091 2201 3161 angelis
2247 3092 2522 3146 servitutis
2579 3102 2901 3161 assequatur
2936 3110 2949 3146 :
2987 3091 3378 3156 Contendimus,

1829 3179 2019 3250 inquit,
2052 3180 2156 3235 sive
2209 3193 2483 3248 pm‘senles
2538 3181 2590 3235 in
2642 3196 2888 3252 corpore,
2921 3181 3026 3235 sive
3073 3197 3103 3236 a
3155 3197 3382 3251 corpore

1826 3272 2226 3338 peregrinantes.
2251 3273 2452 3338 placere
2479 3274 2555 3325 illi
2580 3273 2955 3329 “.Vivenlium
2987 3273 3072 3326 illa
3101 3284 3182 3328 est
3210 3274 3379 3343 regio,

1828 3361 1880 3414 in
1910 3375 2013 3430 qua
2042 3376 2145 3417 non
2172 3372 2254 3418 est
2286 3379 2409 3428 nox,
2442 3380 2546 3416 non
2587 3374 2670 3418 est
2695 3379 2914 3420 somnus
2943 3365 3132 3418 mortis
3164 3365 3338 3434 imago
3363 3382 3377 3416 :

1825 3451 1880 3505 in
1911 3466 2015 3521 qua
2054 3468 2157 3507 non
2199 3463 2281 3508 est
2326 3455 2498 3521 cibus,
2533 3471 2634 3511 non
2687 3467 2768 3513 est
2813 3467 2999 3527 potus,
3051 3457 3380 3512 inﬁrmitatis

1824 3553 2020 3599 nostra
2064 3543 2395 3615 fulcimenta,
2429 3564 2530 3602 non
2578 3559 2661 3604 est
2707 3550 2944 3616 morbus,
2976 3564 3078 3604 non
3125 3559 3248 3603 sunt
3281 3552 3376 3602 do-

1820 3636 1983 3702 lores,
2014 3653 2118 3692 non
2149 3640 2436 3702 medicina,
2465 3657 2568 3694 non
2597 3640 2736 3703 fora,
2769 3657 2870 3695 non
2903 3651 3236 3706 mercaturae,
3270 3657 3374 3696 non

1822 3739 1988 3798 artes,
2013 3748 2114 3786 non
2140 3733 2404 3800 pecunize,
2424 3733 2683 3787 malorum
2714 3734 3162 3802 origo,bellomm
3192 3749 3371 3800 causa,

1822 3819 2116 3876 inimicitiae
2164 3823 2318 3876 radix
2366 3840 2379 3876 :
2427 3824 2521 3878 sed
2576 3834 2654 3879 est
2701 3827 2848 3895 regio
2900 3828 3221 3890 viventium,
3271 3841 3372 3879 non

1825 3911 2167 3966 morientium
2197 3928 2293 3982 per
2322 3925 2621 3982 peccatum,
2649 3918 2739 3970 sed
2784 3932 2962 3971 veram
2994 3917 3156 3969 vitam
3190 3918 3369 3970 viven-

1822 3999 1951 4054 tium
1999 4002 2050 4056 in
2094 4001 2309 4059 Christo
2348 4003 2494 4070 Jesu,
2542 4007 2626 4061 cui
2679 4007 2845 4080 gloria
2895 4017 2948 4061 et
2999 4007 3278 4079 imperium
3319 4009 3371 4059 iu

1819 4092 2010 4148 saecula
2042 4097 2378 4152 saeculorum.
2419 4100 2609 4155 Amen.

149 4174 323 4236 θετις,
357 4179 388 4246 ἡ
419 4176 539 4244 ma
581 4179 676 4248 τῆς
719 4178 934 4250 ἔχθρας·
970 4179 1105 4232 ἀλλὰ
1145 4181 1297 4251 χώρα
1343 4183 1577 4248 ζώντων,
1616 4187 1714 4238 οὐκ
1753 4187 2198 4259 ἀποθνησκόντων
2226 4193 2312 4246 διὰ
2346 4194 2445 4264 τῆς
2493 4197 2779 4268 ἁμαρτίας,
2815 4196 2948 4251 ἀλλά
3007 4195 3216 4262 ζώντων
3269 4196 3364 4267 τὴν

149 4269 329 4339 ἀληθῆ
364 4270 500 4341 ζωὴν
533 4272 628 4342 τὴν
671 4274 726 4324 ἐν
761 4272 978 4344 Χριστῷ
1022 4274 1194 4346 Ἰησοῦ
1239 4276 1348 4348 (59)
1371 4318 1384 4343 ,
1434 4270 1476 4345 ᾧ
1526 4281 1558 4350 ή
1597 4280 1719 4349 δόξα
1763 4300 1856 4336 και
1883 4283 1943 4336 τὸ
1967 4284 2163 4356 κράτος
2189 4288 2270 4352 εἰς
2295 4288 2420 4352 τοὺς
2443 4291 2641 4356 αἰῶνας
2663 4291 2770 4347 τῶν
2800 4293 3026 4349 αἰώνων.
3071 4291 3256 4364 Ἀμήν.

225 4497 271 4527 δι
311 4496 347 4549 ll
376 4497 495 4552 Cor.
527 4513 578 4563 ν,
616 4500 667 4554 9.

150 4680 258 4733 ilex.
302 4679 438 4732 idem
469 4682 524 4758 ὲν
551 4697 626 4769 τῳ
647 4680 833 4769 κόσμῳ
873 4681 1089 4764 ζῶντες.
1122 4685 1243 4741 Haec
1269 4688 1478 4769 aliunhde
1499 4699 1706 4769 sumpta

1826 4693 2088 4769 {Basiliam
2119 4694 2163 4769 si
2197 4692 2418 4769 taliade
2443 4694 2623 4769 pueris
2660 4708 2884 4769 narrare
2907 4694 3204 4769 statuisset,
3229 4713 3361 4769 προ-

150 4766 301 4810 esse,
328 4764 424 4867 ilc7c
455 4752 517 4802 ad
548 4751 812 4805 Basilium
832 4755 1099 4820 pertinere
1131 4767 1277 4826 putet
1302 4775 1366 4813 ex
1394 4751 1712 4816 Prad'atibne

152 4835 308 4867 Ilum.
338 4835 370 4867 Ο
412 4856 425 4867 .

152 4835 308 4871 num.
338 4835 425 4870 Ol.

220 4889 336 4960 (55)
362 4887 492 4960 Βος.
521 4889 712 4942 tertius
744 4893 966 4960 φανήτω
989 4910 1070 4945 σοι
1108 4895 1188 4948 τό.

225 4959 340 5032 (56)
373 4957 526 5032 Illud,
560 4960 784 5032 ὀδόντων
809 4957 1069 5032 ἀποϐολῇ,
1108 4967 1187 5019 sic
1220 4968 1448 5022 reddidit
1477 4969 1712 5024 Tilmon-

151 5046 283 5106 nus,
309 5029 533 5106 dentium
596 5029 883 5106 abjectione
913 5047 931 5083 :
960 5029 1056 5106 sed
1094 5037 1219 5105 quid
1271 5038 1371 5091 hac
1403 5054 1532 5094 voce
1567 5041 1714 5106 abje-

152 5102 330 5151 ctione
362 5097 710 5178 intellexerit,
733 5114 821 5178 _ex_
855 5116 940 5164 eo,
983 5102 1025 5155 si
1061 5097 1285 5178 viveret,
1317 5107 1542 5162 libenter
1566 5097 1710 5178 (μίαδ-

153 5183 357 5247 reretu.
391 5166 595 5247 Etenim
640 5169 996 5247 amissionem
1031 5182 1095 5247 et
1150 5166 1434 5242 iacturam,
1470 5166 1596 5247 quae.
1629 5192 1712 5235 est

154 5237 373 5314 propria
400 5245 454 5289 et
481 5239 654 5314 nativa
681 5240 825 5293 vocis
857 5241 1093 5314 ἀποϐολή
1135 5237 1560 5314 ἐὶεηίίίοιιιὶο,”εἰ
1613 5265 1707 5303 ex-

153 5305 394 5378 primere
425 5305 611 5386 voluit,
642 5323 831 5388 sopore
851 5312 1005 5388 gravi
1031 5305 1305 5388 correptus
1325 5305 1488 5371 fuisse
1515 5328 1702 5388 putau-

152 5374 256 5430 ilus
293 5385 392 5437 est,
417 5374 460 5428 si
495 5389 559 5429 ex
583 5374 893 5432 suis—verbis
917 5374 1234 5437 sententiam
1264 5374 1543 5441 absurdam
1564 5388 1698 5443 ellici

154 5446 710 5519 non__animadvertit.
743 5448 1030 5504 Cornarius
1062 5465 1208 5519 vero,
1246 5465 1298 5508 ut
1348 5459 1448 5510 hoc
1493 5457 1696 5512 incom-

155 5515 304 5592 modi
359 5519 575 5592 vita‘ret,
611 5515 948 5592 interpretari
989 5515 1212 5592 maluit,
1248 5527 1476 5578 dentium
1530 5529 1693 5592 factu,

160 5589 279 5638 hoc-
302 5593 400 5649 est,
425 5586 666 5658 dentium
696 5598 834 5658 ortu,
859 5590 1163 5644 dentitione.
1200 5594 1399 5658 Quibus
1422 5612 1487 5648 ex.
1520 5586 1696 5652 verbis

168 5654 560 5732 aptamquidem
587 5657 908 5732 sententiam
931 5658 1086 5732 edici,
1110 5654 1282 5726 neuio,
1300 5667 1509 5732 opinor,
1538 5667 1695 5721 homo

169 5725 374 5790 iugabit
411 5724 905 5807 :.se'd,‘_ni's'i"valde
946 5727 1118 5807 fallor,
1159 5724 1694 5807 vinivocis_dtrro6o).ﬁ

158 5810 269 5847 non
298 5793 552 5862 exprimi,
579 5792 831 5851 facillime
860 5811 1044 5854 omnes
1083 5798 1410 5859 fatebuntur.
1440 5805 1573 5861 Puto
1599 5792 1699 5866 cad

1815 4762 1941 4835 ϐολῇ
1974 4779 2073 4835 non
2108 4764 2344 4835 ἀποΰολῇ
2373 4765 2698 4833 scripturum
2732 4764 2916 4835 fuisse.
2948 4765 3078 4835 Sed,
3100 4778 3154 4820 ut
3180 4762 3362 4820 verum

1815 4834 2013 4894 dicam,
2038 4834 2151 4887 haec
2178 4843 2232 4885 et
2260 4835 2365 4887 alia
2409 4849 2514 4904 non
2551 4849 2719 4903 pauca
2747 4834 3033 4888 Basilianis
3063 4837 3240 4904 inepte
3269 4853 3362 4887 an-

1816 4917 1951 4956 nexa
1989 4917 2121 4973 _esse
2173 4905 2442 4973 suspicor.
2473 4903 2611 4973 Lege
2663 4903 3165 4959 Praefationem—7
3190 4907 3361 4960 Stabit

1814 4984 1959 5044 certe
1989 4971 2146 5042 hujus
2169 4972 2270 5044 loci
2309 4971 2594 5038 αὐθεντία,
2624 4976 2725 5030 nisi
2773 4975 3015 5029 validiori
3049 4985 3362 5044 argumento

1815 5042 2175 5109 impugnetur.
2210 5042 2340 5098 Mire
2373 5045 2515 5096 enim
2562 5045 2614 5097 in
2675 5047 2910 5099 auctoris
2942 5042 3360 5098 nostri—senten-

1815 5111 1944 5164 tiam
1976 5113 2201 5187 quadrat
2229 5127 2327 5166 vox
2361 5114 2616 5187 ἀποϐολή,
2656 5115 2917 5187 siquidem
2957 5127 3145 5168 revera
3185 5117 3363 5168 termi-

1810 5193 1970 5253 natur
1992 5184 2206 5250 puerilis
2237 5193 2362 5253 mlas
2387 5184 2717 5253 (primorum)
2761 5186 2990 5236 dentium
3021 5199 3362 5252 ABJECTIONE,

1808 5252 1945 5302 circa
1973 5255 2193 5317 primum
2231 5252 2624 5307 hebdohtadem.
2663 5255 2817 5308 Eon.
2852 5253 3085 5308 PATROL.

1877 5321 1986 5394 (ξῖ)
2018 5322 2098 5394 lita
2118 5332 2238 5394 octo
2264 5339 2392 5378 mss.
2431 5328 2501 5394 At
2527 5325 2654 5378 editi
2686 5323 2837 5394 χώρα
2865 5324 3012 5377 ἐστὶν
3043 5327 3169 5378 ἐκεῖ.

1878 5390 1988 5457 (58)
2008 5391 2157 5465 ριῑγ.
2193 5391 2434 5465 ἄλγημα.
2466 5393 2606 5447 Editi
2650 5390 2781 5446 cum
2807 5396 3155 5465 multiskmss.
3187 5395 3360 5465 ἀλγή-

1809 5476 1971 5543 ματα.
2005 5459 2193 5515 Statim
2240 5459 2387 5517 Colb.
2424 5473 2608 5517 sextus
2661 5465 2947 5534 ἑμπορεῖα.
2995 5463 3134 5522 Oliv.
3186 5459 3357 5536 ἐμπό-

1845 5545 1914 5581 τα.

1807 5547 1984 5684 ἕξω
2017 5597 2163 5684 fil-liv.
2216 5611 2265 5655 et
2300 5601 2402 5684 _alii
2459 5611 2566 5656 tres
2614 5618 2744 5684 mss.
2807 5601 3116 5684 Ἰησοῦ-’τῷ
3173 5604 3360 5684 Κρρίῳ

1804 5668 1978 5739 ἡμῶν.
2017 5669 2143 5723 lllud
2174 5673 2314 5738 quod
2348 5688 2470 5726 mox
2516 5675 2780 5739 sequitur,
2817 5668 2924 5725 τῶν
2949 5668 3184 5737 αἰώνων,
3210 5668 3356 5728 decu

1804 5737 2016 5806 quidem
2053 5742 2104 5792 in
2131 5737 2287 5795 editis
2321 5743 2443 5795 etin
2470 5737 2696 5798 uno—aut
2719 5743 2888 5800 altero
2918 5743 3101 5798 codice
3135 5759 3149 5794 :
3185 5744 3274 5798 sed
3307 5747 3357 5796 in

1805 5809 1988 5865 multis
2017 5809 2133 5864 aliis
2163 5825 2292 5868 mss.
2315 5812 2596 5870 reperitur.
