4058 6320
709 375 815 427 495
2051 370 2107 426 S.
2148 367 2391 424 BASILII
2420 364 2632 424 MAGNI
3833 369 3911 421 ωδ

716 528 3899 562 8m

2018 706 2638 801 MONITUM.

2287 888 2359 903 ῃ

776 1019 937 1092 205
978 1022 1031 1077 1.
1074 1020 1254 1076 Basilii
1300 1021 1354 1075 in
1390 1020 1711 1079 Eunomium
1758 1022 1925 1077 libros
1967 1022 2271 1093 antiquitus
2299 1022 2683 1079 celeberrimos
2717 1024 2901 1086 fuisse,
2936 1026 3160 1093 nemini,
3192 1027 3281 1097 qui
3315 1029 3529 1097 paulum
3569 1032 3736 1087 modo
3764 1047 3913 1087 versa-

706 1130 795 1175 tus
829 1120 902 1175 sit
936 1121 989 1174 in
1024 1120 1125 1175 hoc
1158 1118 1461 1174 litterarum
1494 1128 1713 1184 genere,
1745 1114 1985 1183 ignotum
2019 1123 2124 1167 est.
2154 1112 2363 1166 Passim
2399 1114 2543 1167 enim
2581 1114 2886 1179 laudantur,
2912 1116 3109 1185 possint
3138 1121 3577 1173 commendantur
3622 1126 3765 1189 apud
3805 1130 3915 1179 anti-

702 1225 859 1279 quos.
906 1209 1110 1266 Horum
1172 1210 1418 1265 meminit
1467 1206 1826 1277 Hieronymus
1871 1201 2005 1273 (50).
2059 1202 2471 1269 Amphilochius
2509 1205 2647 1276 (Η),
2696 1206 3061 1261 Theodoretus
3113 1208 3246 1277 (4‘2).
3306 1212 3586 1265 concilium
3650 1212 3914 1271 Chalcedo-

702 1319 871 1360 nenae
899 1304 1036 1377 (ιδ),
1068 1304 1324 1361 Leontius
1370 1301 1697 1372 Byzantinus
1732 1297 1867 1370 (ﬂ),
1906 1298 2200 1365 imperator
2250 1296 2588 1353 Justinianus
2626 1300 2763 1371 (45),
2805 1298 3117 1369 Ephrremus
3155 1303 3532 1359 Antiochensis
3575 1306 3719 1376 (46),
3757 1322 3805 1363 et
3844 1312 3913 1363 alii

702 1399 882 1466 multi,
911 1415 1046 1470 quos
1081 1400 1298 1467 longum
1333 1403 1479 1449 esset
1510 1406 1793 1448 recensere
1826 1403 2032 1445 omnes.
2068 1388 2179 1442 lmo
2213 1392 2522 1445 eorumdem
2556 1394 2883 1447 mentionem
2920 1391 3113 1447 fecisse
3148 1394 3358 1452 videtur
3386 1398 3613 1453 Basilius
3650 1399 3778 1466 ipse.
3805 1403 3911 1455 Cum

700 1494 846 1548 enim
900 1494 1210 1549 rescivisset
1236 1498 1545 1561 suspectum
1580 1501 1637 1542 se
1672 1485 1864 1540 haberi
1896 1484 2253 1555 quorumdam
2300 1500 2547 1540 errorum
2583 1486 2651 1541 ab
2681 1488 2979 1543 Athanasio
3023 1487 3330 1560 Ancyrano,
3361 1492 3439 1545 vel
3470 1491 3648 1559 potius
3690 1506 3747 1545 se
3780 1492 3839 1543 ab
3865 1510 3913 1547 eo

701 1595 887 1652 aperte
929 1587 1111 1655 argui;
1148 1585 1509 1651 suspicionem
1544 1584 1893 1648 immeritam,
1937 1598 2004 1637 ne
2042 1581 2215 1637 dicam
2264 1582 2610 1639 falsissimam
2656 1587 3115 1653 criminationem,
3150 1588 3305 1658 longe
3349 1592 3414 1645 ab
3464 1608 3519 1645 se
3559 1599 3817 1651 removet.
3848 1593 3913 1643 his

699 1683 879 1738 verbis
901 1699 916 1737 :
941 1684 1015 1737 Οὐ
1047 1683 1156 1756 γὰρ
1179 1681 1242 1755 δὴ
1265 1684 1375 1745 τοῖς
1388 1681 1791 1753 γεγραμμένοις
1824 1681 1911 1749 ὑφ’
1943 1681 1975 1749 ἡ
1984 1678 2099 1746 μῶν
2129 1677 2262 1751 πρὸς
2276 1680 2401 1743 τοὺς
2418 1678 2669 1748 ἀνόμοιον
2692 1682 2811 1734 κατ’
2828 1680 3009 1733 οὐσίαν
3026 1682 3401 1752 τολμήσαντας
3416 1688 3583 1737 εἰπεῖν
3602 1684 3698 1737 τὸν
3713 1685 3914 1736 Υξὸνκαὶ

699 1776 833 1829 Θεὸν
864 1775 940 1846 τῷ
966 1775 1086 1846 Θεῷ
1118 1776 1212 1829 καὶ
1239 1774 1436 1845 Πατρὶ,
1458 1772 1492 1843 ἢ
1516 1770 1652 1843 πρὸς
1684 1771 1811 1833 τοὺς
1839 1769 2045 1847 κτίᾳμα
2078 1768 2172 1821 καλ¹
2202 1769 2415 1840 ποίημα
2445 1765 2588 1822 εἶναι
2619 1772 2679 1825 τὸ
2708 1771 2930 1843 Πνεῦμα
2955 1773 3014 1825 τὸ
3060 1774 3214 1843 ἅγιον
3258 1773 3773 1847 βλασφημήσαντας,
3810 1777 3914 1829 τοὺς

698 1888 800 1940 την
825 1868 892 1923 ἂν
914 1844 1237 1937 -ὲπενεγκεῑν
1398 1867 1666 1937 λοιδορίαν
1703 1844 1956 1934 ὴνέσχουξ
1991 1864 2019 1915 ὁ
2053 1864 2177 1925 τοὺς
2218 1865 2483 1934 μεγάλους
2510 1864 2703 1928 ἄθλους
2734 1868 2973 1932 ἐκείνους
3002 1870 3094 1921 καὶ
3118 1844 3636 1944 περιϐοήτουςὺξτὲρ
3672 1876 3769 1944 τῆς
3789 1873 3913 1944 ὀρθο-

698 1966 876 2033 δοξίσς
900 1962 1210 2031 διενεγκών.
1252 1961 1376 2017 Non
1404 1962 1539 2017 enim
1576 1961 1637 2013 ob
1668 1973 1727 2011 ea
1757 1972 1873 2026 qua:
1902 1974 1933 2009 a
1968 1958 2116 2011 nobis
2145 1960 2339 2028 scripta
2374 1970 2491 2012 sunt
2527 1960 2774 2015 adversus
2807 1978 2894 2015 eos
2932 1966 3020 2032 qui
3054 1962 3249 2016 Filium
3280 1977 3329 2020 et
3366 1966 3527 2020 Deum
3558 1968 3667 2021 Deo
3704 1980 3751 2022 et
3784 1970 3910 2023 Patn'

696 2067 980 2119 secundum
1014 2054 1361 2119 subsiantiam
1401 2056 1713 2127 ianualem
1755 2055 1924 2111 dicere
1968 2058 2085 2110 ausi
2128 2066 2271 2122 sunt,
2306 2064 2399 2109 aut
2437 2058 2685 2113 adversus
2736 2074 2823 2113 eos
2852 2062 2942 2131 qui
2977 2057 3230 2128 Spiritum
3273 2072 3505 2114 sanctum
3553 2074 3840 2118 creaturam
3875 2074 3910 2116 el

698 2157 963 2224 opiﬁcium
1000 2173 1112 2211 esse
1147 2155 1439 2221 blaspheme
1470 2169 1558 2207 ore
1592 2156 1905 2218 docuerunt,
1937 2156 2253 2206 calumniam
2305 2155 2461 2207 istam
2506 2154 2703 2223 inferre
2748 2154 3015 2220 voluisses,
3046 2166 3101 2208 tu
3131 2156 3221 2226 qui
3258 2172 3445 2225 magna
3483 2158 3575 2212 illa
3614 2176 3681 2211 ac
3716 2159 3910 2211 celebria

700 2252 986 2305 certamina
1010 2268 1106 2320 pro
1134 2261 1275 2305 recta
1300 2252 1407 2320 ﬁde
1432 2248 1719 2317 pertulisti.
1756 2249 1963 2313 Quibus
1995 2246 2199 2312 verbis,
2233 2256 2293 2302 ut
2325 2249 2453 2302 mihi
2486 2251 2703 2318 quidem
2734 2252 2967 2316 videtur,
2994 2249 3222 2307 Basilius
3247 2249 3358 2321 (47)
3393 2265 3487 2308 eos
3514 2266 3649 2320 quos
3680 2253 3911 2303 adversus

699 2342 1019 2395 l-Lunouiium
1055 2342 1347 2409 scripserat
1374 2341 1544 2395 libros
1577 2347 1685 2393 tam
1716 2338 1863 2394 clare
1891 2337 2156 2409 designat,
2186 2347 2244 2393 ut
2272 2339 2416 2409 ipsos
2454 2349 2662 2393 tantum
2693 2354 2799 2394 non
2833 2342 3115 2397 nominare
3144 2344 3409 2398 videatur.

765 2437 821 2493 2.
861 2438 1089 2493 Causam
1138 2444 1316 2491 autem
1359 2451 1456 2492 cur
1496 2436 1665 2493 libros
1707 2435 1828 2493 illos
1857 2436 2223 2505 composuerit
2254 2435 2508 2501 Basilius,
2531 2449 2654 2490 cum
2683 2449 2841 2490 nemo
2873 2435 3069 2494 melius
3112 2439 3323 2493 noverit
3357 2450 3513 2507 quam
3548 2432 3683 2501 ipse,
3720 2446 3832 2486 eum
3861 2444 3909 2484 ea

698 2534 769 2585 de
802 2546 859 2585 re
894 2530 1199 2601 loquentem
1231 2529 1420 2584 audire
1457 2539 1695 2599 praestat.
1738 2529 1912 2584 Verba
1962 2528 2131 2598 igitur
2162 2528 2303 2583 illius
2349 2528 2462 2584 haec
2505 2536 2631 2585 sunt
2674 2543 2823 2583 num.
2861 2526 2897 2580 2
2928 2544 2942 2581 :
2980 2526 3085 2581 Sed
3110 2528 3249 2598 jam,
3283 2532 3475 2598 inquit,
3502 2526 3569 2579 ad
3608 2526 3908 2591 urguendum

696 2624 969 2689 accedam,
997 2638 1064 2675 ea:
1104 2624 1219 2687 ipsa
1262 2622 1601 2688 inscriptione
1649 2637 1858 2673 sumens
1900 2620 2200 2674 exordium.
2237 2619 2451 2673 Primus
2502 2620 2641 2674 enim
2685 2622 2916 2674 omnium
2956 2618 3130 2683 dolus,
3167 2619 3249 2671 hic
3295 2616 3383 2668 ille
3422 2611 3817 2683 ei_ea:cogitatus
3851 2617 3909 2660 est

698 2716 906 2768 dicendi
938 2715 1145 2775 modus,
1179 2721 1236 2765 ut
1266 2714 1321 2766 in
1354 2712 1572 2782 speciem
1612 2709 1869 2779 apologim
1914 2724 1977 2760 ac
2020 2709 2339 2777 defensionis
2382 2710 2675 2763 doctrinam
2716 2728 2869 2764 suam
2899 2708 3262 2779 composuerit,
3290 2722 3352 2760 ne
3380 2706 3515 2760 velut
3550 2717 3817 2773 aggressor
3845 2698 3909 2751 ri-

698 2811 886 2861 deatur
911 2808 1157 2878 dogmata
1188 2807 1348 2874 impia
1379 2821 1657 2875 exponere,
1690 2805 1778 2858 sed
1809 2814 2018 2857 coactus
2059 2804 2127 2856 ad
2170 2804 2264 2856 hos
2296 2820 2559 2857 sermones
2600 2806 2887 2861 devenisse.
2926 2805 3175 2876 Cupiebat
3212 2800 3418 2872 quidem
3452 2798 3589 2851 omni
3628 2795 3779 2847 modo
3807 2809 3909 2860 pra-

700 2916 817 2953 eum
845 2899 975 2952 illud
1008 2916 1070 2952 ae
1098 2900 1320 2968 impium
1353 2899 1541 2968 dogma
1568 2895 1943 2966 promulgare;
1975 2906 2022 2949 et
2055 2912 2209 2965 quam
2258 2895 2380 2948 olim
2427 2908 2730 2958 conceperat
2772 2914 2835 2950 ac
2878 2908 3149 2967 pepererat
3187 2893 3576 2961 blasphemiam,
3611 2888 3835 2958 proferre
3867 2886 3909 2935 in

699 2992 925 3043 medium
958 3007 977 3044 :
1008 2992 1097 3044 sed
1136 2990 1337 3043 uidebat
1370 2990 1505 3057 fore,
1537 3000 1589 3039 ut
1628 2991 1671 3041 si
1710 3000 1886 3057 aperte
1920 2988 2149 3040 doctoris
2180 2985 2349 3038 locum
2388 2986 2655 3052 arriperet,
2682 2998 3025 3057 pr'telerquam
3056 2989 3195 3053 quod
3223 2989 3277 3038 id
3304 3002 3459 3054 graue
3488 2985 3765 3034 admodum
3801 2988 3908 3031 esset

700 3102 764 3138 ac
793 3086 1067 3140 molestum
1100 3085 1456 3147 audientibus,
1479 3092 1731 3153 pra'terea
1757 3100 1811 3135 se
1842 3085 1995 3135 etiam
2038 3082 2140 3149 ﬁde
2166 3081 2439 3149 indignum
2475 3096 2538 3133 ac
2576 3094 2870 3148 suspectum
2903 3084 3042 3151 apud
3080 3082 3351 3154 plerosque
3386 3081 3641 3141 redderet,
3666 3077 3755 3145 qui
3784 3076 3908 3127 ride-

698 3187 815 3239 licet
848 3188 1031 3257 glorise
1061 3188 1349 3255 cupiditate
1379 3200 1654 3254 aggressus
1689 3194 1818 3238 esset
1868 3184 2137 3238 inuocare.
2174 3182 2272 3238 Sin
2312 3194 2484 3237 autem
2519 3184 2767 3240 simulata
2808 3187 3047 3258 apologis
3078 3183 3230 3240 verba
3265 3178 3477 3248 faceret,
3507 3182 3552 3225 et
3588 3167 3907 3221 innorationis

698 3293 753 3330 se
780 3279 1126 3346 suspicionem
1170 3294 1441 3334 erasurum
1485 3276 1726 3349 putabat,
1758 3292 1803 3335 et
1843 3280 1941 3333 hoc
1976 3292 2131 3352 pacto
2173 3282 2443 3336 auditores
2490 3284 2657 3352 magis
2712 3284 3046 3347 allecturum,
3077 3299 3193 3336 cum
3235 3278 3435 3332 soleant
3483 3268 3713 3323 homines
3754 3276 3907 3317 amnt!

700 3378 885 3435 suapte
918 3380 1109 3425 natura
1143 3372 1397 3427 lacessitis
1423 3373 1617 3442 facere.
1658 3372 1820 3428 Plura
1852 3373 1942 3443 qui
1990 3373 2154 3439 volet,
2188 3387 2468 3428 numerum
2517 3375 2810 3427 secundum
2846 3390 2950 3443 quo
2979 3373 3209 3429 Basilius
3240 3366 3436 3424 malam
3468 3356 3716 3416 Funomii
3754 3362 3906 3408 artem

705 3462 821 3512 tuse
846 3463 1105 3531 exagitat,
1138 3463 1315 3530 legere
1338 3465 1556 3531 poterit.

769 3548 822 3602 5.
864 3549 940 3603 De
969 3562 1208 3621 tempore
1238 3562 1417 3607 autem
1455 3568 1561 3623 quo
1591 3554 1663 3607 illi
1694 3554 1816 3608 libri
1847 3555 2139 3624 conscripti
2167 3555 2275 3610 sint
2301 3570 2330 3609 a
2368 3554 2585 3621 Basilio,
2620 3555 2753 3611 nihil
2788 3556 2931 3612 aliud
2961 3556 3139 3613 dicere
3168 3557 3449 3620 habemus,
3480 3552 3579 3606 nisi
3618 3546 3758 3619 quod
3791 3558 3904 3599 con-

700 3638 873 3697 iectos
900 3657 1025 3698 esse
1049 3659 1141 3699 eos
1169 3644 1237 3698 ab
1263 3645 1380 3714 ipso
1407 3654 1621 3701 constet
1648 3656 1773 3700 ante
1797 3646 2189 3716 episcopatum,
2226 3646 2269 3701 si
2297 3647 2455 3703 modo
2480 3646 2672 3704 PhOtio
2694 3650 2914 3704 credere
2938 3649 3185 3702 velimus.
3218 3648 3401 3703 llefert
3432 3647 3573 3701 enim
3603 3638 3907 3711 olympiades

701 3732 898 3789 inultas
922 3734 1271 3805 insumpsisse
1297 3736 1615 3793 Eunomium
1650 3736 1701 3790 in
1734 3737 1801 3792 iis
1825 3736 2191 3805 conlutandis,
2215 3736 2469 3808 illamque
2490 3752 2641 3793 suam
2672 3740 3081 3809 responsionem
3119 3741 3300 3793 statim
3334 3748 3453 3807 post
3482 3735 3660 3789 Basilii
3698 3738 3904 3785 mortem

696 3832 1087 3904 promulgasse.
1121 3831 1244 3889 Haec
1284 3845 1463 3890 autem
1516 3849 1852 3905 nequaquam
1891 3835 2007 3890 ﬁeri
2056 3836 2379 3907 potuissent,
2410 3834 2512 3890 nisi
2560 3852 2694 3908 opus
2736 3851 2891 3892 suum
2930 3835 3162 3892 Basilius
3199 3836 3249 3889 in
3291 3836 3464 3889 lucem
3497 3831 3753 3887 edidisset
3796 3833 3903 3878 ante

699 3928 1061 3998 episcopatum
1093 3945 1108 3981 :
1140 3942 1299 3998 quem
1328 3932 1510 3989 multis
1542 3933 1937 4004 olympiadibus
1963 3932 2270 3989 breviorem
2312 3931 2478 3989 fuisse
2509 3946 2698 3988 omnes
2733 3931 3075 3986 conlltentur.
3110 3927 3333 3985 Accedit
3376 3926 3559 3989 etiam,
3587 3922 3727 3991 quod
3770 3919 3900 3973 Basi-

701 4023 821 4084 lius.
852 4031 910 4076 ut
943 4037 1007 4077 ex
1042 4022 1196 4079 iultio
1224 4024 1346 4080 libri
1379 4028 1537 4094 primi
1574 4039 1739 4099 patet,
1772 4029 2035 4085 nihildum
2083 4029 2379 4099 scripserat
2418 4029 2680 4084 adversus
2714 4025 2997 4082 haereticos
3028 4035 3160 4090 tum,
3196 4039 3319 4079 cum
3352 4022 3697 4077 Eunomianze
3730 4013 3903 4071 haeresi

699 4114 1042 4185 profliganda:
1071 4130 1291 4185 operam
1336 4121 1575 4175 nas-avit.
1609 4122 1761 4189 Quod
1791 4132 2112 4195 argumento
2146 4131 2251 4191 est,
2279 4138 2426 4190 eum,
2456 4138 2579 4178 cum
2626 4130 2771 4176 esset
2799 4121 3004 4189 junior,
3032 4120 3132 4174 hoc
3166 4119 3343 4189 operis
3392 4117 3709 4187 suscepisse.
3746 4113 3901 4178 Quan-

697 4224 859 4279 quam
901 4216 1106 4275 autem,
1140 4220 1196 4265 ut
1244 4212 1359 4282 ipse
1410 4214 1504 4279 ait,
1533 4213 1589 4269 in
1632 4216 1737 4271 hoe
1780 4216 2050 4271 scribendi
2090 4231 2288 4287 genere
2320 4217 2710 4272 inexercitatus
2739 4223 2881 4280 erat,
2909 4228 2975 4269 eo
3008 4223 3182 4269 tamen
3213 4231 3465 4271 successu
3495 4231 3604 4270 rem
3635 4215 3813 4285 gessit,
3837 4221 3900 4271 nl.

700 4306 803 4361 nisi
851 4306 1267 4363 inexercitatum
1306 4323 1366 4365 se
1410 4312 1735 4378 monuisset,
1777 4312 2288 4368 exercitatissimum
2344 4329 2466 4369 eum
2517 4313 2569 4367 in
2628 4311 2962 4367 debellandis
3012 4310 3279 4367 haereticis
3325 4321 3486 4382 atque
3529 4308 3901 4380 paratissimum

698 4398 864 4454 fuisse
918 4399 1089 4454 dicas.
1133 4398 1278 4455 Nihil
1303 4400 1466 4468 [enim
1518 4414 1681 4470 opere
1720 4400 1902 4455 Basilii
1950 4401 2202 4471 solidius,
2240 4402 2377 4457 nihil
2426 4402 2744 4468 absolutius,
2779 4400 2912 4456 nihil
2957 4401 3129 4471 magis
3178 4400 3428 4456 idoneum
3477 4402 3543 4455 ad
3592 4400 3901 4454 divinitatem

702 4492 864 4548 Verbi
902 4504 958 4550 et
1000 4494 1235 4565 Spiritus
1278 4497 1473 4562 sancti,
1507 4511 1668 4565 quam
1701 4496 2000 4552 Eunomius
2048 4497 2421 4568 impugnabat,
2457 4497 2936 4568 comprobandam.
2971 4494 3086 4566 Ipsa
3126 4493 3376 4550 Eunomii
3404 4495 3585 4559 verba,
3617 4508 3722 4563 quo
3753 4487 3902 4556 magis

697 4586 817 4656 eius
849 4603 1065 4644 errores
1112 4590 1535 4658 inualescerent,
1572 4588 1853 4647 referenda
1901 4605 2021 4647 esse
2070 4593 2282 4647 censuit
2323 4590 2486 4647 Pater
2519 4592 2909 4662 gravissimus;
2960 4600 3124 4661 atque
3175 4590 3278 4646 hoc
3330 4601 3489 4660 pacto
3541 4589 3653 4656 ejus
3700 4588 3899 4641 audacia

700 4684 1087 4755 temeritasque
1131 4685 1206 4739 ita
1248 4701 1491 4756 repressa
1528 4695 1633 4752 est,
1666 4696 1724 4741 ut
1754 4687 2160 4757 responsionem
2197 4702 2374 4754 suam,
2402 4688 2575 4757 quoad
2608 4685 2837 4741 Basilius
2867 4685 3022 4749 vixit,
3056 4683 3334 4754 publicare
3363 4699 3526 4739 ausus
3556 4699 3657 4738 non
3690 4684 3779 4738 sit.
3811 4680 3898 4735 Sed

696 4775 878 4835 statim
921 4784 1084 4847 atque
1128 4787 1373 4835 mortuus
1414 4788 1497 4835 est
1540 4780 1622 4835 vir
1663 4780 2066 4845 sanctissimus,
2115 4780 2314 4851 impius
2360 4781 2450 4836 ille
2493 4794 2627 4849 quos
2657 4779 2744 4834 diu
2781 4786 3174 4849 praeparaverat
3206 4777 3371 4833 libros
3403 4779 3454 4832 in
3490 4777 3659 4832 lucem
3687 4775 3897 4831 edendos

698 4873 943 4928 curavit.
962 4871 1248 4942 Sperabat,
1283 4872 1389 4929 nisi
1428 4878 1583 4930 valde
1614 4874 1797 4943 fallor,
1829 4892 1935 4931 non
1983 4888 2252 4947 repertum
2286 4877 2348 4931 iri
2378 4876 2467 4946 qui
2512 4875 2708 4931 mortui
2743 4873 3106 4929 defensionem
3157 4872 3457 4942 susciperet
3489 4890 3504 4926 :
3537 4874 3629 4926 sed
3666 4885 3763 4923 sua
3792 4882 3895 4921 eum

695 4984 823 5038 spes
860 4968 1067 5025 fefellit.
1107 4968 1242 5025 Nam
1293 4980 1490 5041 praeter
1539 4971 1859 5041 Gregorium
1908 4970 2233 5044 Nysscnum,
2264 4972 2419 5042 cujus
2465 4972 2757 5026 etiamnum
2809 4978 3023 5025 exstant
3070 4967 3212 5035 libri,
3244 4968 3558 5025 Theodorus
3591 4968 3896 5037 Mopsueste-

694 5065 944 5136 nusle)
975 5075 1136 5135 atque
1183 5064 1517 5135 Sophronius
1563 5065 1745 5122 Basilii
1777 5067 1913 5141 (49),
1952 5078 2067 5136 aut,
2097 5080 2157 5124 ut
2208 5069 2398 5124 melius
2443 5069 2643 5131 dicam,
2677 5064 2836 5123 Verbi
2886 5065 3055 5135 ipsius
3101 5074 3157 5119 et
3205 5063 3437 5132 Spiritus
3484 5064 3651 5118 sancti
3699 5075 3894 5117 causam

695 5160 870 5228 egisse
902 5167 1289 5214 memorantur.

766 5255 820 5307 4.
864 5252 1143 5308 Traditum
1184 5254 1400 5324 quidem
1449 5263 1534 5311 est
1574 5256 1642 5312 ab
1691 5257 1928 5327 antiquis
1976 5258 2182 5330 aliquot
2214 5260 2266 5313 in
2306 5257 2621 5313 Euuomium
2669 5254 2839 5311 libros
2882 5269 2911 5309 a
2960 5252 3158 5309 Basilio
3205 5253 3540 5321 conscriptos
3580 5247 3893 5306 fuisse:st

698 5352 831 5415 quot
853 5346 1245 5413 composuerit,
1278 5356 1389 5401 tres
1418 5363 1485 5401 an
1514 5350 1771 5420 quinque,
1802 5364 1868 5405 ex
1902 5351 2105 5407 eisdem
2140 5361 2287 5407 certo
2319 5350 2567 5421 cognosci
2598 5364 2704 5402 non
2738 5356 2934 5417 potest.
2966 5344 3117 5412 Quod
3145 5344 3188 5400 si
3226 5344 3655 5417 206|ibrorum
3703 5339 3895 5411 γνηςιό-

767 5528 878 5602 (4ο)
910 5528 969 5602 ν.
995 5528 1091 5591 ill.,
1118 5544 1165 5583 c.
1197 5530 1317 5584 ηδ.

2436 5532 2543 5602 (45)
2576 5531 2741 5585 Conc.
2777 5542 2902 5585 tom.
2934 5528 3001 5598 γ,
3032 5547 3150 5602 pag.
3187 5527 3310 5583 697.
3354 5595 3447 5602 Au
3514 5593 3612 5602 Μ-
3769 5589 3823 5602 ω

767 5534 878 5599 (40)
910 5534 969 5583 ν.
995 5534 1091 5591 ill.,
1118 5544 1165 5583 c.
1197 5534 1317 5584 tt6.
2457 5534 2523 5586 ts
2576 5534 2741 5585 Conc.
2777 5542 2902 5585 tom.
2935 5534 3001 5598 v,
3032 5547 3150 5602 pag.
3187 5534 3310 5583 697.
3804 5589 3824 5599 _

765 5600 875 5680 (ﬂ)
910 5601 1141 5680 9mg},
1176 5602 1410 5680 pag;l8.
2434 5534 2544 5680 illi;
2576 5602 2726 5680 Eunt.
2761 5602 2882 5680 cod.
2918 5615 3135 5680 οεξχιι,
3172 5614 3290 5671 pag.
3350 5595 3473 5664 820,
3512 5593 3614 5650 825
3660 5601 3714 5647 et
3766 5586 3873 5647 8:8.

766 5671 875 5739 (42)
913 5668 1048 5741 Dial.
1078 5668 1132 5731 2,
1162 5668 1212 5737 p.
1238 5672 1323 5726 97.

2435 5668 2544 5741 (47)
2577 5668 2745 5741 Epist.
2786 5671 2910 5725 olim
2943 5670 3031 5727 5'5.

764 5742 875 5813 (ᾼδι
901 5739 1065 5813 ρους.
1104 5748 1231 5813 lout.
1266 5742 1353 5805 IV,
1375 5758 1500 5813 pag.
1534 5744 1657 5802 828.
2434 5739 2543 5813 (48)
2576 5740 2754 5813 [Ἶιοίη
2790 5755 2840 5794 c.
2877 5755 2951 5806 ιν,
2986 5755 3105 5813 pag.
3134 5740 3187 5794 6.

766 5758 875 5804 tam
901 5758 1065 5793 μους.
1104 5758 1230 5793 ιοιη.
1266 5758 1353 5805 Iv,
1418 5760 1500 5813 ag.
1534 5758 1657 5802 518.

766 5812 875 5879 (ii)
910 5809 1077 5865 Leon.
1111 5815 1161 5863 iu
1190 5810 1251 5864 N.
1290 5822 1338 5866 et
1373 5758 1435 5872 ἓ.

2458 5758 2543 5807 an)
2578 5758 2754 5804 rnon,
2790 5758 2840 5794 c.
2877 5758 2951 5806 tv,
2986 5758 3105 5813 pag.
3134 5758 3187 5794 υ.

2434 5758 2544 5879 (19)
2578 5810 2756 5877 Pbot.,
2797 5828 2844 5866 c.
2875 5824 2929 5877 γ,
2952 5826 3070 5882 pag.
3114 5814 3145 5869 8
3173 5821 3226 5867 el
3258 5811 3310 5865 9.
