4058 6320
100 376 225 430 ἇῦτ
1257 374 1620 434 ADVERSUS
1653 376 2013 435 EUNOMIUM
2051 377 2175 432 LIB.
2210 377 2249 434 l.
3247 378 3349 433 498

109 488 216 538 της
255 479 347 524 aut
375 470 553 524 νοθεῐα
586 486 649 525 ex
684 470 1025 526 multitudine
1074 478 1165 525 aut
1211 484 1276 523 ex
1322 472 1591 539 paucitate
1623 474 1841 529 testium
1872 475 2151 543 penderet,
2179 471 2564 528 controversia:
2590 473 2734 527 omni
2768 475 2925 529 linem
2972 475 3247 544 imponere
3275 474 3353 526 fa-

107 567 387 619 rillimum
421 579 583 623 esset.
616 566 748 622 Cum
788 566 931 622 enim
964 584 1069 621 non
1106 564 1334 636 amplius
1376 576 1485 621 tres
1516 577 1607 623 aut
1633 577 1864 639 quatuor
1906 568 2181 622 numerari
2214 568 2370 638 vulgo
2398 567 2627 633 soleant,
2656 567 2745 635 qui
2786 569 2920 621 duos
2964 569 3129 625 libros
3172 575 3351 638 poste-

106 664 303 717 riores
335 679 429 734 pro
461 664 610 717 falsis
644 661 930 719 habuerint
964 670 1189 719 :contra
1218 660 1527 717 innumeros
1551 678 1612 719 ac
1639 663 2019 719 celeberrimos
2044 662 2188 717 viros
2216 666 2538 732 eosdemque
2580 661 2923 716 doctissimos
2970 665 3225 731 reperias,
3260 663 3352 734 qui

107 757 261 810 duos
290 756 615 824 posteriores
643 752 806 810 libros
836 754 1057 824 perinde
1086 762 1144 807 ut
1176 761 1284 809 tres
1326 753 1534 823 priores
1575 752 1769 810 Basilio
1808 752 2000 823 Magno
2044 752 2342 808 aseribant.
2376 753 2533 818 Nam,
2568 761 2623 806 ut
2673 751 2887 807 interim
2931 751 2997 806 de
3036 754 3352 820 antiquiori-

107 845 221 897 bus
256 842 613 914 scriptoribus
652 851 874 908 taceam,
910 841 1282 907 Bellariuinus,
1310 842 1511 897 Fronto
1542 842 1784 907 Ducazus,
1818 842 2141 898 Fraueiscus
2178 842 2555 908 Combellsius,
2587 842 2981 907 Tillemontius,
3014 841 3157 895 Elias
3190 843 3352 910 Dupi-

108 955 223 994 nus
272 949 330 993 et
360 937 447 991 alii
484 938 727 1005 permulti
758 936 1008 991 Basilium
1056 938 1245 993 horum
1291 938 1528 1005 quinque
1569 936 1622 989 in
1666 936 1988 990 Eunomium
2036 937 2295 991 librorum
2333 944 2604 990 auctorem
2634 935 2862 991 faciunt.
2895 933 2963 988 Et
2993 933 3135 1002 quod
3179 932 3356 1003 majus

108 1041 227 1094 est,
266 1030 346 1084 illi
389 1028 625 1101 quinque
672 1029 793 1082 libri
839 1027 895 1081 in
927 1030 1152 1084 concilio
1181 1027 1492 1083 Florentino
1537 1039 1593 1083 ut
1637 1046 1666 1084 a
1713 1028 1939 1093 Latinis,
1973 1028 2046 1082 ita
2073 1044 2101 1081 a
2130 1027 2334 1085 Grzecis
2374 1027 2558 1083 Basilii
2606 1031 2822 1085 nomine
2860 1027 3063 1099 pariter
3100 1026 3354 1080 citantur.

112 1120 400 1187 Quoniam
434 1130 609 1177 tamen
638 1120 897 1188 ejusmodi
925 1120 1248 1191 quaestiones
1291 1133 1357 1173 ex
1400 1120 1689 1175 tutioribus
1716 1119 1993 1188 principiis
2027 1116 2308 1187 diiudicari
2338 1121 2550 1182 debent,
2579 1133 2666 1175 res
2709 1134 2921 1189 semper
2954 1119 3007 1173 iu
3039 1127 3358 1174 controver-

111 1217 197 1268 sia
232 1217 563 1280 versabitur,
593 1216 761 1270 donec
788 1215 987 1286 aliquid
1019 1214 1220 1270 certius
1251 1215 1318 1270 ad
1348 1230 1563 1271 omnem
1608 1215 1995 1271 dubitationem
2027 1214 2320 1270 tollendam
2367 1211 2646 1269 aﬂ‘eratur.
2678 1211 2777 1268 llic
2810 1221 2953 1268 esset
2990 1227 3052 1267 ea
3079 1214 3145 1266 de
3185 1226 3245 1266 re
3282 1210 3361 1264 lo-

112 1312 333 1379 quendi
367 1312 497 1367 satis
535 1312 760 1368 idoneus
806 1312 986 1381 locus;
1023 1313 1115 1367 sed
1148 1322 1323 1369 tamen
1369 1313 1470 1369 hoc
1517 1321 1920 1382 argumentum,
1950 1323 2009 1367 ut
2037 1316 2213 1380 decet,
2245 1320 2481 1367 tractare
2508 1326 2631 1367 cum
2678 1310 2936 1382 longioris
2967 1309 3037 1365 sit
3074 1322 3270 1377 operae,
3306 1306 3358 1361 id

115 1405 476 1459 commodius
503 1405 669 1459 multo
698 1405 750 1461 in
776 1406 1095 1462 Praelatione
1126 1406 1363 1463 facturos
1403 1422 1501 1462 nos
1544 1405 1894 1463 credidimus.
1928 1405 2115 1477 Neque
2157 1416 2360 1471 tamen,
2393 1404 2607 1474 opinor,
2636 1404 2902 1458 videbitur
2936 1402 3186 1463 alienum,
3219 1412 3357 1470 prte-

116 1500 324 1567 eipuas
352 1501 483 1557 duas
512 1516 722 1569 causas,
757 1520 854 1559 cur
893 1504 1217 1572 posteriores
1245 1503 1350 1558 duo
1378 1504 1500 1559 libri
1533 1503 1765 1575 suspecti
1799 1503 1929 1567 sint,
1960 1502 2061 1557 hoc
2083 1500 2200 1556 loco
2231 1501 2283 1554 in
2312 1502 2543 1557 medium
2567 1498 2828 1571 proferre.
2844 1498 3021 1553 I'rima
3056 1498 3216 1569 igitur
3244 1496 3361 1552 haec

124 1607 239 1662 νει,
275 1597 423 1665 quod
469 1598 775 1667 scriptionis
807 1614 973 1669 genus
1012 1608 1118 1654 tam
1166 1608 1350 1667 aperte
1381 1600 1650 1653 diversum
1687 1601 1779 1664 sit,
1811 1608 1868 1653 ut
1896 1600 1962 1653 de
1999 1598 2101 1654 hoc
2134 1598 2277 1653 inter
2307 1599 2588 1667 utriusque
2617 1595 2887 1666 opinionis
2920 1605 3175 1663 patronos
3202 1592 3363 1661 plane

118 1690 426 1744 conveniat
461 1708 474 1745 :
512 1690 703 1760 altera,
733 1692 873 1761 quod
927 1693 1251 1761 posteriores
1293 1692 1425 1747 duos
1472 1692 1639 1747 libros
1682 1692 1735 1745 in
1781 1691 1949 1747 veteri
1981 1692 2216 1747 editione
2248 1688 2452 1745 Veneta
2501 1699 2555 1743 et
2603 1693 2655 1744 in
2704 1687 2973 1760 aliquibus
3017 1702 3144 1740 mss.
3177 1686 3365 1743 deesse

118 1794 371 1837 constet.
417 1784 488 1838 De
519 1784 622 1850 his,
650 1793 706 1837 ut
741 1782 868 1846 dixi,
912 1784 1128 1839 uberius
1158 1783 1211 1838 in
1242 1782 1561 1837 Praelatione
1591 1783 1917 1853 disputatur,
1951 1781 2012 1855 ξς
2051 1782 2120 1837 XI
2150 1794 2203 1839 et
2231 1784 2348 1839 Xll.

199 1880 258 1932 5.
314 1879 585 1934 Hactenus
617 1880 682 1934 de
708 1877 893 1934 Basilii
937 1878 1094 1934 libris
1126 1898 1139 1935 :
1168 1892 1310 1935 nunc
1351 1893 1516 1947 pauca
1567 1879 1633 1933 de
1670 1894 1830 1950 Opere
1861 1878 2133 1935 Ennomii.
2179 1879 2415 1948 Contigit
2449 1888 2625 1934 autem
2671 1893 2776 1933 non
2826 1878 3115 1939 immerito,
3150 1884 3207 1931 ut
3248 1875 3368 1929 luce

123 1972 392 2040 indignus
427 1972 632 2027 libellus
660 1972 747 2026 diu
778 1972 830 2027 in
857 1971 1093 2029 tenebris
1120 1970 1341 2027 latuerit
1378 1989 1391 2025 :
1423 1972 1515 2027 sed
1561 1973 1775 2028 tandem
1825 1971 2102 2041 inopinato
2141 1974 2381 2029 emersit.
2416 1970 2548 2024 Nam
2582 1972 2666 2025 vir
2694 1970 3093 2025 eruditissimus
3126 1968 3364 2024 Joannes

122 2066 392 2119 Albertus
423 2062 717 2128 Fabricius,
750 2080 870 2121 eum
910 2065 1173 2135 ejusmodi
1205 2064 1517 2133 opusculum
1550 2066 1615 2117 ad
1645 2066 1904 2134 quosdam
1937 2064 2121 2120 Basilii
2159 2064 2306 2119 locos
2347 2061 2715 2129 explanaudos
2743 2060 2873 2114 utile
2907 2062 3022 2114 fore
3047 2060 3364 2126 judieasset,

124 2160 178 2212 id
211 2159 488 2213 edendum
520 2159 724 2214 duobus
754 2158 947 2214 abhinc
977 2159 1133 2213 annis
1162 2157 1370 2211 curavit
1401 2157 1536 2227 (50).
1564 2155 1672 2211 Nos
1714 2156 1896 2225 igitur,
1925 2158 2026 2212 viri
2048 2156 2347 2212 doctissimi
2373 2152 2642 2223 exemplo,
2671 2153 2775 2207 hoc
2808 2151 2946 2206 idem
2983 2152 3034 2204 in
3065 2150 3371 2222 Appendiee

128 2263 331 2303 rursus
366 2250 505 2319 typis
536 2250 791 2305 mandare
818 2249 1124 2314 statuimus,
1155 2263 1243 2312 ne,
1271 2248 1315 2302 si
1348 2262 1503 2302 secus
1532 2246 1814 2310 faciamus,
1851 2248 2048 2315 aliquid
2079 2248 2133 2301 in
2164 2258 2346 2303 nostra
2372 2247 2606 2303 editione
2632 2244 2821 2301 deesse
2845 2242 3112 2297 videatur.

198 2361 321 2434 (50)
347 2364 403 2419 In
429 2362 749 2421 Bibliotheca
779 2364 986 2434 erca,
1014 2374 1145 2423 tom.
1175 2362 1311 2432 VIII,
1334 2378 1460 2436 pag.
1490 2364 1616 2431 262,
1652 2363 1739 2421 ed.
1771 2363 1891 2421 Vel.
1920 2361 2078 2419 EDl'l'.

768 2763 1017 2851 ΤΟΥ
1084 2765 1235 2854 ΕΝ
1321 2761 1748 2853 ΑΓΙΟΙΣ
1816 2757 2314 2849 ΠΑΤΡΟΣ

1147 2765 1235 2851 EN
1321 2761 1748 2853 ΑΓΙΟΙΣ
1816 2757 2314 2849 ΠΑΤΡΟΣ
2389 2756 2749 2845 ΗΜΩΝ

1353 2968 2167 3091 ΒΑΣΙΛΕΙοΥ

1005 3188 1563 3243 ΔΡΧΙΕΠῘΣΚΟΠΟΥ
1598 3188 2006 3241 ΚΑΙΣΔΡΕΙΑΣ
2040 3184 2531 3240 ΚΑΠΠᾹΔΟΚΙΔΣ

1336 3351 1481 3443 ΑΝ
1487 3348 2175 3443 ΑΤΡΕΠΤΙΚΟΣ

801 3536 937 3596 ῙῸΥ
958 3535 1531 3592 ΑΠΟΛΟΓΗΤῙΚΟΥ
1570 3536 1712 3587 ΤΟΥ
1742 3536 2157 3589 ΔΥΣΣΕΒΟΥΣ
2194 3537 2580 3590 ΕΥΝΟΜΙΟΥ
2613 3534 2747 3607 (51).

1514 3697 1875 3787 ΛΟΓΟΣ
1910 3693 2021 3779 Α’.

1164 4197 1292 4326 S.
1344 4199 1478 4322 P.
1529 4199 1674 4321 Ν.
1739 4188 2375 4324 BASILII.

540 4478 1125 4571 CESAREIE
1196 4470 1963 4568 CAPPADOCIE
2034 4460 3009 4585 ARCHIEPISCOPI,

1594 4690 1973 4807 LIBRI

668 4917 967 4996 QUIBUS
1010 4916 1249 4980 IMPII
1291 4910 1667 4981 ΕΠΝΟΜΙῙ
1713 4902 2345 4973 APOLOGETICUS
2394 4897 2894 4965 EVEBTITUR.

1180 5240 1341 5313 207
1395 5226 1743 5315 LIBER
1819 5219 2304 5312 PRIMUS.

244 5389 294 5445 ι.
325 5391 387 5443 El
423 5389 524 5460 μὲν
553 5387 828 5441 ἐΰούλοντο
853 5385 1079 5451 πάντες,
1116 5382 1200 5453 ἐφ’
1224 5382 1316 5444 οὓς
1348 5380 1407 5433 τὸ
1435 5380 1600 5449 ὕνομα
1639 5376 1732 5430 τοῦ
1762 5381 1805 5437 Α

1776 5381 1805 5435 λ
1904 5376 1953 5429 1.
1996 5372 2051 5427 Si
2084 5386 2292 5437 omnes,
2324 5382 2483 5437 super
2509 5380 2641 5437 quos
2678 5377 2868 5419 nomen
2910 5362 3001 5417 Dei
3041 5375 3104 5415 ac
3138 5359 3378 5416 Salvato-

180 5481 308 5533 Θεοῦ
360 5453 457 5534 καλ
500 5480 744 5549 Σωτῆρος
779 5477 930 5549 ἡμῶν
972 5474 1139 5545 Ἰησοῦ
1170 5472 1401 5545 Χριστοῦ
1436 5471 1727 5541 ἐπικέκλη-

1835 5466 1911 5521 ris
1943 5463 2109 5517 nostri
2143 5460 2268 5516 Jesu
2298 5458 2494 5515 Chrisd
2536 5459 2834 5511 invocatum
2872 5466 2977 5517 est,
3015 5453 3150 5508 nihil
3181 5454 3376 5508 voluis-

180 5590 285 5636 ται,
311 5573 477 5645 μηδὲν
505 5574 570 5642 τῇ
607 5545 831 5643 diluerain
857 5566 949 5621 τοῦ
979 5566 1302 5633 Εὑαγγελίου
1331 5565 1725 5635 παρεγχειρεῖν,

1834 5565 2186 5613 εθηινιθηιεπε
2217 5564 2269 5607 et
2303 5551 2511 5621 aggredi
2542 5557 2735 5620 praeter
2767 5546 3040 5619 Evangelii
3072 5545 3374 5611 veritatem,

255 5734 360 5799 (5|)
395 5733 501 5787 Τοι
545 5740 670 5785 sunt
720 5729 831 5784 fere
863 5728 1000 5782 tituli
1025 5727 1180 5790 varii,
1216 5735 1343 5799 quot
1368 5722 1599 5799 codices.
1630 5720 1723 5773 Vir
1829 5718 1979 5799 tiquo
2001 5715 2296 5799 suo.«:odice
2315 5712 2406 5768 τοῦ
2431 5712 2659 5799 ﬁrmum
2687 5710 3063 5799 ἀντξρῤηξίκδξ
3090 5709 3182 5799 τοῖς
3218 5710 3376 5799 ’A‘m-

191 5781 525 5860 doctissimus
546 5781 898 5857 Ilotitbeiisius
921 5800 1019 5855 sibi
1051 5781 1397 5865 legere'visus
1430 5803 1508 5850 est
1533 5795 1583 5847 iu
1626 5807 1719 5844 au-

1829 5781 2111 5856 λογητικοῦ
2147 5786 2236 5838 τοῦ
2268 5784 2553 5846 δυσσεΰθῦς
2596 5781 2877 5852 empto-4,
2914 5781 3213 5847 Confutatt'o
3244 5783 3375 5832 Ano-
