4084 6318
188 338 304 393 501

1283 329 1648 387 ADVERSUS
1686 332 2046 390 EUNOMIUM
2085 336 2211 393 LIB.
2254 338 2295 391 1.

3300 340 3403 396 502

187 448 294 511 λος
337 442 631 514 τετόλμηκε
674 440 889 496 πώποτε
923 441 1224 513 φιλοτιμίαν
1256 441 1362 495 τῶν
1389 442 1759 513 ἀπονειμένων

1862 448 2037 504 nullus
2069 463 2301 516 unquam
2333 447 2467 502 alius
2499 462 2656 504 ausus
2684 449 2893 514 fuisset,
2921 449 2997 504 sic
3030 452 3209 505 animo
3235 450 3404 505 elatus

186 540 318 600 τοῖς
349 533 622 588 εύσεϐἐσιν
666 533 883 603 ἀγαθῶν
925 534 1285 605 προτιμήσας,
1319 534 1409 586 ὑπ’
1436 534 1618 588 ὀδόντα
1649 535 1757 605 (59)

186 629 343 692 τέως
369 624 696 696 λαλουμένην
726 625 823 696 τὴν
855 624 1197 696 βλασφημίαν
1235 624 1443 697 ἐπήρθη
1482 625 1762 696 δημοσιεῦ-

191 737 297 772 σαι
330 718 405 789 τῷ
426 716 656 789 λαμπρῷ
678 716 848 786 τούτῳ
870 715 1222 785 συντάγματι,
1246 716 1483 786 ἀρχηγὸς
1501 716 1593 769 καὶ
1616 733 1763 786 πρω-

188 810 468 880 τοστάτης
498 809 624 879 ὅλης
665 809 923 878 αἱρέσεως
968 805 1337 877 ἀναρρηθῆναι
1386 806 1763 878 φιλοτιμούμε-

190 920 317 966 νος.
358 902 560 971 ὀνπερ
592 894 682 953 οὖν
721 900 811 951 καὶ
845 898 1083 952 εὐθύνειν
1115 898 1389 969 πρόκειται
1433 899 1561 969 ἡμῖν
1595 901 1651 953 ἐν
1686 899 1762 970 τῷ

192 992 453 1064 παρόντι.
517 990 662 1053 Ἐνὸς
703 989 759 1042 δὲ
809 989 976 1042 κακοῦ
1019 991 1076 1043 ὲν
1122 990 1447 1063 ἀμφοτέροις
1490 993 1761 1062 ὑπάρχον-

190 1099 322 1147 τος,
359 1083 534 1151 δῆλον,
574 1082 647 1144 ὡς
674 1082 732 1134 ἐν
876 1080 1088 1153 μαθητῇ
1117 1083 1192 1153 τῷ
1220 1083 1632 1154 κατηρτισμένῳ
1671 1086 1763 1137 καὶ

191 1175 228 1225 ὁ
275 1174 585 1235 διδάσκαλος
633 1173 1220 1245 συναπελεγχθήσεται,
1268 1176 1297 1227 ό
1351 1175 1419 1228 τὰ
1478 1175 1761 1246 σπέρματα

194 1264 312 1334 τῆς
340 1263 585 1325 ἀσεϐείας
614 1263 1040 1333 καταϐαλόμενος
1061 1264 1190 1336 (60)’
1223 1266 1378 1336 εἴπερ
1400 1264 1463 1336 δὴ
1481 1264 1762 1336 ὑπάρξειεν

194 1356 339 1425 ἡμῖν
369 1352 453 1405 διὰ
489 1352 594 1406 τῶν
643 1353 953 1423 προσευχῶν
991 1353 1142 1423 ὑμῶν
1172 1354 1437 1423 τοσαύτην
1464 1353 1641 1405 λαϐεῖν
1668 1353 1760 1405 τοῦ

193 1444 363 1511 λόγου
383 1442 627 1513 δύναμιν,
654 1442 792 1497 ὥστε
817 1442 957 1506 κατὰ
987 1443 1077 1497 τὸν
1099 1443 1341 1516 ζηλωτὴν
1371 1445 1550 1507 Φινεὲς
1566 1448 1626 1514 τῇ
1666 1447 1762 1516 μιᾷ

190 1534 385 1604 πληγῇ
416 1532 505 1586 τοῦ
538 1534 759 1602 ἐλέγχου
802 1533 1125 1606 ἀμφοτέρων
1158 1533 1289 1604 όμοῦ
1322 1533 1637 1586 καθικέσθαι
1653 1534 1761 1589 τῶν

191 1624 346 1677 κατὰ
377 1628 473 1695 τὴν
500 1625 776 1678 εὐσέϐειαν
806 1625 937 1697 (liO‘)
972 1624 1469 1696 συμπεπλεγμένων
1491 1625 1757 1696 ἀλλήλοις.

190 1712 381 1765 Πολλά
420 1713 594 1767 τοίνυν
618 1713 754 1785 ἔχων
783 1715 940 1767 αὑτὸν
970 1716 1026 1768 ἐν
1071 1714 1239 1784 τούτῳ
1265 1713 1531 1768 δεικνύναι
1572 1716 1646 1787 τῷ
1672 1716 1760 1769 λό-

1862 550 1963 604 est,
1997 548 2053 592 ut
2093 539 2474 607 blasphemiam
2512 540 2766 596 hactenus
2795 542 2893 595 sub
2938 543 3184 596 dentibus
3222 541 3407 595 debla-

1865 640 2088 685 teratam
2120 633 2221 687 huc
2255 647 2350 687 suo
2380 632 2654 701 splendido
2681 647 2841 701 Opere
2869 633 3129 703 evulgarit
3170 650 3181 685 :
3213 633 3407 700 quippe

1863 724 2085 779 haeresis
2130 728 2288 779 totius
2327 735 2513 779 auctor
2560 733 2723 792 atque
2769 724 3093 779 architectus
3127 724 3406 793 prmdicari

1828 812 2116 867 ‘ambibat.
2154 812 2324 878 Quem
2365 827 2494 866 sane
2526 812 2689 867 etiam
2725 813 3041 881 redarguere
3069 813 3121 866 in
3153 811 3405 881 prmsenti

1862 904 2191 973 propositum
2226 904 2380 958 nobis
2408 913 2511 958 est.
2542 902 2671 958 Cum
2706 912 2882 957 autem
2912 903 3093 957 eadem
3141 904 3193 956 in
3241 903 3405 957 utris—

1864 1008 1969 1062 que
2002 994 2314 1062 improbitas
2343 994 2434 1059 sit,
2464 993 2636 1063 palam
2683 1000 2767 1049 est.
2798 993 2851 1046 in
2885 994 3120 1062 perfecto
3148 992 3407 1063 discipulo

1864 1087 2179 1154 magistrum
2207 1101 2441 1155 quoque,
2468 1085 2556 1154 qui
2588 1084 2788 1139 semina
2820 1084 3107 1155 impietatis
3145 1084 3294 1153 jecit,
3320 1099 3407 1139 re-

1864 1179 2088 1232 futatum
2116 1179 2213 1242 iri;
2244 1179 2290 1232 si
2322 1179 2480 1232 modo
2522 1178 2677 1233 nobis
2718 1177 2909 1231 vestris
2941 1177 3188 1246 precibus
3226 1176 3407 1230 datum

1862 1270 2024 1324 fuerit
2072 1270 2179 1322 vim
2227 1268 2436 1323 dicendi
2489 1276 2689 1321 tantam
2744 1268 3005 1338 accipere,
3039 1277 3116 1332 ut,
3164 1266 3406 1336 exemplo

1861 1361 2187 1415 mmulatoris
2220 1361 2359 1414 illius
2391 1359 2618 1415 Phinees
2642 1359 2709 1424 ⁵⁸,
2751 1370 3002 1427 utrosque
3047 1359 3187 1411 inter
3216 1372 3272 1410 se
3305 1358 3407 1410 im-

1862 1454 2060 1523 pietate
2113 1453 2425 1523 conjunctos
2474 1468 2580 1505 uno
2636 1450 3028 1520 redargutionis
3081 1449 3187 1502 ictu
3247 1446 3406 1501 simul

1862 1544 2214 1613 conligamus.
2244 1544 2353 1597 Etsi
2391 1543 2549 1611 igitur
2581 1541 2744 1595 multa
2789 1547 3076 1609 suppetunt
3105 1538 3254 1601 mihi,
3284 1536 3405 1605 qui-

1862 1636 1961 1693 bus
1990 1638 2269 1691 ostendere
2302 1636 2501 1703 possim
2535 1649 2655 1688 eum
2700 1634 2863 1688 fuisse
2905 1634 2957 1686 in
2988 1647 3051 1686 eo
3080 1630 3216 1685 libro
3256 1645 3407 1683 men-

1862 1730 2078 1793 dacem,
2135 1727 2470 1795 imperitum,
2520 1725 2964 1789 conviciatorem,
3017 1722 3403 1783 cavillatorem,

191 1821 286 1874 γῳ
311 1803 565 1876 ψεύστην,
612 1806 817 1878 ἀμαθῆ,
864 1806 1139 1875 ὑϐριστὴν,
1171 1806 1389 1877 εἴρωνα,
1423 1806 1754 1877 βλάσφημον,

1861 1818 2262 1888 blasphemum:
2290 1826 2481 1870 ca'tera
2509 1815 2722 1885 quidem
2751 1812 2922 1868 obiter
2945 1809 3403 1874 commemorabo;

191 1896 310 1950 τῶν
361 1897 456 1967 μὲν
505 1898 675 1953 ἄλλων
724 1899 820 1969 τὴν
863 1900 1079 1968 μνήμην
1128 1900 1184 1950 ἐν
1212 1900 1470 1972 παρέργῳ
1500 1900 1753 1971 θήσομαι,

192 1985 300 2055 τὴν
330 1986 385 2038 δὲ
415 1986 784 2056 βλασφημίαν,
819 1987 884 2055 ἣν
930 1990 1009 2050 είς
1056 1987 1115 2040 τὸ
1166 1988 1297 2058 ὕψος
1340 1990 1438 2059 τῆς
1476 1990 1632 2059 δόξης
1661 1991 1756 2044 τοῦ

192 2079 531 2148 Μονογενοῦς
559 2079 802 2149 ἐλάλησε,
831 2078 939 2134 τῶν
986 2081 1049 2133 ἐκ
1088 2082 1185 2151 τῆς
1224 2082 1413 2152 τέχνης
1447 2083 1759 2154 προκαλυμ-

196 2171 393 2239 μάτων
419 2169 834 2243 ἀπογυμνιὶισας,
864 2172 1082 2244 ἐμφανῆ
1121 2175 1251 2227 πᾶσι
1280 2175 1611 2245 καταστῆσαι
1644 2192 1762 2228 πει-

194 2260 459 2331 ράσομαι.

271 2354 326 2405 ‘2.
366 2354 502 2424 Ἤδη
539 2355 593 2406 δὲ
628 2354 909 2427 βαδιοῦμαι
955 2357 1085 2428 πρὸς
1128 2358 1252 2420 τοὺς
1277 2356 1551 2428 ἐλέγχους,
1583 2358 1642 2423 ἐξ
1670 2359 1765 2413 αὐ-

197 2446 299 2516 τῆς
330 2446 427 2516 τῆς
457 2447 762 2518 ἐπιγραφῆς
796 2449 893 2518 τὴν
930 2447 1100 2517 ἀρχὴν
1129 2449 1507 2520 ποιησάμενος.
1544 2450 1763 2525 Πρῶτον

200 2537 303 2605 μὲν
330 2536 438 2604 γὰρ
470 2535 615 2604 αὐτῷ
649 2537 863 2589 πάντων
892 2536 1256 2609 κακούργημα
1296 2540 1355 2593 τὸ
1386 2541 1569 2612 σχῆμα
1609 2542 1764 2596 τοῦτο

196 2623 310 2676 τῶν
358 2624 527 2691 λόγων
574 2626 930 2696 ἐπινενόηται,
977 2629 1032 2681 ἐν
1077 2629 1369 2698 ἀπολογίας
1406 2632 1532 2684 εἴδει
1561 2632 1658 2704 τὴν
1686 2634 1761 2685 δι-

196 2715 494 2770 δασκαλίαν
526 2717 765 2771 συνθέντι
794 2717 927 2788 (Gl),
965 2720 1050 2773 ἵνα
1084 2721 1157 2792 μὴ
1188 2719 1309 2793 δόξῃ
1343 2723 1759 2793 προηγουμένως

199 2808 471 2863 ποιεῖσθαι
496 2810 601 2863 τῶν
645 2810 923 2882 δογμάτων
965 2814 1061 2883 τῆς
1108 2812 1357 2874 ἀσεϐείας
1390 2814 1486 2884 τὴν
1523 2813 1755 2883 ἔκθεσιν,

199 2900 316 2954 ἀλλ’
351 2901 408 2966 ἐξ
430 2900 670 2972 ἀνάγκης
694 2902 786 2954 ἐπὶ
812 2903 937 2964 τοὺς
964 2902 1151 2967 λόγους
1176 2900 1393 2966 τούτους
1423 2902 1753 2974 ἐληλυθέναι.

209 2992 493 3046 Ἐϐούλετο
526 2994 612 3063 μὲι
677 2994 783 3061 γὰρ
826 2994 888 3044 ἐκ
930 2991 1124 3055 παντὸς
1175 2995 1377 3065 τρόπου
1423 2996 1483 3048 τὸ
1532 2998 1762 3069 πονηρὸν

200 3084 360 3136 τοῦτο
392 3083 485 3135 καὶ
518 3081 655 3134 ἄθεοε
706 3082 1080 3152 περιαγγεῖλαι
1112 3085 1390 3155 κήρυγμα,
1424 3086 1514 3137 καὶ
1542 3087 1623 3149 είς
1663 3086 1759 3156 μέν

199 3192 296 3227 σον
327 3174 566 3240 ἐνεγκεῖν
609 3171 671 3241 ἢν
719 3173 884 3226 πάλαι
918 3175 1173 3229 συνέλαϐε
1222 3176 1315 3229 καὶ
1346 3175 1499 3231 ὥδινε
1529 3177 1765 3250 βλασφη-

202 3265 337 3334 μίαν
373 3262 517 3335 (62)·
558 3263 702 3337 ἐώρα
739 3265 814 3330 δὲ,
869 3267 949 3319 ὅτι
986 3266 1046 3319 τὸ
1088 3268 1183 3336 μὲν
1231 3269 1293 3320 ἐκ
1326 3266 1416 3320 τοῦ
1459 3269 1767 3338 προφανοῦς

199 3362 261 3412 ἐν
305 3356 619 3411 διδασκάλου
668 3357 816 3422 τάξει
863 3357 1312 3429 προκαθεσθῆναι,
1362 3358 1495 3429 πρὸς
1531 3360 1607 3428 τῷ
1649 3360 1764 3412 λίαν

199 3448 445 3521 φορτικῷ
474 3451 564 3503 καὶ
596 3451 883 3520 προσάντει
915 3452 1025 3511 τοῖς
1053 3448 1357 3511 ἁκούουσιν,
1408 3449 1486 3503 ἔτι
1514 3450 1606 3503 καὶ
1631 3450 1764 3503 ἀπί-

202 3542 364 3596 θανον
392 3542 577 3595 ἐαυτὸν
609 3540 701 3594 καὶ
736 3540 970 3592 ὕποπτον
1010 3543 1117 3603 τοῖς
1164 3540 1376 3605 πολλοῖς
1417 3543 1761 3613 καταστήσει,

201 3635 281 3697 ὡς
313 3634 468 3704 δόξης
520 3632 778 3705 ἐπιθυμίᾳ
807 3633 897 3687 ἐπὶ
950 3632 1009 3686 τὸ
1046 3630 1381 3705 νεωτερίζειν
1432 3633 1725 3705 ἐληλυθότα
1750 3652 1761 3663 '

202 3729 253 3780 εί
281 3728 338 3781 δὲ
371 3730 425 3781 ἐν
467 3726 755 3795 ἀπολογίας
800 3724 1081 3793 πλάσματι
1131 3728 1253 3789 τοὺς
1299 3725 1492 3794 λόγους
1544 3727 1762 3790 ποιοῖτο,

201 3821 303 3889 τῆς
352 3837 408 3869 τε
440 3818 547 3885 (65)
582 3814 924 3884 καινοτομίας
973 3817 1035 3867 τὸ
1088 3816 1324 3869 ὖποπτον
1365 3815 1762 3885 διαφεύξεσθαι,

203 3910 299 3962 καὶ
332 3908 525 3978 μᾶλλόν
558 3924 609 3958 τι
646 3906 818 3976 τούτῳ
866 3905 1228 3977 προσάξεσθαι
1280 3909 1402 3969 τοὺς
1450 3908 1760 3971 ἀκούοντας,

206 4001 367 4069 φύσει
397 4000 607 4053 πάντων
637 3998 933 4067 ἀνθρώπων
970 4001 1083 4062 ταῖς
1110 3998 1339 4059 εὐνοίαις
1362 3998 1623 4050 εἰωθότων
1654 4000 1763 4059 τοῖς

205 4093 609 4162 ἐλαττουμένοις
656 4089 1055 4159 προστίθεσθαι.
1102 4088 1198 4141 Διά
1242 4087 1397 4140 τοῦτο
1435 4088 1763 4158 κατηγόρους

206 4186 443 4237 αἰτιᾶται
490 4184 584 4237 καὶ
615 4184 971 4250 συκοφάντας,
1021 4180 1288 4241 κάκείνοις
1338 4179 1430 4232 τοῦ
1464 4179 1618 4246 λόγου
1667 4178 1763 4249 τὴν

1859 1910 2245 1980 blasphemiam
2294 1923 2423 1963 vero
2468 1922 2626 1977 quam
2686 1907 2739 1960 in
2796 1904 3171 1959 sublimitatem
3225 1902 3404 1971 gloriae

1861 2000 2133 2070 Unigeniti
2166 2000 2373 2055 locutus
2401 2010 2501 2066 est,
2536 1999 2669 2052 artis
2698 1996 2985 2052 involucris
3012 1994 3254 2059 detectis,
3294 2007 3406 2046 nia-

1862 2092 2106 2147 nifestam
2132 2090 2377 2146 omnibus
2406 2090 2581 2145 facere
2611 2090 2865 2145 conabor.

1935 2360 1989 2415 2.
2027 2359 2131 2416 Sed
2182 2360 2311 2429 jam,
2356 2367 2564 2427 sumpto
2598 2372 2662 2411 ex
2697 2356 2807 2426 ipsa
2856 2353 3199 2423 inscriptione
3243 2366 3403 2423 argu-

1865 2462 2064 2517 mento,
2094 2453 2341 2508 accedam
2386 2451 2452 2504 ad
2490 2450 2834 2520 arguendum.
2866 2447 3076 2502 Primus
3113 2447 3253 2500 enim
3291 2459 3404 2499 om-

1865 2544 2013 2599 nium
2043 2542 2216 2608 dolus,
2245 2542 2332 2596 hic
2375 2541 2465 2595 ille
2496 2540 2545 2595 ei
2574 2539 2904 2608 excogitatus
2930 2546 3012 2591 est
3054 2537 3262 2591 dicendi
3292 2551 3405 2591 mo-

1866 2635 1984 2701 dus,
2014 2644 2071 2688 ut
2100 2636 2153 2686 iu
2195 2634 2425 2703 speciem
2461 2629 2712 2700 apologite
2750 2644 2814 2683 ac
2842 2626 3170 2683 defensionis
3207 2626 3406 2680 doctri-

1867 2744 1987 2783 nam
2038 2743 2187 2784 suam
2234 2735 2599 2797 componeret,
2634 2739 2700 2779 ne
2732 2724 2873 2780 velut
2913 2736 3190 2793 aggressor
3226 2722 3403 2774 videa-

1867 2828 1953 2873 tur
1988 2817 2238 2889 dogmata
2280 2817 2439 2886 impia
2487 2829 2773 2885 exponere.
2805 2814 2897 2867 sed
2942 2821 3159 2867 coactus
3202 2809 3269 2862 ad
3310 2808 3406 2862 hos

1865 2925 2141 2967 sermones
2184 2911 2479 2965 devenisse.
2534 2907 2787 2977 Cupiebat
2814 2905 3022 2974 quidem
3066 2902 3209 2956 omni
3250 2901 3405 2956 modo

1864 3015 2083 3069 pravum
2132 2999 2259 3053 illud
2314 3014 2376 3054 ac
2433 2997 2649 3068 impium
2706 2996 2894 3066 dogma
2950 2989 3303 3062 promulgari;
3353 2999 3405 3043 et

1863 3108 2019 3162 quam
2052 3091 2178 3148 olim
2215 3098 2529 3159 conceperat
2575 3104 2636 3141 ac
2681 3095 2960 3157 pepererat
3001 3082 3402 3151 blasphemiam,

1864 3182 2107 3253 proferre
2135 3184 2186 3238 in
2219 3180 2449 3235 medium
2485 3193 2500 3233 :
2536 3178 2628 3233 sed
2656 3175 2868 3230 videbat
2899 3174 3029 3236 fore,
3063 3183 3123 3226 ut
3148 3172 3190 3226 si
3225 3180 3405 3242 aperte

1865 3276 2098 3331 doctoris
2145 3276 2317 3329 locum
2365 3272 2709 3342 arripuisset,
2757 3275 3109 3339 prieterquam
3159 3264 3300 3334 quod
3352 3261 3405 3316 id

1862 3382 2026 3437 grave
2072 3367 2354 3421 admodum
2410 3374 2551 3420 esset
2602 3378 2667 3418 ac
2721 3361 2997 3415 molestum
3044 3356 3404 3421 audientibus,

1861 3466 2117 3527 prmterea
2174 3471 2231 3510 se
2288 3455 2446 3509 etiam
2502 3453 2602 3507 ﬁde
2660 3452 2933 3520 indignum
2986 3463 3048 3502 ac
3097 3454 3402 3516 suspectum

1865 3550 2000 3621 apud
2033 3549 2310 3621 plerosque
2342 3545 2605 3608 redderet,
2639 3543 2730 3613 qui
2771 3541 3018 3595 videlicet
3046 3540 3227 3608 gloriae
3255 3536 3404 3603 cupi—

1866 3644 2029 3695 ditate
2057 3654 2337 3709 aggressus
2362 3645 2503 3692 esset
2532 3636 2806 3690 innovare.
2832 3630 2925 3687 Sin
2950 3640 3124 3685 autem
3156 3627 3402 3684 simulata

1864 3730 2104 3801 apologia
2154 3732 2314 3783 verba
2370 3728 2584 3791 faceret,
2623 3736 2676 3778 et
2721 3723 2882 3791 209
2937 3720 3291 3774 innovationis
3347 3734 3403 3772 se

1864 3822 2216 3892 suspicionem
2260 3831 2540 3873 evasurum
2589 3813 2824 3884 putabat,
2858 3822 2910 3867 et
2939 3811 3042 3866 hoc
3072 3820 3225 3881 pacto
3256 3810 3404 3863 audi-

1866 3923 2006 3965 tores
2028 3912 2193 3981 magis
2219 3909 2557 3971 allecturum,
2578 3920 2699 3960 cum
2727 3904 2930 3958 soleant
2950 3902 3194 3955 homines
3216 3913 3402 3953 omnes

1864 4012 2049 4071 suapte
2085 4011 2272 4056 natura
2308 4000 2568 4055 lacessitis
2597 3997 2793 4050 favere.
2824 3996 3156 4061 Quapropter
3181 4005 3401 4044 accusa-

1866 4104 2008 4150 tores
2054 4093 2572 4158 calumniatoresque
2622 4087 2825 4155 culpat,
2856 4084 3040 4152 eisque
3087 4082 3167 4135 sui
3218 4079 3399 4146 scripti

1863 4203 2075 4244 causam
2118 4186 2355 4239 ascribit.
2389 4181 2565 4247 Quare
2600 4193 2657 4233 ut
2687 4179 2801 4249 ejus
2832 4176 3115 4230 artiﬁcium
3156 4174 3249 4226 ﬁat
3277 4188 3399 4241 per-

206 4278 384 4330 αίτίαν
417 4277 732 4346 προσάπτει.
791 4275 947 4326 Ὥστε
991 4274 1045 4323 δὲ
1092 4275 1252 4324 πᾶσιν
1302 4271 1463 4324 αὐτοῦ
1517 4270 1759 4339 γενέσθαι

1864 4281 2103 4350 Spicuum
2134 4275 2401 4337 omnibus,
2434 4272 2622 4327 melius
2667 4271 2827 4325 fuerit
2866 4271 3037 4338 ipsum
3082 4264 3399 4336 proloqueb-

208 4374 306 4442 τὴν
358 4370 546 4440 τέχνην
590 4370 867 4438 καταφανῆ
889 4409 902 4431 ,
937 4367 1084 4420 οὐδὲν
1117 4368 1291 4435 χεῖρον
1338 4366 1503 4436 αὐτῆς
1530 4364 1753 4419 ἀκοῦσαι

209 4463 303 4517 τοῦ
329 4461 602 4531 προοιμίου
638 4462 733 4531 τῆς
757 4460 965 4527 λέξεως.
1000 4460 1149 4528 Ἔχει
1180 4456 1233 4512 δὲ
1265 4456 1451 4519 οὕτως.

262 4666 312 4699 ⁸³
341 4665 496 4719 Num.
528 4679 655 4728 xxv,
684 4664 737 4718 8.

212 4801 400 4857 fratris
426 4800 732 4856 citatissimi
769 4801 986 4867 scriptis
1022 4798 1249 4853 tolleret.
1286 4797 1388 4852 Sed
1419 4812 1579 4866 quam
1626 4796 1756 4851 levis

214 4875 283 4926 sit
309 4882 365 4925 et
413 4871 635 4933 pusillus
660 4885 813 4923 error
848 4872 959 4931 ille,
990 4871 1221 4924 ostendit
1277 4870 1497 4921 fratrum
1527 4869 1760 4934 optimus

213 4942 506 5010 Gregorius
535 4940 627 4993 lib.
666 4956 682 4994 ι
721 4941 773 4991 in
812 4937 1038 4993 Eunoni.
1070 4954 1191 5010 pag.
1217 4938 1317 4992 307
1348 4956 1361 4991 :
1388 4937 1597 5010 Mirum
1620 4953 1756 4999 vero,

214 5007 410 5077 inquit.
461 5009 505 5060 si
558 5025 670 5061 eum
707 5010 794 5077 qui
845 5010 898 5061 in
945 5007 1186 5077 conﬁniis
1240 5012 1463 5061 duarum
1496 5007 1759 5073 regionum

212 5080 483 5147 habitabat
536 5078 590 5131 in
633 5078 846 5131 obscuro
875 5079 1099 5145 quodam
1144 5078 1504 5147 Corniaspiua’
1536 5078 1758 5147 angulo,

214 5164 318 5203 non
353 5146 677 5211 Oltiserinm,
730 5150 818 5199 sed
849 5147 1094 5201 Galatam
1148 5148 1456 5209 nominavit,
1498 5146 1544 5197 si
1583 5154 1756 5197 tamen

215 5219 510 5271 nominasse
531 5215 730 5269 ostendi
751 5227 934 5280 potest.
964 5216 1083 5269 Non
1110 5218 1244 5270 enim
1278 5219 1373 5268 hoc
1397 5214 1559 5282 reperi
1580 5215 1630 5264 in
1665 5230 1759 5267 no-

214 5292 336 5340 stris
366 5286 626 5340 codicibus
654 5299 673 5338 :
705 5286 792 5338 sed
816 5288 1148 5347 esto,dizerit
1184 5288 1277 5339 hoc
1306 5283 1551 5337 Basilius.
1570 5282 1755 5337 Aetius

221 5355 307 5407 ille.
335 5354 504 5424 Syrus
540 5358 688 5422 cujus
714 5355 987 5423 aliquanto
1012 5366 1134 5409 ante
1166 5358 1365 5424 mentio
1394 5354 1533 5407 facta
1559 5360 1657 5424 est,
1678 5366 1751 5424 ex

218 5420 490 5491 impietate
509 5420 815 5492 cog—nomen
841 5425 995 5477 Athei
1027 5427 1253 5491 accepit.
1297 5423 1369 5477 De
1394 5437 1458 5476 eo
1490 5420 1752 5492 copiosis-

220 5488 346 5547 sime
379 5488 665 5560 loquuniur
699 5505 805 5547 tum
835 5494 920 5546 alii
949 5495 1121 5558 multi,
1148 5488 1256 5545 tum
1285 5488 1571 5561 Gregorius
1608 5488 1742 5559 Nys-

220 5577 399 5622 scnus,
426 5564 518 5616 lib.
550 5580 565 5617 ι
594 5574 770 5617 contra
801 5562 1020 5618 Eunom.
1050 5578 1169 5631 pag.
1202 5563 1306 5617 292
1327 5573 1379 5617 et
1400 5578 1513 5629 seq.

285 5632 396 5701 (59)
436 5632 555 5682 ’Υπ’
591 5633 795 5697 ὀδόντα,
841 5633 1203 5686 blasphemiam
1252 5634 1343 5685 sub
1381 5632 1532 5683 dente
1568 5630 1741 5697 prola-

220 5711 315 5756 tam
345 5719 361 5755 .'
396 5703 493 5757 hoc
514 5713 611 5757 est.
642 5703 1002 5758 blasphemiam
1025 5703 1312 5756 clanculum
1330 5702 1734 5751 disseminatum.

1862 4383 1964 4428 tem
2000 4369 2203 4424 audire.
2233 4367 2321 4423 Sic
2353 4376 2527 4421 autem
2562 4366 2739 4421 habet.

1856 4793 1975 4849 Mox
2029 4788 2157 4845 editi
2214 4782 2638 4858 προστάτηςηΑι
2690 4780 2823 4849 Reg.
2861 4779 3069 4858 tertius,
3106 4778 3191 4831 cui
3224 4777 3397 4846 prima

1859 4848 2015 4919 manu
2045 4848 2309 4915 consentit
2329 4848 2684 4911 Colburtinus,
2714 4848 3117 4920 πρωτοστάτης.

1927 4932 2037 4999 (60)
2063 4929 2279 4998 Antiqui
2313 4928 2416 4981 duo
2445 4923 2560 4979 libri
2585 4916 3033 4989 καταϐαλόμενος.
3058 4916 3201 4972 Edili
3235 4935 3398 4971 κατα-

1859 5001 2198 5071 ϐαλλόμενος.

1927 5054 2057 5142 (60³)
2092 5054 2186 5123 γεεί
2212 5066 2496 5142 legendum
2517 5063 2655 5116 κατά
2678 5062 2773 5130 τὴν
2797 5057 3069 5142 ἀσέϐειαν3
3099 5054 3183 5142 νει¹
3202 5054 3395 5142 Latine

1857 5125 2185 5196 reddendum
2228 5125 2405 5192 contra
2442 5136 2705 5199 pietatem,
2730 5125 2891 5197 'quod
2935 5128 3098 5195 magis
3136 5125 3391 5199 placeret.

1858 5211 2293 5279 Praepositionem
2336 5198 2507 5267 κατά,
2558 5202 2719 5279 etiam
2772 5209 3039 5279 sequente
3064 5198 3391 5279 accusati-ro,

1855 5266 2037 5335 contra
2052 5279 2351 5348 signiﬁcare
2368 5266 2541 5348 posse,
2560 5272 2743 5327 Grmce
2766 5269 2935 5325 doctis
2957 5275 3136 5323 notum
3160 5275 3261 5320 est.
3294 5266 3389 5320 Eo.

1945 5349 2033 5415 61)
2058 5343 2205 5403 Colb.
2232 5343 2544 5400 συντιθέντι.

1945 5350 2033 5415 Gl)
2058 5350 2205 5403 Colb.
2232 5350 2544 5400 συντιθέντι.

1923 5350 2033 5490 i6?)
2068 5419 2193 5487 lleg.
2225 5425 2449 5490 quartus
2481 5413 2574 5467 καὶ
2612 5410 2797 5490 ᾠδινεν
2831 5407 3060 5490 ἀδικίαν,
3100 5413 3389 5490 etmpepmt

1854 5473 2176 5557 iniquitatem
2210 5473 2361 5540 {sed
2402 5486 2453 5539 in
2496 5497 2586 5538 ora
2636 5482 2753 5535 libri
2786 5478 2978 5545 legitur
3012 5493 3103 5546 γρ.
3152 5473 3391 5546 βλασφη-

1858 5562 2027 5700 μίῗᾶέ)
2067 5627 2202 5685 Edili
2243 5627 2336 5697 τῆς
2367 5642 2447 5694 γε.
2483 5623 2629 5695 Regii
2655 5622 2755 5676 duo
2783 5618 2878 5689 τῆς
2903 5634 2977 5671 τε.
