4058 6320
646 328 750 383 503

1981 333 2036 388 S.
2079 331 2320 389 BASILII
2363 333 2570 389 .‘ilAGNl

3779 333 3882 387 535

711 443 1003 497 Eunomus.
1046 443 1179 498 Cum
1233 445 1570 512 calumniari,
1613 457 1667 502 et
1715 450 1974 518 petulanti
2022 451 2200 524 lingua

2374 451 2856 523 ETNOMIOEJB‘)
2879 452 2949 505 Τὸ
2965 451 3060 522 μὲν
3072 446 3162 505 οὖν
3183 455 3530 511 συκοφαντεῖν
3551 452 3650 504 καὶ
3664 453 3884 504 διαίρει).-

641 547 705 586 ac
739 533 979 603 improba
1022 545 1202 590 mente
1247 538 1518 608 aliquibus
1569 540 1878 607 detrahere,
1904 557 2038 611 opus
2069 545 2204 598 scia-

642 639 762 679 nius
798 639 919 680 esse
956 626 1232 682 hominum
1272 628 1682 700 ﬂagitiosorum,
1717 645 1882 703 seque
1918 633 2203 690 simultati-

641 717 742 770 bus
793 715 1177 773 oblectantium
1215 737 1228 772 :
1267 731 1477 785 contra,
1508 721 1553 778 si
1604 726 1695 793 qui
1745 740 1842 794 per
1887 724 2203 780 calumniam

639 815 791 877 pravi
831 823 953 864 esse
990 810 1094 865 visi
1139 821 1282 876 sunt,
1319 814 1464 868 onmi
1512 815 1690 870 studio
1726 817 2063 871 mendacium
2116 831 2201 871 re-

641 901 954 970 darguendo
997 902 1314 973 propulsare
1347 915 1630 970 conentur,
1663 907 1717 961 id
1751 922 1886 975 opus
1917 922 2037 964 esse
2063 909 2205 963 viro-

640 1006 785 1058 rum,
835 993 926 1061 qui
975 995 1126 1064 probi
1186 1005 1332 1063 sunt,
1373 998 1572 1068 quique
1614 997 1715 1053 sibi
1767 999 2015 1070 privatim
2070 1001 2206 1058 bene

640 1084 1026 1154 consulentes,
1081 1089 1375 1147 multorum
1430 1091 1780 1147 securitatem
1845 1092 2060 1164 plurimi
2122 1093 2205 1148 {a-

640 1175 806 1231 ciunt.

708 1285 978 1344 Basruus.
1018 1286 1203 1343 Genus
1239 1289 1404 1359 igitur
1439 1292 1704 1348 orationis
1747 1292 1852 1350 tale
1897 1305 2011 1362 est,
2047 1296 2204 1366 quale

638 1393 759 1434 esse
784 1381 955 1450 possit
976 1381 1113 1451 ejus,
1142 1380 1233 1450 qui
1266 1383 1397 1437 nihil
1423 1384 1764 1454 simpliciter,
1785 1387 1918 1441 nihil
1941 1389 2059 1443 sine
2082 1387 2202 1443 dolo

637 1470 822 1526 eﬂicit.
848 1470 986 1526 Nam
1015 1481 1067 1528 et
1095 1473 1384 1529 innovandi
1404 1475 1763 1545 suspicionem
1789 1486 2044 1548 praetextu
2075 1494 2202 1550 apo—

639 1561 796 1632 logize
833 1563 984 1632 tegit,
1017 1574 1073 1618 et
1101 1564 1257 1633 quasi
1293 1563 1576 1620 calumniae
1617 1567 1926 1623 obterendze
1966 1571 2200 1624 necessi-

641 1660 753 1706 ta'te
792 1654 856 1706 ad
898 1653 999 1708 bos
1031 1668 1308 1710 sermones
1364 1656 1658 1724 devenerit,
1694 1659 1996 1714 auditorum
2023 1671 2202 1730 captat

639 1743 1095 1800 benevolentiam.
1153 1745 1280 1799 Inde
1326 1757 1504 1802 autem
1540 1748 1684 1805 illius
1723 1750 1864 1805 circa
1903 1751 2196 1821 apologiam

640 1844 1000 1891 commentum
1031 1837 1468 1908 deprehenditur,
1501 1843 1641 1911 quod
1700 1857 1820 1896 cum
1875 1857 1978 1895 non
2030 1845 2198 1912 possit

641 1928 924 1983 nominare
946 1939 1315 1986 accusatorem
1341 1933 1508 1988 ullum
1554 1932 1816 2000 criminis,
1855 1934 2006 2003 cujus
2038 1949 2200 1990 causa

641 2037 702 2076 se
730 2021 1010 2078 decertare
1056 2022 1297 2092 simulat,
1353 2032 1533 2080 tamen
1586 2027 1720 2082 citra
1756 2027 2058 2097 oppositam
2101 2027 2199 2083 sibi

639 2128 926 2184 personam
961 2117 1026 2170 ad
1052 2119 1308 2187 agendam
1339 2118 1595 2190 apologiae
1624 2118 1856 2175 fabulam
1887 2119 2072 2176 furtim
2107 2136 2197 2176 ac-

643 2206 819 2262 cedat.
877 2205 984 2264 Nec
1017 2221 1083 2262 ex
1112 2208 1387 2266 tolerantia
1415 2224 1509 2268 eos
1534 2211 1624 2281 qui
1671 2212 1771 2268 sibi
1828 2212 2038 2268 molesti
2086 2212 2202 2269 fue-

642 2309 791 2368 runt,
833 2301 1143 2356 nominatim
1200 2302 1381 2359 dicere
1429 2303 1664 2360 abstinet
1709 2305 1836 2375 (qui
1897 2305 2039 2360 enim
2083 2306 2200 2361 ﬁeri

641 2392 813 2460 possit
841 2401 899 2445 ut
933 2392 985 2447 id
1021 2391 1181 2447 faciat
1209 2394 1300 2464 qui
1353 2395 1516 2449 tantis
1545 2396 1803 2450 conviciis
1829 2396 2204 2451 contradicen-

644 2492 726 2538 tes
760 2483 968 2553 impetit
987 2485 1060 2554 ?),
1083 2486 1175 2540 sed
1213 2485 1475 2541 mendacii
1500 2487 1820 2542 evidentiam
1837 2489 2062 2555 veritus,
2084 2502 2204 2544 cer-

644 2586 729 2630 tas
751 2587 1126 2631 accusatorum
1172 2591 1432 2646 personas
1463 2578 1760 2649 producere
1798 2580 2031 2636 erubuit.
2070 2579 2201 2635 Nam

644 2667 687 2720 si
719 2668 995 2723 nominare
1044 2668 1252 2738 aliquos
1282 2671 1562 2739 potuisset,
1608 2671 1833 2726 dixisset
1863 2673 2106 2742 profecto
2137 2687 2202 2727 ac

644 2757 970 2829 divulgasset
999 2777 1014 2812 :
1047 2761 1296 2816 videlicet
1324 2762 1532 2816 etiamsi
1566 2763 1706 2817 haud
1748 2764 2017 2833 explesset
2051 2779 2201 2819 suam

644 2849 803 2915 iram,
835 2861 890 2904 at
928 2861 1078 2906 certe
1110 2853 1387 2906 securitati
1444 2854 1757 2922 multorum,
1786 2856 1982 2925 quibus
2002 2871 2060 2912 se
2089 2871 2205 2911 ma-

643 2941 786 2995 xime
807 2943 1111 3013 prospicere
1137 2941 1434 3013 proﬁtetur,
1459 2945 1834 3002 consuluisset.
1851 2945 2058 3003 Etenim
2083 2963 2202 3018 qur"

641 3032 773 3086 latet
817 3031 1153 3103 improbitas,
1214 3035 1568 3104 perniciosior
1613 3045 1697 3092 est
1743 3052 1905 3108 quam
1940 3054 2058 3109 quae
2081 3054 2201 3109 pro-

2305 546 2417 599 λειν
2445 545 2594 608 τινὰς
2626 544 2685 608 ἐξ
2716 545 3011 598 ἀκολάστου
3040 544 3281 615 γλώττης
3311 545 3402 598 καὶ
3433 543 3664 613 γνώμης
3694 544 3881 606 ἀγνώ-

2307 654 2486 708 μονος,
2522 635 2805 707 μοχθηρῶν
2833 639 2924 690 καὶ
2953 636 3062 707 (65)
3081 635 3564 706 φιλαπεχθημόνων
3591 636 3760 704 ἔργον
3805 635 3882 685 εἰ-

2302 729 2451 792 δότες
2477 746 2489 759 ·
2524 727 2581 781 τὸ
2606 727 2662 781 δὲ
2700 728 2823 790 τοὺς
2861 728 2923 781 ὲκ
2950 728 3200 796 διαϐολῆς
3245 723 3382 779 εἶναι
3412 727 3674 792 δόξαντας
3707 742 3880 792 πονη-

2305 824 2431 894 ροὺς
2459 821 2606 892 πάσῃ
2634 819 2908 892 προθυμίᾳ.
2957 821 3244 892 πειρᾶσθαι
3271 820 3330 873 τὸ
3358 819 3552 889 ψεῦδος
3578 821 3695 882 τοῖς
3725 817 3778 871 ὲ)
3793 819 3880 884 ἐγ-

2303 932 2417 986 χοις
2463 913 2795 984 ἀποτρέπειν
2844 912 3049 972 ἀνδρῶν
3093 914 3381 984 σωφρόνων
3427 912 3522 964 καὶ
3574 911 3720 980 μετὰ
3781 909 3880 978 τῆς

2307 1007 2440 1070 ιδίας
2465 1003 2744 1066 εὐϐουλίας
2773 1002 2870 1074 τὴν
2892 1004 2998 1057 τῶν
3021 1004 3228 1059 πολλῶν
3254 1003 3553 1074 ἀσφάλειαν
3588 1002 3722 1073 περὶ
3759 998 3882 1052 πολ-

2303 1097 2394 1152 λοῦ
2433 1097 2766 1168 ποιουμένων

2372 1294 2776 1348 ΒΑΣΙΛΙΟΣ.Τὸ
2795 1294 2891 1366 μὲν
2906 1288 2999 1346 οὖν
3123 1311 3196 1363 μα
3206 1293 3294 1346 τοῦ
3305 1293 3462 1361 λόγου
3477 1289 3747 1350 τοιοίτον,
3769 1283 3882 1340 οἷον

2303 1385 2370 1440 ἂν
2399 1390 2607 1455 γένοιτο
2630 1386 2721 1440 τοῦ
2760 1387 2920 1457 μηδὲν
2951 1385 3135 1447 ἀπλῶς
3171 1385 3301 1455 μηδὲ
3336 1385 3536 1446 ἀδόλως
3565 1381 3879 1442 ποιοῦντος.

2302 1479 2375 1532 Τό
2414 1496 2472 1531 τε
2509 1480 2615 1550 γὰρ
2665 1478 2793 1550 περὶ
2840 1479 2937 1550 τὴν
2987 1477 3334 1547 καινοτομίαν
3375 1477 3618 1531 ὕποπτον
3657 1475 3734 1544 τῷ
3782 1475 3878 1542 τῆς

2302 1569 2594 1638 ἀπολογίας
2661 1570 3082 1641 προκαλύμματι
3143 1567 3452 1632 συσκιάζει,
3498 1568 3597 1620 καὶ
3666 1566 3880 1619 ετύνοιαν

2302 1661 2531 1734 θηρᾶται
2566 1662 2712 1733 παρὰ
2763 1661 2868 1714 τῶν
2916 1662 3238 1726 ἀκουόντων,
3285 1661 3358 1723 ob;
3401 1662 3466 1730 τῇ
3515 1662 3736 1732 ἀνάγκῃ
3783 1661 3878 1728 τῆς

2300 1754 2553 1824 διαϐολῆς
2578 1755 2671 1806 ἐπὶ
2701 1753 2826 1817 τοὺς
2857 1752 3044 1821 λόγους
3076 1753 3294 1815 τούτους
3323 1750 3511 1804 ἐλθών.
3554 1753 3877 1821 Ἐλέγχεται

2299 1846 2355 1898 δὲ
2387 1843 2550 1899 αύτοῦ
2580 1846 2612 1915 ή
2646 1845 2772 1916 περὶ
2809 1844 2904 1914 τὴν
2950 1844 3242 1912 ἀπολογίαν
3283 1842 3482 1913 σκηνὴ,
3532 1843 3614 1895 δτι
3648 1844 3744 1896 τοῦ
3791 1847 3854 1913 ἐγ

2301 1936 2594 2006 κλήματος,
2627 1937 2712 2005 ἐφ’
2767 1929 2810 2004 ᾧ
2839 1935 3249 2004 διαγωνίζεσθαι
3293 1936 3696 2006 προσποιεῖται,
3745 1953 3854 1986 κατ

2300 2025 2498 2095 ήγορον
2544 2027 2715 2078 εἰπεῖν
2749 2025 2849 2078 ούκ
2894 2025 3053 2095 ἔχων,
3085 2025 3408 2096 ἀπρόσωπον
3441 2022 3501 2075 τὸ
3537 2022 3635 2091 τῆς
3685 2023 3858 2076 ἀπολο

2300 2113 2424 2182 γίας
2464 2113 2841 2184 ὑπεισέρχεται
2874 2113 2983 2185 (66)
3028 2115 3240 2186 δρᾶμα·
3275 2114 3331 2165 οὐ
3368 2111 3455 2165 διά
3496 2108 3877 2182 μακροθυμίαν

2299 2205 2557 2277 ὀνομαστὶ
2605 2204 2907 2277 μνησθῆναι
2952 2205 3059 2259 τῶν
3106 2205 3482 2276 λελυπηκότων
3541 2202 3875 2271 ἀπεχόμενος

2301 2298 2439 2368 (πῶς
2481 2297 2610 2370 γάρ,
2659 2298 2718 2362 ὃς
2755 2316 2818 2368 γε
2853 2296 3140 2360 τοσαύταις
3182 2296 3466 2366 λοιδορίαις
3505 2294 3698 2348 πλύνει
3755 2293 3877 2355 τοὺς

2307 2391 2716 2464 ἀντιλέγοντας)
2739 2433 2752 2458 ,
2803 2390 2939 2444 ἀλλὰ
2970 2389 3061 2445 τοῦ
3088 2389 3312 2460 ψεύδους
3338 2392 3398 2444 τὸ
3438 2388 3741 2461 περιφανὲς
3791 2388 3879 2453 ὑφ-

2300 2482 2606 2555 ορώμενος,
2659 2486 3009 2556 ἐπιφημίζειν
3035 2486 3210 2557 ἐαυτῷ
3265 2486 3544 2557 ὡρισμένα
3607 2486 3878 2554 πρόσωπα

2302 2575 2625 2647 κατηγόρων
2666 2577 2996 2645 αἰσχύνεται.
3039 2578 3103 2630 Εἰ
3137 2579 3246 2648 γὰρ
3294 2573 3431 2648 εἷχε-ρ
3480 2576 3752 2646 ὀνομάσαι
3801 2591 3878 2629 τι·

2302 2666 2420 2731 νὰς,
2451 2663 2602 2719 εἶπεν
2635 2664 2699 2718 ἂν
2730 2666 2941 2729 πάντως
2970 2667 3063 2718 καὶ
3101 2669 3402 2739 διεϐόησεν·
3436 2672 3483 2721 εί
3526 2667 3622 2720 καὶ
3657 2665 3737 2737 μὴ
3783 2664 3878 2734 τὴν

2302 2756 2495 2812 ἑαυτοῦ
2541 2756 2708 2830 ὀργὴν
2758 2756 3066 2826 ἐκπληρῶν,
3094 2757 3227 2810 ἀλλά
3260 2761 3355 2828 τήν
3398 2777 3460 2826 γε
3507 2758 3616 2811 τῶν
3663 2755 3878 2810 πολλῶν

2303 2850 2603 2921 ἀσφάλειαν
2651 2847 3047 2919 διοικούμενος·
3083 2839 3158 2899 ὧν
3205 2847 3268 2915 δὴ
3311 2851 3403 2900 καὶ
3458 2851 3696 2917 μάλιστα
3747 2865 3878 2918 προ-

2302 2944 2442 2997 νοεῖν
2484 2941 2890 3010 ὲπαγγέλλεται.
2942 2938 3287 2994 Λανθάνουσα
3337 2937 3444 3008 γάρ
3490 2940 3733 3008 πονηρία.
3795 2940 3877 3009 τῆς

2305 3032 2828 3107 προκεκηρυγμένης
2863 3031 3264 3104 βλαϐερωτέρα.
3298 3030 3480 3096 Ὥστε,
3512 3030 3669 3098 εἴπερ
3710 3031 3877 3098 ἕγνωτ

644 3124 877 3194 mulgata
919 3136 1021 3180 est.
1047 3127 1224 3194 Quare
1264 3141 1382 3183 cum
1423 3128 1839 3187 calumniatores
1875 3131 2199 3199 noverimus,

2308 3144 2406 3197 μεν
2434 3128 2558 3191 τοὺς
2603 3126 2964 3194 συκοφάντας,
3001 3127 3128 3196 ρᾷον
3162 3125 3227 3177 ἂν
3260 3124 3584 3194 διεφύγομεν
3612 3124 3718 3188 τὰς
3754 3127 3875 3177 ἀκο-

644 3231 831 3270 eorum
864 3216 1070 3286 linguas
1091 3217 1392 3288 petulantes
1432 3235 1495 3274 ac
1529 3229 1761 3276 mentem
1799 3224 2092 3292 improbam
2121 3224 2201 3278 la-

644 3307 802 3361 cilius
834 3306 1070 3378 effugere
1113 3309 1407 3378 poterimus
1440 3327 1454 3364 :
1500 3311 1630 3380 ipsis
1653 3311 1794 3365 enim
1824 3312 2201 3382 sapientissimi

645 3399 787 3455 illius
825 3409 947 3455 utar
980 3402 1174 3458 verbis.
1236 3403 1304 3457 At
1357 3403 1611 3474 quoniam
1667 3413 1793 3460 tunc
1837 3405 1908 3461 ob
1953 3407 2203 3476 quamvis

648 3493 862 3546 tandem
891 3509 1108 3549 causam
1144 3495 1423 3563 conticuit,
1449 3511 1592 3553 nunc
1642 3496 2023 3568 interrogetur,
2065 3514 2205 3556 nunc

648 3583 990 3655 respondeat,
1044 3585 1135 3655 qui
1181 3585 1381 3642 fuerint
1420 3587 1858 3652 calumniatores,
1907 3589 2022 3657 qui,
2082 3605 2202 3644 eum

645 3676 933 3731 calumniis
977 3677 1245 3732 lacessere
1302 3678 1639 3746 incipientes,
1680 3679 1745 3732 ad
1779 3680 2204 3751 respondendum

645 3767 957 3837 coegerint?
1004 3769 1141 3824 unde
1186 3775 1454 3822 terrarum
1504 3768 1804 3823 venerunt?
1835 3771 1923 3840 qui
1960 3769 2205 3840 judices,

646 3873 828 3915 coram
856 3858 1051 3928 quibus
1065 3859 1680 3930 subiitcertameniquo
1703 3858 1753 3913 in
1785 3875 2038 3917 consessu
2069 3862 2207 3918 hanc

644 3949 1040 4005 accusationem
1091 3950 1384 4006 sustinuit?
1423 3950 1513 4006 ubi
1567 3959 1833 4007 terrarum
1874 3962 1928 4005 et
1977 3955 2204 4009 marium

646 4042 1037 4113 congregatus?
1069 4042 1208 4110 Quid
1240 4044 1382 4098 enim
1407 4042 1576 4113 possit
1606 4042 1828 4100 dicere?
1857 4041 1913 4097 In
1941 4042 2205 4100 Seleucia?

645 4136 716 4190 At
740 4135 808 4188 ob
837 4134 1109 4189 silentium
1141 4136 1375 4191 convicti
1423 4147 1567 4204 sunt,
1604 4138 1693 4208 qui
1730 4136 1958 4202 scilicet,
1994 4137 2204 4193 etiamsi

647 4228 715 4282 ad
739 4226 947 4298 objecta
986 4228 1089 4284 sibi
1125 4227 1350 4284 crimina
1383 4229 1694 4301 depellenda
1718 4231 1785 4286 ab
1810 4231 1877 4286 iis
1897 4228 1989 4301 qui
2015 4244 2208 4286 conve-

650 4331 835 4375 nerant
863 4321 1059 4393 szepius
1088 4320 1468 4387 invitarentur,
1497 4331 1675 4377 tamen
1705 4338 1810 4378 non
1837 4322 2203 4388 occurrerint;

647 4412 720 4466 ob
751 4412 911 4482 idque
942 4413 1178 4468 damnati
1207 4422 1351 4469 sunt.
1382 4412 1639 4482 Alloquor
1671 4414 1811 4469 enim
1847 4415 1900 4469 in
1938 4413 2204 4469 communi

2302 3219 2529 3281 λάστους
2567 3218 2817 3285 γλώσσας
2862 3216 3042 3270 αὐτῶν
3089 3218 3182 3270 καὶ
3221 3218 3318 3281 τάς
3363 3217 3679 3287 ἀγνώμονας
3741 3218 3876 3286 γνώ-

2307 3325 2446 3380 μας·
2494 3309 2676 3371 αὐτοῖς
2707 3307 2813 3378 γάρ
2845 3309 3116 3378 χρήσομαι
3145 3310 3239 3361 τοῦ
3273 3311 3577 3379 σοφωτάτου
3610 3313 3736 3376 τοῖς
3786 3313 3872 3381 ῥή-

2306 3417 2487 3473 μασιν.
2546 3398 2683 3452 Ἀλλ’
2738 3398 2924 3470 ἐπειδὴ
2977 3398 3133 3460 τότε,
3190 3399 3257 3451 δι’
3305 3402 3368 3468 ἦν
3417 3402 3607 3471 δήποτε
3663 3403 3871 3466 αἰτίαν,

2301 3491 2677 3563 ἀπεσιώπησε,
2711 3490 2804 3545 νῦν
2847 3488 3160 3564 ὲρωτάσθω,
3190 3489 3282 3543 νῦν
3316 3490 3687 3558 ἀποκρινέσθω
3728 3493 3870 3562 (67)·

2300 3585 2445 3647 τίνες
2473 3586 2520 3637 οἱ
2549 3583 2843 3654 κατήγοροι
2872 3584 2944 3646 οἱ,
2973 3581 3051 3653 τῷ
3090 3580 3381 3652 προλαϐεῖν
3410 3583 3526 3642 ταῖς
3572 3580 3870 3645 διαϐολαῖς,

2301 3677 2602 3744 ἀναγκαίαν
2651 3675 2800 3745 αὐτῷ
2835 3675 2935 3744 τὴν
2982 3673 3279 3742 ἀπολογίαν
3337 3674 3869 3737 κατασκευάζοντες;

2304 3768 2367 3820 ἐκ
2414 3767 2572 3830 ποίας
2618 3766 2938 3836 οἰκουμένης
2981 3764 3258 3830 ὲλθόντες;
3301 3764 3446 3830 τίνες
3489 3765 3535 3817 οἱ
3582 3764 3868 3824 δικασταὶ,

2303 3858 2386 3926 ἐφ’
2415 3849 2490 3911 ὧν
2547 3855 2841 3911 διατίθεται
2876 3855 2968 3910 τὸν
3012 3855 3232 3926 ἀγῶνας
3266 3857 3326 3910 ἐν
3369 3856 3502 3927 ποίῳ
3531 3854 3870 3927 δικαστηρίῳ

2301 3947 2398 4020 τὴν
2432 3949 2646 4021 γραφὴν
2678 3946 2881 4018 ταύτην
2923 3947 3212 4018 ὑπεισῆλθε
3253 3946 3395 4017 (68);
3428 3945 3526 4000 πού
3557 3945 3672 4014 γῆς
3709 3946 3745 4015 ἢ
3781 3945 3868 3997 θα-

2301 4038 2500 4111 λάττης
2535 4040 2986 4111 συγκροτηθέντι;
3022 4039 3086 4091 Τί
3119 4038 3226 4108 γὰρ
3271 4037 3335 4090 ἂν
3367 4038 3459 4090 καὶ
3497 4037 3744 4102 εἴποιεν;
3787 4037 3868 4089 Ἐν

2303 4130 2624 4204 Σελευκείᾳ;
2666 4132 2822 4184 Ἀλλά
2853 4129 3228 4198 σιωπήσαντες
3257 4127 3368 4198 (b9)
3403 4127 3663 4191 ἑάλωσαν,
3695 4129 3760 4181 οἵ
3787 4145 3864 4194 γε,

2303 4221 2762 4294 προκαλουμένων
2805 4219 3063 4282 πολλάκις
3107 4218 3215 4273 τῶν
3263 4217 3615 4272 συνελθόντων
3650 4219 3736 4282 είς
3777 4217 3867 4282 τάς

2306 4312 2444 4384 ὑπὲρ
2459 4313 2567 4367 τῶν
2590 4310 2996 4383 ἐπιφερομένων
3017 4309 3260 4375 εὐθύνας,
3278 4310 3375 4364 οὐκ
3397 4309 3718 4381 ἀπήντησαν
3735 4308 3862 4381 (⁵10)⁸

2305 4407 2388 4475 ἐφ’
2414 4401 2495 4470 οἷς
2516 4407 2578 4478 δὴ
2609 4406 2706 4461 καὶ
2746 4403 3142 4477 κατεκρίθησαν
3175 4403 3492 4477 τηνικαῦτα.
3523 4403 3723 4467 Κοινδς
3765 4403 3864 4473 γάρ

649 4517 860 4558 omnem
879 4502 1036 4558 simul
1053 4511 1273 4566 cretum,
1293 4503 1454 4573 210
1468 4503 1554 4573 qui
1575 4512 1790 4573 propter
1814 4502 2100 4572 impietatis
2115 4518 2203 4558 so-

2310 4515 2400 4570 μοι
2445 4498 2473 4551 ὁ
2518 4498 2672 4569 λόγος
2719 4498 2853 4569 πρὸς
2886 4497 3031 4552 ἅπαν
3074 4498 3207 4570 ὁμοῦ
3240 4498 3300 4552 τὸ
3343 4498 3644 4565 σύνταγμα,
3694 4497 3754 4549 τὸ
3785 4497 3863 4550 διά

650 4591 898 4648 cietatem
914 4591 1374 4648 velutmorbosum
1391 4591 1657 4663 quoddam
1692 4591 1986 4647 membrum
2014 4606 2046 4646 a
2075 4605 2206 4646 sano

723 4836 837 4908 (64)
887 4836 1110 4907 Legitur
1155 4837 1208 4892 in
1256 4838 1416 4896 editis
1471 4840 1609 4894 intra
1676 4848 1986 4895 contextum
2035 4839 2209 4892 Εὖν...

655 4906 868 4979 Βα“σ..’.;
897 4906 1109 4973 contra,
1151 4909 1261 4972 illa,
1295 4911 1468 4965 Εὺν...
1502 4910 1660 4974 Βασ.,
1694 4911 1745 4964 in
1777 4924 1871 4964 ora
1913 4908 2062 4979 Regii
2100 4921 2209 4963 ter-

653 4978 718 5031 tii
765 4978 1136 5036 inveniuntur.
1193 4979 1336 5034 Nihil
1389 4989 1566 5035 tamen
1611 4981 1923 5035 mutandum
1947 4978 2211 5049 judicavi-

653 5062 839 5241 1:335)
890 5118 1026 5192 Reg.
1085 5121 1274 5177 tertius
1310 5131 1365 5176 ct
1406 5119 1553 5178 Colb.
1597 5119 1908 5192 ἀγνώμονος
1960 5117 2211 5190 πονηρῶν

657 5208 844 5331 ³ω’(ξᾷβ)
868 5258 1088 5330 Antiqui
1119 5263 1224 5317 duo
1251 5261 1370 5315 libri
1404 5262 1733 5331 εἰσέρχεται,
1765 5277 1866 5314 non
1899 5269 1968 5314 ita
2013 5268 2176 5315 recte.

755 5260 844 5330 66)
868 5259 1088 5330 Antiqui
1119 5263 1224 5317 duo
1251 5261 1370 5315 libri
1404 5262 1733 5331 εἰσέρχεται,
1765 5277 1866 5314 non
1899 5269 1968 5314 ita
2013 5268 2176 5315 recte.

727 5259 840 5402 ἒϐη
869 5331 1096 5387 Codices
1143 5333 1247 5386 duo
1293 5332 1685 5403 ἀποκρινέσθω.
1741 5333 1878 5387 Editi
1927 5327 2217 5402 ἀποκρινά-

659 5401 1126 5545 σθῖὲὃλνειετεξ
1146 5472 1348 5542 aliquot
1403 5473 1523 5527 ιιιηί
1570 5473 1783 5544 γραφὴν
1807 5472 2072 5545 εἰσῆλθεν.
2104 5468 2215 5524 Nec

663 5541 750 5597 ita
765 5541 934 5612 multo
955 5551 1076 5612 post
1096 5541 1482 5611 Rngquartus
1506 5545 1570 5597 ἂν
1586 5541 1589 5542 ⁷
1605 5541 1699 5598 καῖ
1717 5541 1879 5599 εἴποι.

732 5611 844 5683 (69)
875 5609 1013 5666 Editi
1067 5609 1201 5666 ἀλλά
1246 5609 1552 5678 σιωπῶντες
1582 5633 1595 5670 :
1638 5624 1691 5669 at
1726 5616 1938 5670 codices
1973 5609 2209 5667 melioris

667 5685 998 5754 Immone-rm
1007 5701 1211 5747 σαντες.

736 5752 845 5811 ΠΟ)
875 5752 1015 5810 Idem
1047 5754 1200 5813 docet
1221 5755 1544 5812 Athanasius
1567 5755 1658 5812 lib.
1679 5755 1860 5812 Deum
1889 5795 1902 5815 .
1926 5771 2070 5812 num.
2100 5753 2202 5808 l2:

2311 4591 2410 4664 τὴν
2451 4592 2732 4646 κοινωνίαν
2777 4589 2876 4658 τῆς
2924 4588 3201 4656 ἀσεϐείας,
3233 4590 3418 4644 ὥσπερ
3449 4607 3500 4643 τι
3533 4587 3698 4657 μέλος
3730 4605 3861 4641 νενο-

2318 4842 2484 4896 Τοῦτο
2513 4841 2568 4894 δὲ
2602 4839 2980 4910 πεποιήκασιν,
3024 4839 3209 4910 ἐπειδὴ
3260 4837 3543 4908 κληθέντες
3591 4837 3857 4910 ἀπολογή-

2318 4912 2510 4965 σασθαι
2527 4903 2700 4980 ὲφόἷς
2722 4903 2895 4966 αὐτῶν
2920 4903 3156 4964 πλεῖστοι
3184 4903 3536 4979 κατηγόρουν,
3559 4909 3662 4981 ούκ
3686 4903 3853 4981 ἀπή·ιῖ-

2316 5000 2507 5053 τησαν.
2535 4982 2663 5053 Ιίίίεο
2696 4992 2864 5053 autem
2902 4983 2998 5034 hoc
3027 4982 3276 5050 fecerunt,
3309 4982 3445 5050 quod
3477 4981 3529 5033 in
3550 4980 3643 5048 jus
3678 4980 3853 5053 vocati,

2317 5050 2427 5105 uta
2459 5052 2636 5105 multis
2664 5051 2857 5105 allatas
2885 5055 3156 5105 adversum
3187 5067 3241 5103 se
3274 5053 3662 5104 criminationes
3690 5050 3853 5114 depcl-

2317 5123 2503 5187 lercm,
2533 5138 2635 5175 non
2681 5123 3130 5191 comparuiuent._
3153 5118 3410 5190 Loquitur
3441 5121 3853 5191 Athanasiuside

2317 5193 2604 5260 episcojiis,
2639 5192 2727 5261 qui
2759 5189 2808 5244 in
2849 5193 3079 5245 concilio
3107 5189 3432 5247 Seleucicnsi
3482 5201 3570 5243 aut
3609 5190 3848 5258 depositi,

2320 5273 2413 5316 aut
2438 5260 2810 5315 communione
2843 5262 3036 5330 privati
3066 5261 3302 5315 fuerunt.
3330 5260 3676 5315 Athanasium
3709 5275 3849 5311 secu-

2317 5342 2401 5401 tus
2445 5333 2694 5386 Socrates
2729 5332 2818 5384 lib.
2874 5347 2932 5393 Il,
2971 5347 3088 5401 cap.
3137 5333 3224 5398 40,
3269 5332 3337 5385 ita
3391 5330 3598 5396 scripsit
3648 5347 3664 5382 :
3702 5330 3851 5401 _'Er:sl

2313 5399 2405 5456 οὖν
2434 5401 2691 5465 πολλάκις
2723 5399 3049 5472 καλούμενοί
3092 5403 3190 5456 οὐκ
3245 5402 3578 5472 ἀπήντησαν,
3617 5399 3850 5472 καθεῖλον

2314 5473 2475 5526 αὐτόν
2505 5489 2562 5526 τε
2591 5474 2858 5535 Ἀκάκιον,
2893 5468 3160 5543 Γεώργιον
3182 5468 3724 5543 Ἀ).εξανδρείας,-ειρ.
3756 5468 3850 5543 Sed

2316 5546 2559 5612 quoniam
2594 5546 2785 5610 Impius
2840 5540 3077 5597 accersiti
3137 5541 3738 5612 venireidetrectabant,
3769 5540 3848 5609 dc-

2314 5610 2600 5682 posucrunt
2650 5623 2696 5669 cl
2745 5614 2912 5680 ipsum
2973 5614 3242 5678 Acacium,
3307 5611 3584 5682 Georgium
3634 5610 3846 5664 Alexan-

2313 5686 2463 5752 (Μαι,
2492 5695 2594 5741 etc.
