4058 6320
700 370 806 419 507

2016 376 2071 428 S.
2117 376 2358 432 BASILII
2400 377 2617 435 MAGNI

3810 394 3902 449 508

703 477 1016 544 dignitatum
1054 479 1233 531 liabita
1289 490 1536 549 ratione;
1583 500 1753 555 neque
1795 504 1951 544 aures
1994 493 2236 549 obturarr

2351 513 2446 557 τας
2474 497 2618 567 (77)·
2671 499 2804 570 μήτε
2859 499 2963 572 μὴν
3011 501 3279 572 ἀξιώμασι
3315 505 3682 576 προσέχοντας
3732 511 3901 578 ἀμαυ-

698 566 1107 633 posterioribus,
1134 571 1370 637 priorum
1404 576 1600 644 agmini
1642 593 1894 635 concessa
1930 583 2176 640 victoria.

764 868 890 924 Bas.
916 872 1052 938 Quid
1078 873 1244 930 dicis?
1278 877 1586 936 Palmamne
1609 883 1794 938 demus
1817 887 2205 957 antiquioribus
2226 889 2248 942 ’ί

697 976 764 1014 ne
797 977 1136 1020 revereamur
1164 969 1556 1025 multitudinem
1589 973 2043 1041 Christianorum,
2077 992 2248 1046 neque

695 1069 880 1109 eorum
908 1058 1000 1126 qui
1041 1075 1180 1113 nunc
1217 1070 1370 1125 sunt,
1403 1077 1576 1133 neque
1619 1082 1803 1121 eorum
1861 1070 1952 1140 qui
2009 1069 2249 1135 luerunt,

696 1159 763 1199 ex
800 1162 906 1215 quo
935 1150 1278 1217 praedicatum
1311 1162 1393 1207 est
1416 1153 1809 1223 Evangelium?
1840 1175 1906 1214 ne
1941 1167 2246 1227 reputemus

698 1237 1010 1307 dignitatem
1062 1255 1270 1308 eorum,
1304 1245 1397 1314 qui
1453 1247 1603 1301 donis
1654 1249 2024 1317 spiritualibus
2071 1250 2250 1318 cujus-

695 1345 905 1399 cunque
934 1337 1146 1403 generis
1181 1335 1510 1402 claruerunt,
1555 1341 1748 1409 quibus
1791 1342 2036 1396 omnibus
2066 1343 2246 1397 inimi-

693 1438 812 1476 cam
846 1433 895 1477 et
920 1425 1200 1480 adversam
1226 1429 1364 1484 lianc
1399 1431 1537 1485 viam
1567 1433 1853 1502 impietatis
1873 1447 2060 1489 recens
2088 1449 2246 1487 exco-

694 1513 872 1580 gitasti
911 1533 924 1571 :
956 1517 1047 1570 sed
1073 1518 1268 1572 clausis
1300 1535 1521 1588 prorsus
1547 1525 1738 1576 animae
1771 1523 1965 1589 oculis,
1996 1535 2047 1580 et
2073 1524 2241 1578 sancti

693 1603 980 1672 cujuslibet
1032 1607 1129 1660 viri
1190 1613 1447 1665 memoria
1493 1614 1647 1680 211
1691 1627 1722 1666 e
1769 1626 1949 1669 mente
1997 1613 2240 1681 depulsa,

693 1699 1056 1766 unusquisque
1089 1713 1182 1754 cor
1209 1712 1446 1756 nostrum
1476 1707 1702 1757 otiosum
1735 1720 1797 1759 ac
1825 1713 2100 1774 purgatum
2155 1721 2243 1758 ca-

2353 587 2571 658 ροῦσθαι
2608 588 2706 660 τὴν
2752 590 3005 656 διάνοιαν,
3050 592 3082 662 ἢ
3142 596 3206 664 τῇ
3236 596 3402 660 -τάξει
3451 597 3558 648 τῶν
3609 599 3902 668 προλαϐόν-

2348 699 2452 734 των
2481 680 2539 733 τὸ
2573 681 2731 736 πλέον
2761 683 3037 754 νέμοντας,
3075 688 3440 758 ἀποφράττειν
3468 692 3565 755 τὰς
3594 693 3765 755 ἀκοὰς
3805 697 3902 755 τοῖς

2352 773 2613 844 ὑστέροις.

2417 886 2562 940 ΒΑΣ.
2595 889 2659 943 Τί
2691 889 2893 959 λέγεις;
2929 893 3018 963 Μὴ
3051 893 3318 964 νείμωμεν
3348 897 3405 948 τὸ
3436 900 3594 952 πλέον
3627 902 3742 960 τοῖς
3782 918 3902 969 προ-

2345 977 2610 1044 λαϐοῦσις
2662 984 2733 1053 μὴ
2789 985 3120 1056 αίδεσοῶμεν
3171 988 3230 1039 τὸ
3286 987 3486 1056 πλῆθος
3541 995 3651 1048 τῶν
3701 1011 3762 1044 τε
3817 996 3898 1045 via

2345 1071 2511 1124 ὅντων
2549 1074 2901 1142 Χριστιανῶν,
2945 1080 3037 1130 καὶ
3081 1078 3186 1131 τῶν
3227 1079 3337 1131 ὅσοι
3378 1083 3664 1148 γεγόνασιν
3726 1086 3818 1154 ἀφ’
3847 1079 3897 1135 οἱ

2419 1163 2653 1236 τηγγέλη
2701 1165 2761 1219 τὸ
2799 1165 3155 1234 Εὑαγγέλιον;
3199 1171 3270 1242 μὴ
3303 1170 3644 1241 λογισώμεθα
3695 1178 3755 1230 τὸ
3799 1176 3900 1240 ἀξί-

2345 1271 2468 1324 ωμα
2498 1254 2602 1306 τῶν
2633 1258 2688 1308 ὲν
2723 1257 2987 1321 παντοίοις
3014 1262 3310 1332 χαρίσμασι
3345 1265 3715 1330 διαφανέντων
3754 1283 3901 1320 πνευ-

2349 1349 2612 1416 ματικοῖς,
2639 1345 2719 1412 οἷς
2763 1352 2958 1404 ἅπασιν
2988 1353 3184 1422 ἐχθρὰν
3221 1356 3311 1408 καὶ
3359 1354 3621 1426 πολεμίαν
3669 1358 3769 1426 τὴν
3817 1378 3900 1412 πο-

2344 1440 2513 1511 νηρὰν
2562 1441 2676 1494 ὁδον
2730 1444 2928 1514 ταύτην
2974 1445 3072 1515 τῆς
3135 1447 3381 1512 ἀσεϐείας
3435 1447 3896 1516 ὲκαινοτόμησας;

2345 1532 2477 1584 ἀλλά
2519 1533 2782 1602 μύσαντες
2815 1534 3144 1601 ἁπαξαπλῶς
3188 1539 3313 1600 τοὺς
3357 1541 3453 1608 τῆς
3499 1541 3680 1611 ψυχῆς
3714 1541 3898 1606 defigi-

2348 1623 2497 1690 μους,
2541 1623 2631 1674 καὶ
2663 1626 2859 1688 παντὸς
2893 1627 3044 1694 ἁγίου
3086 1629 3300 1697 μνήμην
3332 1629 3429 1696 τῆς
3469 1631 3712 1692 διανοίας
3742 1631 3900 1696 ὑπερ.

2343 1714 2637 1783 ορίσαντες,
2684 1717 3042 1785 σχολάζουσαν
3073 1719 3164 1772 καὶ
3210 1724 3596 1793 σεσαρωμένην
3638 1723 3741 1791 τὴν
3785 1723 3900 1772 ἑαυσ

691 1787 958 1854 ptionibus
979 1805 1039 1844 ac
1072 1792 1412 1861 sophismatis
1435 1795 1538 1850 tuis
1555 1797 1874 1852 subdamus?
1903 1794 2089 1864 Magna
2118 1813 2236 1866 pro-

2341 1804 2433 1856 τοῦ
2479 1807 2699 1876 καρδίαν
2730 1809 2955 1874 ἕκαστος
2985 1813 3101 1873 ταῖς
3144 1816 3496 1881 παραγωγαῖς
3528 1832 3622 1866 σου
3667 1815 3764 1867 καὶ
3796 1816 3898 1874 τοῖς

693 1879 832 1932 lecto
868 1880 1003 1934 foret
1033 1892 1118 1935 tua
1159 1885 1419 1950 potentia,
1455 1886 1497 1941 si
1526 1904 1641 1956 qua:
1675 1886 1949 1952 multiplici
1991 1903 2088 1942 suo
2119 1889 2241 1941 arti-

692 1971 810 2025 licio
842 1973 1083 2028 diabolus
1105 1987 1428 2031 consecutus
1462 1993 1564 2031 non
1591 1983 1691 2038 est,
1724 1992 1785 2030 ea
1816 1977 1908 2030 tibi
1933 1977 2048 2032 solo
2077 1980 2242 2045 impe-

692 2065 770 2116 rio
796 2067 1006 2131 assequi
1031 2069 1366 2137 contingeret
1394 2090 1406 2122 :
1433 2071 1474 2122 si
1507 2068 1755 2122 videlicet
1781 2084 2033 2137 persuasu
2071 2085 2134 2124 ac
2163 2072 2241 2123 itt-

688 2156 850 2209 ductu
886 2166 974 2211 tuo
1022 2160 1361 2214 traditionem
1404 2175 1522 2228 qua:
1567 2174 1658 2228 per
1705 2163 2034 2229 praeteritum
2081 2177 2241 2218 omne

691 2257 900 2318 tempus
933 2251 1068 2319 apud
1100 2259 1406 2304 totsauctos
1429 2251 1678 2316 obtinuit,
1700 2252 1859 2321 impio
1891 2264 2071 2307 vestro
2103 2269 2243 2306 cont-

692 2354 872 2396 mento
912 2352 1374 2410 postponeremus.
1419 2342 1552 2396 lluic
1600 2353 1778 2397 autem
1819 2346 1949 2397 satis
1997 2360 2100 2397 non
2136 2354 2237 2406 est,

688 2447 874 2485 eorum
896 2433 1258 2501 duntaxatqui
1285 2447 1423 2486 nunc
1455 2433 1677 2487 audiunt
1707 2433 1942 2486 animum
1979 2449 2236 2500 avocare;

685 2523 781 2576 sed
827 2522 1061 2591 postulat
1090 2524 1277 2587 etiam,
1311 2536 1367 2577 ut
1417 2525 1452 2577 ii
1495 2525 1585 2594 qui
1615 2526 1862 2593 deinceps
1908 2526 2139 2579 libellum
2171 2528 2242 2581 le-

686 2613 828 2666 cturi
886 2622 1025 2678 sunt,
1069 2613 1305 2668 habeant
1337 2623 1569 2669 mentem
1603 2616 1868 2668 eamdem.
1905 2615 1949 2670 Ο
2006 2617 2235 2671 fastum!

689 2713 877 2769 putare
907 2704 1098 2755 librum
1129 2705 1228 2758 sibi
1261 2707 1419 2758 etiam
1472 2707 1523 2758 in
1568 2717 1839 2774 posterum
1895 2709 2237 2774 superstitem

687 2796 820 2860 fore,
868 2808 923 2850 et
973 2797 1285 2850 memoriam
1313 2811 1464 2850 suam
1502 2811 1770 2866 nunquam
1815 2797 2127 2865 perituram.
2176 2797 2242 2852 Et

687 2904 826 2942 nuttc
855 2889 1070 2956 quidem
1102 2897 1380 2958 tantopere
1410 2888 1724 2943 intumescit
1777 2889 1867 2956 qui
1917 2888 2072 2956 paulo
2119 2896 2240 2956 post

687 2981 826 3048 apud
853 2980 1125 3034 auditores
1158 2979 1383 3048 ioculari
1412 2983 1639 3049 quadam
1681 2979 2021 3034 simulatione
2049 2979 2236 3045 utitur,

684 3070 836 3138 quasi
866 3072 1058 3125 fastum
1083 3087 1295 3127 omnem
1325 3071 1617 3142 negligens,
1645 3069 1848 3142 sicque
1905 3087 2040 3141 quos
2087 3071 2242 3127 ﬁnxit

681 3164 888 3232 judices
911 3165 1204 3235 alloquens.

757 3499 888 3554 Eun.
923 3500 1000 3552 Ad
1049 3501 1181 3563 haec,
1231 3511 1402 3568 neque
1443 3499 1596 3552 nobis
1633 3500 2016 3562 succenseatis,
2059 3501 2100 3552 si
2136 3500 2240 3553 fas‘

687 3599 797 3643 tum
822 3592 1150 3661 negligentes
1182 3607 1242 3646 ac
1275 3591 1543 3652 timorem,
1579 3591 1868 3660 gratiaque
1915 3593 2162 3660 praasenti
2187 3602 2240 3644 et

687 3684 964 3737 securitati
1003 3683 1345 3750 praeferentes
1376 3683 1725 3737 securitatem
1762 3685 1828 3736 ad
1873 3683 2052 3739 futura
2113 3685 2239 3738 atti-

683 3784 921 3838 ttentem,
956 3785 1114 3841 atque
1153 3774 1445 3827 intentatas
1477 3774 1657 3844 impiis
1683 3774 1851 3828 minus
1883 3777 2051 3843 magis
2079 3790 2237 3843 quant

707 3881 948 3921 errenam
977 3881 1188 3920 omnem
1223 3867 1564 3919 alllictiouem
1608 3882 1670 3920 ac
1703 3878 1925 3918 mortem
1966 3877 2238 3936 tempora-

691 3974 787 4012 .em
817 3958 1123 4012 metuendas
1153 3972 1270 4012 esse.
1296 3957 1563 4022 arbitrati,
1588 3958 1867 4010 veritatem
1901 3959 2096 4010 nudam
2123 3962 2238 4013 abs-

684 4066 788 4118 que
810 4050 915 4105 ullo
937 4051 1196 4106 velamine
1226 4065 1576 4120 exponamus.

751 4249 872 4304 Bas.
904 4249 1072 4316 Quam
1097 4253 1361 4318 superbire
1390 4251 1891 4304 immoderationem
1945 4253 2058 4304 hate
2112 4265 2234 4304 ver-

680 4343 866 4396 borum
895 4358 1084 4412 pompa
1116 4357 1218 4394 nou
1247 4343 1494 4395 excedit?
1522 4342 1656 4406 Quin
1684 4343 1834 4393 adest
1855 4342 2047 4394 cavillo
2072 4344 2232 4394 etiam

681 4434 1000 4487 contumelia
1057 4435 1106 4487 in
1138 4435 1379 4500 indices:
1448 4433 1734 4501 siquidem,
1769 4441 2054 4500 propterea
2090 4436 2235 4502 quod

679 4527 818 4578 bona
855 4540 994 4594 aegre
1051 4524 1247 4588 ferant,
1284 4527 1368 4579 vix
1429 4533 1647 4594 possunt
1700 4524 1832 4593 quin
1879 4535 2234 4576 succenseant

2342 1895 2635 1966 σοξίσμασι
2682 1900 2933 1970 φέροντες
2986 1905 3299 1974 ὑποοῶμεν;
3358 1905 3611 1976 Μεγάλης
3670 1908 3813 1977 μέντ’
3840 1906 3897 1958 ἀν

2340 1988 2456 2057 εἴης
2487 1990 2585 2057 τῆς
2628 1990 2936 2057 δυναστείας
2987 1997 3402 2066 ἐπειλημμένος,
3455 1999 3614 2068 εἴπερ

2340 2079 2608 2143 ποικίλαις
2666 2084 2857 2138 ἑαυτοῦ
2921 2086 3216 2156 μεθοδείαις
3284 2089 3310 2138 ὁ
3365 2087 3606 2152 διάϐολος
3660 2092 3763 2142 οὑκ
3807 2090 3896 2139 ἑπ-

3661 1993 3738 2051 ὧν
3787 1998 3898 2055 ταῖς

2341 2174 2517 2244 έτυχε,
2552 2174 2752 2229 τούτων
2802 2197 2880 2231 σοι
2906 2183 3084 2250 τυχεῖν
3112 2180 3169 2243 ἐξ
3194 2182 3561 2250 ἐπιτάγματος
3587 2183 3894 2253 περιέσται·

2341 2267 2434 2318 ἐάν
2480 2285 2602 2338 περ.
2640 2271 2946 2335 πεισθέντες
2999 2289 3095 2334 σοι,
3139 2271 3235 2343 τὴν
3281 2274 3337 2324 ἐν
3373 2276 3533 2327 παντὶ
3579 2275 3657 2344 τῷ
3707 2275 3900 2342 παρελ-

2341 2357 2483 2410 Θόντι
2543 2361 2714 2430 χρόνῳ
2773 2363 2875 2414 ὑπὸ
2940 2363 3201 2416 τοσούτων
3263 2366 3429 2433 ἁγίων
3498 2368 3899 2438 κεκρατηκυῐαν

2339 2450 2631 2516 παράδοσιν
2675 2452 2996 2524 ἀτιμοτέραν
3033 2455 3140 2523 (78)
3175 2458 3444 2527 κρίνωμεν
3485 2462 3584 2529 τῆς
3614 2458 3898 2520 δυσσεϐῶς

2341 2539 2491 2609 ὑμῶν
2523 2543 2779 2605 ἐπινοίας.
2807 2543 2894 2612 Τῷ
2927 2544 2980 2597 δὲ
3030 2546 3127 2598 οὑκ
3176 2547 3394 2617 ἐξαρκεῖ
3441 2553 3601 2618 μόνον
3653 2550 3762 2602 τῶν
3811 2549 3897 2600 νῦν

2341 2632 2637 2684 ἀκουόντων
2675 2635 2798 2696 τοὺς
2836 2635 3122 2706 λογισμοὺς
3155 2638 3461 2705 ὑφελέσθαι,
3494 2639 3608 2689 ἀλλ’
3637 2639 3780 2700 ἁξιοί
3814 2640 3897 2690 καὶ

2339 2725 2462 2788 τοὺς
2492 2725 2711 2796 ὕστερόν
2746 2743 2872 2780 ποτε
2909 2730 3291 2798 συνεσομένους
3323 2718 3396 2798 τῷ
3438 2729 3580 2798 λόγῳ
3607 2730 3705 2800 τὴν
3740 2728 3898 2796 αὐτὴν

2341 2813 2482 2883 ἔχειν
2511 2816 2751 2886 γνώμην.
2783 2820 2845 2869 Ὢ
2882 2821 2978 2888 τῆς
3010 2818 3354 2882 ἀλαζονείαςί
3388 2820 3446 2871 τὸ
3478 2820 3570 2872 καὶ
3625 2823 3704 2881 είς
3755 2819 3901 2872 ὕστε-

2343 2920 2431 2976 ρον
2466 2907 2574 2972 (79)
2600 2909 2801 2961 οἴεσθαι
2837 2909 2982 2980 αὑτῷ
3003 2909 3303 2980 διαρκέσειν
3322 2912 3410 2964 τὸν
3442 2911 3620 2981 λόγον,
3649 2913 3745 2966 καὶ
3780 2913 3901 2966 diii-

2341 3013 2494 3050 νατον
2521 3003 2596 3062 εἰς
2631 3001 2720 3052 τὸν
2751 3003 2966 3053 ἐπιόντα
3001 3004 3188 3070 χρόνον
3217 3006 3312 3073 τὴν
3347 3006 3562 3074 μνήμην
3598 3005 3764 3057 αὑτοῦ
3806 3020 3897 3071 ςυ-

2343 3089 2721 3160 λαχθήσεσοαι.
2750 3093 2858 3145 Καὶ
2898 3092 3066 3144 ταῦτα
3103 3094 3195 3146 νῦν
3232 3096 3692 3158 ἀπαυθαδιαζεται
3720 3101 3748 3148 ὁ
3794 3097 3898 3164 μετ’

2269 3193 2309 3248 C
2343 3183 2495 3250 ὀλίγα
2541 3185 2674 3255 πρὸς
2718 3186 2840 3248 τοὺς
2902 3185 3280 3256 ἀκροωμένους
3323 3187 3787 3257 διαθρυπτόμενος
3831 3189 3899 3252 ὼς

2344 3272 2509 3341 τύφου
2547 3276 2740 3338 παντὸς
2769 3277 3001 3346 ἀμελῶν,
3027 3277 3225 3328 οὑτωσὶ
3258 3277 3427 3346 λέγων
3455 3282 3562 3341 τοῖς
3598 3281 3656 3330 ἐν
3682 3282 3763 3350 τῷ
3791 3281 3901 3350 δρά-

2349 3382 2474 3434 ματι
2508 3367 2804 3430 δικασταῖς.

2413 3481 2570 3535 ΕΥΝ.
2602 3482 2742 3550 Πρός
2773 3482 2828 3533 δὲ
2857 3481 3065 3546 τούτοις
3093 3483 3224 3554 μηδὲ
3268 3486 3396 3554 ἡμῖν
3426 3483 3793 3553 χαλεπαίνειν,
3827 3487 3896 3543 εἰ,

2344 3571 2508 3639 τύφου
2547 3574 2642 3642 μὲν
2686 3575 3053 3643 ἀμελήσαντες
3083 3577 3176 3626 καὶ
3217 3575 3400 3641 φόϐου,
3444 3575 3537 3643 τῆς
3585 3576 3641 3627 δὲ
3689 3595 3896 3646 παραυ-

2343 3666 2470 3718 τίκα
2508 3667 2727 3738 χάριτος
2761 3668 2851 3719 καὶ
2895 3667 3189 3734 ἀσφαλείας
3221 3667 3316 3732 τὴν
3352 3667 3486 3736 ὑπὲρ
3522 3668 3627 3718 τῶν
3678 3670 3898 3736 μελλόν-

2344 3776 2448 3810 των
2475 3759 2651 3812 ἄδειαν
2693 3762 3138 3830 προτιμήσαντες,
3174 3758 3266 3809 καὶ
3310 3759 3482 3826 πάσης
3511 3760 3762 3825 ἐπιγείου
3808 3778 3898 3812 κσ-

2345 3848 2636 3910 κοπαθείας
2683 3849 2908 3900 θανάτου
2938 3864 2994 3898 τε
3034 3848 3364 3920 προσκαίρου
3403 3849 3786 3918 φοϐερωτέραν

2345 3939 2482 3990 κατά
2528 3940 2632 3990 τῶν
2663 3939 2868 3991 ἀσεϐῶν
2899 3937 3204 4008 ὡρισμένην
3245 3939 3467 4007 ἀπειλὴν
3509 3935 3651 3989 εἶναι
3687 3941 3897 4007 κρίναν-

2342 4047 2455 4088 τες.
2489 4029 2682 4092 παντὸς
2729 4028 3168 4098 ὲπικαλύμματος
3209 4029 3416 4099 γυμνὴν
3448 4027 3775 4097 ὲκτιῦέμεΟα
3810 4031 3896 4097 τὴν

2342 4120 2612 4190 ἀλήθειαν.

2410 4234 2554 4286 ΒΛΣ.
2591 4233 2754 4295 Ποίας
2803 4232 3110 4297 ἀλαζονείας
3154 4231 3450 4303 ὑπερϐολὴν
3478 4232 3503 4282 ὁ
3544 4231 3768 4299 κόμπος
3820 4227 3897 4282 οἷ-

2341 4340 2428 4386 τος
2475 4324 2577 4376 τῶν
2626 4325 2793 4392 λόγων
2844 4327 2940 4394 οὑχ
2990 4326 3311 4396 ὑπεραίρει;
3360 4325 3466 4376 Καὶ
3515 4324 3789 4392 πρόσεστι
3839 4327 3892 4390 τῇ

2342 4418 2588 4487 εἰρωνείᾳ
2617 4420 2708 4469 καὶ
2739 4417 2891 4487 ὕϐρις
2926 4417 3064 4470 κατά
3098 4416 3203 4469 τῶν
3245 4416 3559 4479 δικαζόντων
3584 4431 3597 4443 ·
3633 4415 3796 4482 εἴπερ
3830 4416 3893 4480 τίς.

2342 4507 2474 4576 πρδς
2506 4507 2572 4559 τά
2600 4508 2737 4560 καλά
2776 4507 3047 4576 δυσχερῶς
3087 4507 3226 4574 ἔχειν
3261 4507 3408 4574 μόλις
3453 4505 3779 4572 κατέχονται
3810 4522 3893 4572 χαι

681 4618 818 4681 viro,
854 4619 941 4685 qui
979 4619 1195 4688 negligit
1223 4619 1414 4672 fastum
1434 4635 1496 4672 ac
1530 4627 1788 4670 tumorem
1815 4634 1828 4680 ;
1859 4615 1948 4683 qui
1983 4625 2231 4682 spectan-

2337 4598 2671 4659 λεπαίνοντες
2694 4597 2976 4667 ἀμελοῦντι
3007 4597 3100 4665 μὲν
3135 4596 3418 4657 αὐθαδείας
3441 4596 3528 4646 καὶ
3550 4595 3732 4661 τύᾷου
3770 4599 3888 4656 ιδυι,

683 4717 791 4760 tem
837 4707 901 4761 ad
938 4707 1111 4760 futura
1145 4709 1481 4761 securitatem
1522 4707 1769 4774 prrcsenti
1812 4719 1918 4756 suae
1953 4703 2230 4755 securitati

680 4797 986 4864 anteponit;
1021 4795 1110 4864 qui
1136 4795 1367 4847 futurum
1395 4794 1710 4863 supplicium
1749 4802 1917 4847 morte
1945 4791 2230 4859 temporali

681 4887 990 4941 horribilius
1026 4888 1244 4954 judicat.
1281 4885 1418 4950 Quid
1471 4896 1645 4939 autem
1680 4886 1784 4939 hoc
1806 4886 1906 4938 sibi
1944 4885 2100 4936 vult?
2134 4882 2230 4949 Ne,

679 4979 798 5043 viri,
829 4980 1188 5032 succenseatis
1233 4977 1378 5042 mihi,
1420 4978 1509 5046 qui
1539 4977 1604 5029 ad
1644 4978 1814 5045 ipsunt
1851 4977 2072 5029 virtutis
2099 4976 2212 5045 api-

746 5222 854 5297 (TA77)
892 5226 1022 5294 Reg.
1055 5228 1241 5281 tertius
1271 5228 1622 5297 συνάψαντας.

747 5295 853 5363 (78)
895 5297 1022 5368 lteg.
1047 5309 1269 5361 quartus
1295 5295 1565 5368 κρινοῖμεν
1607 5317 1618 5352 :
1648 5315 1749 5364 quo
1778 5297 1829 5350 in
1878 5300 2062 5353 codice
2089 5298 2210 5367 legi-

672 5373 760 5418 tur
788 5367 996 5436 quidem
1023 5369 1295 5435 περινοίας
1332 5367 1344 5421 i
1373 5372 1462 5421 sed
1487 5372 1554 5421 ita
1581 5379 1779 5432 tamen,
1813 5379 1869 5421 ttt
1903 5385 2024 5421 vera
2054 5371 2217 5436 lectio

673 5435 912 5496 ἐπινοίας
947 5438 997 5487 in
1023 5453 1112 5489 ora
1142 5438 1259 5489 libri
1292 5440 1467 5490 addita
1500 5439 1588 5491 sit.

673 5574 694 5590 ν
741 5506 848 5573 (79)
899 5506 1036 5559 Editi
1092 5508 1186 5558 καὶ
1219 5506 1460 5579 ὕστερον.
1515 5510 1737 5565 Codices
1785 5523 1886 5561 non
1925 5509 2076 5576 pauci
2141 5511 2219 5572 si;

671 5592 794 5627 υστε
805 5592 905 5642 ρον.

740 5643 851 5714 (80)
884 5647 1078 5699 Horum
1136 5647 1415 5702 verborum
1464 5663 1523 5701 ea
1558 5658 1639 5701 est
1678 5648 1940 5702 sententia
1975 5665 1988 5698 :
2037 5647 2216 5701 Euno-

671 5718 807 5772 mius
833 5717 884 5768 in
917 5733 1039 5772 suos
1065 5716 1271 5785 judices
1296 5720 1710 5773 contumeliosus
1739 5730 1843 5778 est,
1878 5734 1997 5770 cum
2030 5721 2093 5771 de
2133 5722 2211 5773 eis

671 5791 743 5840 ita
774 5786 1016 5852 loquatur
1049 5789 1197 5851 quasi
1225 5804 1312 5844 res
1347 5790 1636 5845 laudandus
1661 5789 1841 5844 animo
1867 5788 2048 5848 iniquo
2071 5789 2210 5845 ferre

2330 4696 2427 4760 τῆς
2467 4692 2522 4743 δὲ
2551 4694 2606 4742 ἐν
2638 4691 2713 4762 τῷ
2745 4692 2968 4761 παρόντι
2993 4691 3292 4758 ἀσφαλείας
3322 4691 3418 4760 τὴν
3453 4689 3587 4758 ὑπὲρ
3622 4690 3738 4740 τῶν
3775 4689 3890 4758 μελ-

2329 4786 2524 4838 λόντων
2553 4785 2732 4837 ἄδειαν
2767 4782 3120 4854 προτιμῶντι,
3153 4784 3245 4834 καὶ
3284 4781 3374 4832 τοῦ
3423 4781 3760 4851 προσκαίρου
3806 4780 3890 4830 6:-

2330 4882 2485 4934 νάτου
2522 4876 2899 4948 φοϐερωτέραν
2950 4876 3185 4946 κρίνοντι
3230 4875 3326 4943 τὴν
3379 4875 3456 4936 είς
3503 4872 3735 4942 ὕστερον
3788 4872 3887 4940 (81)

2320 4973 2554 5024 κόλασιν.
2597 4971 2764 5022 Τοῦτο
2791 4969 2844 5021 δέ
2875 4971 2988 5021 ἐστι
3036 4968 3122 5032 τί;
3168 4968 3257 5038 Μὴ
3291 4964 3641 5036 χαλεπαίνετέ
3695 4983 3808 5035 μοι,
3849 4959 3889 5016 ὦ

2329 5229 2647 5296 potuissent.
2707 5227 2860 5291 Milti,
2919 5226 3112 5296 inquit,
3152 5241 3220 5280 ne
3281 5224 3690 5296 succenseatis,
3757 5226 3887 5293 quod

2328 5294 2522 5352 fastum
2578 5314 2639 5349 ac,
2685 5308 2948 5351 tumorem
2999 5294 3351 5364 neglexerint,
3383 5307 3483 5350 etc.
3528 5294 3700 5347 Nemo
3753 5312 3884 5347 erit"!

2327 5385 2432 5422 non
2457 5371 2599 5421 videt
2625 5368 2972 5428 Eunomiuut,
3010 5369 3052 5419 si
3096 5369 3250 5428 bene,
3283 5378 3341 5418 ut
3381 5382 3475 5433 par
3525 5376 3664 5425 crat,
3691 5366 3758 5417 de
3787 5368 3887 5415 suis

2320 5438 2593 5504 judicibus
2617 5438 3004 5500 existintasset,
3035 5452 3308 5505 nunquam
3343 5436 3522 5488 verbis
3551 5435 3625 5487 ita
3664 5436 3883 5503 injurio-

2324 5514 2397 5562 sis
2429 5525 2645 5561 usurum
2680 5511 2860 5561 luisse.

2395 5578 2663 5648 (8l)_Libri
2696 5589 2902 5630 veteres
2925 5577 3003 5639 είς
3030 5575 3288 5648 ὕστερονέ
3321 5577 3490 5648 Abest
3509 5576 3584 5634 εἰς
3630 5589 3659 5625 a
3699 5573 3884 5648 Vulga-

2323 5643 2410 5699 tis:
2443 5645 2548 5699 lloi:
2588 5649 2699 5712 ipso
2758 5648 2808 5698 itt
2850 5648 2970 5700 loco
3024 5643 3357 5699 editi—T0570
3396 5646 3452 5698 δέ
3478 5647 3589 5696 ἐστι
3621 5643 3882 5695 τοιοῦτον.

2321 5719 2413 5779 Τίς
2443 5716 2561 5785 (sic)
2594 5717 2666 5788 μὴ
2709 5716 2838 5788 χαλε
2857 5717 3096 5771 παίνετε.
3135 5717 3353 5786 Antiqui
3389 5725 3493 5770 tres
3550 5715 3670 5769 libri
3740 5723 3795 5765 ut
3839 5730 3882 5763 tu

2317 5798 2588 5843 εοηιυιιιι.
