4058 6320
109 378 213 435 ὕοθ

1190 366 1554 425 ADVERSUS
1592 366 1956 425 EUNOMIUM
1995 368 2122 424 LIB.
2162 368 2204 425 l.
3232 373 3332 426 5l0

103 488 315 557 ἄνδρες,
346 480 476 555 πρὸς
523 480 653 533 αὐτὸ
697 481 753 532 τὸ
795 481 1092 552 ἀκρότατον
1133 479 1233 550 τῆς
1277 480 1474 551 ἀρετῆς
1517 478 1665 532 ἀνελ-

1773 495 1888 534 cetn
1928 482 2278 552 asccudi,qni
2317 483 2619 537 transcendi
2669 492 2882 539 terrena
2906 523 2921 550 ,
2962 500 3025 541 ac
3051 501 3332 541 conversu-

103 578 271 639 θόντι,
313 577 403 627 καὶ
437 574 730 645 ὑπερϐάντι
776 575 871 645 μέν
924 572 994 625 τὰ
1044 572 1226 642 γήϊνα,
1264 574 1442 625 πᾶσαν
1483 571 1539 624 δὲ
1573 570 1668 641 τὴν

104 666 378 720 πολιτείαν
409 670 487 731 εἰς
520 667 744 738 οὐρανὸν
781 666 1083 737 μεταθέντι.
1118 665 1321 730 Καινὸς
1349 656 1503 727 οὗτος
1540 662 1670 717 ἁλα-

103 757 316 820 ζονείας
340 759 555 828 τρόπος.
583 759 659 811 Δι’
682 752 755 812 ὧν
782 758 885 829 γὰρ
914 756 1133 828 ἀμελεῖν
1174 757 1547 827 προσποιεῖται
1574 752 1666 806 τοῦ

100 848 298 917 τύφου,
330 851 464 919 πρὸς
501 850 597 921 τὴν
638 851 867 920 ἐσχάτην
901 849 1160 918 φυσίωσιν
1203 848 1391 902 ἑαυτὸν
1438 846 1665 917 ὑπεραί-

104 960 205 1012 ρει.
247 943 311 995 Εἰ
357 943 464 1013 γάρ
515 944 597 1012 ἐφ’
642 936 721 1005 οἷς
753 942 1076 995 ἐνδείκνυται
1133 938 1458 1008 συγγνώμης
1505 937 1669 1002 ἀξίως

104 1036 391 1105 πράσσειν,
420 1034 516 1104 τῆς
547 1032 897 1102 εὐαγγελικῆς
932 1033 1201 1094 πολιτείας
1230 1030 1347 1083 ἐστὶ
1388 1029 1456 1083 τὰ
1500 1028 1667 1097 κεφά-

104 1127 258 1190 λαια,
310 1127 543 1191 εἰκάζειν
591 1125 811 1194 ἀφίησιν
848 1126 1027 1178 ὁποῖόν
1076 1142 1197 1178 τινα
1255 1122 1416 1175 αὑτὸν
1450 1124 1505 1174 ἐν
1557 1122 1668 1183 τοῖς

103 1221 558 1293 κατωρθωμένοις
597 1220 841 1289 ἡγεῖσθαι
894 1216 1157 1287 προσῆκε.
1209 1216 1391 1268 Ταῦτα
1433 1214 1529 1284 μέν
1573 1208 1664 1265 οὖν

100 1311 303 1363 ὡσανεὶ
358 1310 679 1381 χαρακτῆρα
735 1310 832 1380 τῆς
888 1309 1014 1379 ὅλης
1060 1309 1228 1378 αὐτῆς
1298 1305 1667 1377 προαιρέσεως

103 1401 317 1471 ἔχοντα,
356 1400 564 1453 πολλῶν
612 1399 1119 1469 ὰποσιωπηθέντων,
1186 1397 1380 1460 ἱκανῶς
1424 1397 1663 1465 εῖρηται,

104 1495 190 1547 ἵνα
231 1496 299 1547 δι’
337 1487 409 1546 ὧν
447 1494 542 1562 μέν
578 1491 857 1561 ἐψεύσατο,
903 1492 991 1545 τὸν
1039 1490 1245 1561 πατέρα
1298 1489 1391 1541 τοῦ
1440 1487 1669 1555 ψεύδους

103 1586 159 1637 ἐν
204 1584 356 1655 αὑτῴ
397 1584 654 1638 λαλοῦντα
698 1585 1080 1656 γνωρίσωμεν·
1119 1585 1181 1635 ἐκ
1224 1582 1280 1633 δὲ
1331 1578 1434 1631 τῶν
1468 1577 1667 1641 ἀλαζο-

100 1677 384 1745 νευμάτων
416 1676 519 1728 τίνι
564 1675 1052 1747 συγκατακέκριται
1092 1671 1443 1741 διδαχθῶμεν,
1482 1668 1666 1736 σαφῶς

102 1766 196 1819 τοῦ
248 1767 568 1819 Ἀποστόλου
626 1766 869 1834 λέγοντος
911 1766 998 1817 τὸν
1041 1761 1351 1830 τυφωθέντα
1382 1762 1458 1821 εἰς
1492 1762 1664 1831 κρῖμα

1774 572 1971 628 tionem
2012 587 2224 627 omneru
2258 572 2309 627 in
2342 573 2539 627 cadum
2592 577 2861 629 transtuli.
2910 575 3092 633 Novus
3132 578 3218 633 hic
3254 590 3333 633 est

1769 666 2091 733 arrogantia:
2120 664 2327 719 modus.
2351 663 2555 730 Quibus
2584 679 2814 735 namque
2841 666 3113 737 negligere
3142 685 3199 725 se
3230 671 3332 724 lus-

1770 763 1881 809 tum
1914 756 2153 821 simulat,
2181 756 2371 810 iisdem
2402 772 2459 811 se
2493 757 2606 826 ipse
2632 756 2697 811 ad
2732 772 2997 813 summum
3041 762 3208 817 animi
3245 776 3333 817 tn-

1769 860 1973 900 morem
2008 845 2185 901 effert.
2220 847 2356 903 Nam
2406 848 2451 902 si
2507 848 2702 918 quibus
2729 849 2961 903 ostendit
3006 852 3163 905 venia
3215 868 3332 908 esse

1769 937 1925 1007 digna
1956 952 2074 1007 quae
2114 940 2272 1007 gerit,
2314 955 2374 993 ea
2416 940 2741 1010 evangelica:
2771 943 2896 995 vitae
2930 944 3101 1010 capita
3154 955 3280 998 sunt
3313 963 3328 1010 ;

1769 1023 2074 1089 conjeetare
2106 1027 2256 1091 sinit,
2295 1028 2506 1097 qualem
2538 1045 2595 1084 se
2621 1031 2669 1083 in
2706 1030 2928 1100 reliquis
2956 1033 3208 1100 praeclare
3244 1051 3330 1105 ge-

1768 1116 1869 1172 stis
1897 1117 2080 1173 ltaberi
2112 1123 2418 1175 conveniat.
2450 1122 2518 1176 Et
2544 1125 2759 1191 quidem
2803 1124 2919 1179 ltrcc
2952 1128 3148 1195 quibus
3189 1137 3331 1181 totus

1770 1208 1911 1263 illius
1936 1212 2154 1265 animus
2191 1216 2343 1282 quasi
2374 1215 2716 1284 exprimitur,
2748 1215 2929 1271 multis
2954 1217 3164 1273 silentio
3196 1234 3329 1287 prae-

1772 1303 1962 1368 teritis,
1996 1305 2205 1360 abunde
2231 1318 2523 1362 memorata
2554 1318 2714 1374 sunt;
2745 1317 2800 1362 ut
2830 1324 2924 1379 per
2947 1324 3008 1364 ea
3036 1326 3154 1380 quae
3186 1327 3332 1365 men-

1770 1394 1901 1447 titus
1924 1403 2027 1458 est,
2061 1406 2268 1466 patrem
2300 1399 2562 1455 mendacii
2592 1402 2643 1454 in
2671 1416 2732 1456 eo
2762 1401 2995 1457 locutum
3031 1419 3331 1473 cognosca-

1770 1500 1886 1538 mus
1912 1485 1977 1553 “,
2008 1488 2383 1559 discamnsque
2405 1507 2468 1561 ex
2504 1492 2617 1559 ejus
2641 1496 2966 1563 arrogantia,
2997 1511 3229 1565 quocum
3259 1497 3331 1550 sit

1768 1576 2188 1644 condemnatus;
2223 1598 2341 1634 cum
2375 1593 2561 1652 aperte
2590 1585 2732 1639 dicat
2768 1585 3055 1654 Apostolus
3085 1587 3152 1651 ⁸⁷,
3192 1586 3330 1641 fastu

1769 1666 2027 1720 tumidum
2054 1670 2104 1723 in
2131 1672 2597 1742 diabalijudiciuni
2616 1676 2870 1730 incidere.
2888 1676 3005 1732 Jam
3031 1678 3241 1732 tandem
3263 1680 3329 1732 ad

1766 1758 2189 1827 redarguendam
2227 1765 2555 1834 impietatem
2588 1768 2928 1825 accedamus.

97 1857 395 1927 ἐμπίπτειν
435 1857 525 1910 τοῦ
563 1856 838 1909 διαθῶσιν
888 1856 970 1905 ἐπ’
1005 1853 1206 1932 αὐτοὺς.
1256 1852 1312 1904 δὲ
1357 1849 1541 1903 λοιπὸν
1582 1851 1707 1909 τοὺς
1746 1848 1998 1919 ἐλέγχους
2020 1854 2116 1924 τῆς
2148 1856 2399 1921 ἀσεϐείας
2430 1860 2690 1931 ἔλθωμεν.

170 1971 225 2025 4.
268 1974 458 2025 Πίστιν
500 1970 764 2025 ἐκτίθεται
813 1969 1023 2041 πρῶτον
1066 1969 1124 2034 ἐξ
1160 1968 1343 2022 ἁπλῶν
1404 1969 1497 2021 κα).
1549 1964 1665 2019 ἀδι-

1838 1968 1889 2022 4.
1931 1968 2111 2025 Fidem
2137 1974 2384 2043 proponit
2411 1977 2641 2046 primum
2675 1994 2737 2033 ex
2782 1978 3115 2047 simplicibus
3142 1994 3204 2034 ac
3240 1996 3330 2033 va-

97 2064 334 2135 ορίστων
381 2064 574 2127 λέξεων
621 2056 1068 2135 συγκειμένην,
1101 2062 1397 2132 ἐχρήσαντο
1452 2058 1544 2112 καί
1587 2074 1666 2110 τι-

100 2173 188 2219 νες
219 2156 334 2226 (82)
366 2156 472 2207 τῶν
503 2154 775 2225 Πατέρων,
825 2154 944 2223 οὐχὶ
986 2153 1119 2223 πρὸς
1163 2153 1413 2222 ζητήσεις
1447 2150 1666 2203 ὑποκει-

106 2248 274 2315 μένας
325 2247 757 2316 ἀποτεινόμενοι,
802 2246 916 2299 ἀλλ’
963 2243 1149 2307 ἁπλῶς
1184 2244 1355 2307 οὕτως
1404 2244 1488 2312 ἐφ’
1539 2244 1665 2295 ἐαυ-

100 2340 206 2391 τῶν
237 2338 351 2409 (85)
398 2340 454 2391 ἐν
504 2339 763 2409 ἁπλότητι
796 2338 1021 2409 καρδίας
1065 2336 1452 2405 διαλεγόμενοι.
1502 2334 1569 2386 Εῖ
1604 2350 1663 2385 τε

103 2430 195 2482 καὶ
227 2429 339 2501 (84)
370 2431 617 2501 Ἀρειος,
658 2430 732 2493 ῶς
778 2446 938 2498 φασι,
990 2426 1335 2495 σοφιζόμενος
1382 2423 1472 2476 τὸν
1512 2422 1663 2476 Ἀλέ-

103 2520 350 2591 ξανδρον,
389 2522 587 2591 ταύτην
631 2522 777 2591 αὑτῷ
814 2517 1158 2589 προετείνατο
1209 2517 1322 2586 (κα).
1354 2517 1462 2587 γὰρ
1511 2516 1667 2570 τοῦτο

102 2615 394 2682 λέγουσιν),
422 2616 533 2667 ἀλλ’
556 2614 688 2684 όμοῦ
726 2614 822 2683 μὲν
849 2613 1051 2684 ταύτην
1080 2612 1155 2677 ὡς
1193 2614 1556 2686 ὁμολογοῦσαν
1598 2612 1664 2683 τῇ

102 2706 297 2759 ἑαυτοῦ
332 2704 523 2779 γνώμῃ
561 2706 877 2777 προῖσχεται
915 2706 1002 2760 διὰ
1044 2706 1135 2760 δύο
1168 2708 1496 2779 προφάσειςσ
1537 2706 1665 2776 μίαν

106 2797 222 2866 μὲν,
259 2796 400 2847 ὥστε
428 2796 525 2864 τὴν
567 2796 665 2867 τῆς
704 2799 1051 2868 καινοτομίας
1094 2798 1342 2851 ὑπόνοιαν
1389 2798 1663 2865 ἐκφυγεῖν,

103 2891 159 2943 ἐν
190 2886 271 2960 τῷ
300 2881 398 2960 τῆν
438 2888 544 2941 τῶν
594 2889 851 2961 Πατέρων
897 2890 1076 2942 πίστιν
1108 2889 1183 2951 ὼς
1223 2888 1395 2960 ὀρθῶς
1443 2888 1665 2955 ἔχουσαν

104 2982 497 3053 ἀποδέχεσθαι·
542 2980 731 3052 ἑτέραν
788 2981 864 3047 δὲ,
908 2979 998 3034 τοῦ
1050 2980 1257 3043 πάντας
1315 2977 1665 3049 ἀπροοράτως

103 3079 222 3138 ταῖς
254 3076 458 3143 πάγαις
500 3075 659 3127 αὐτοῦ
700 3073 807 3127 τῶν
842 3072 1184 3141 σοφισμάτων
1232 3074 1548 3143 περιπεσεῖν
1599 3075 1663 3143 τῇ

104 3166 368 3237 ἁπλότητι
405 3166 511 3218 τῶν
553 3166 804 3235 ῥημάτων
846 3164 1048 3216 τούτων
1108 3163 1665 3227 καταπιστεύσαντας.

118 3258 283 3327 Ὁμοῦ
315 3257 371 3309 δέ
400 3257 615 3307 κάκεῖνο
647 3253 877 3305 συνεῖδεν
920 3254 1052 3325 (85),
1079 3254 1159 3307 ὃτι
1201 3255 1293 3306 κα).
1331 3252 1428 3325 τὴν
1473 3255 1665 3306 ἐαυτοῦ

1772 2060 1853 2132 gis
1876 2064 2098 2119 vocibus
2147 2069 2518 2137 con'ipositam,
2571 2084 2671 2137 qua
2724 2070 2937 2138 quidam
2975 2085 3040 2123 ex
3078 2068 3328 2125 Patribns

1771 2154 1852 2208 usi
1882 2165 2027 2219 sunt,
2059 2158 2124 2210 ad
2162 2162 2461 2228 propositas
2510 2162 2833 2230 quaestiones
2861 2178 2967 2217 non
2998 2166 3206 2227 attenti,
3237 2164 3328 2217 sed

1772 2244 2086 2314 simpliciter
2108 2250 2186 2303 sic
2213 2265 2241 2303 a
2267 2252 2457 2320 seipsis
2487 2252 2537 2306 in
2582 2252 2923 2323 simplicitate
2954 2255 3131 2309 cordis
3156 2256 3329 2309 disse-

1772 2346 1970 2392 rentes.
2003 2341 2319 2410 Quanquam
2369 2354 2545 2399 autem
2597 2346 2801 2413 Arius,
2864 2356 2923 2400 ut
2964 2348 3134 2411 aiunt,
3195 2349 3331 2401 hanc

1770 2428 2074 2485 Alexandro
2097 2433 2305 2498 obtulit,
2344 2434 2519 2505 ipsum
2564 2438 2726 2507 212
2760 2437 3034 2508 decipiens
3091 2439 3251 2508 (nam
3278 2451 3330 2492 et

1772 2520 1875 2575 lioc
1909 2519 2140 2594 dicunt),
2170 2523 2517 2581 nihilominus
2555 2535 2728 2581 tamen
2784 2531 3026 2583 eamdem
3074 2540 3329 2599 tanquam

1773 2625 1884 2666 suae
1909 2614 2075 2682 ipsius
2101 2616 2379 2671 sententiae
2404 2628 2821 2673 consentaneam
2871 2618 3077 2689 profert
3109 2632 3329 2691 propter

1772 2701 1905 2755 duas
1953 2718 2181 2757 causas:
2222 2706 2451 2772 primum
2486 2708 2732 2774 quidem,
2778 2718 2836 2762 ut
2878 2710 3167 2765 innovandi
3201 2710 3327 2766 ellu-

1772 2792 1882 2861 giat
1908 2793 2290 2861 suspicionem.
2328 2808 2448 2851 cunt
2475 2795 2695 2851 Patrum
2742 2797 2899 2852 ﬁdem
2957 2809 3208 2868 tanquam
3240 2818 3327 2857 re-

1771 2892 1912 2937 ctam
1945 2885 2203 2952 suscipiat
2240 2906 2253 2942 :
2288 2887 2534 2954 alteram,
2569 2898 2630 2943 ut
2662 2904 2874 2955 omnes,
2906 2890 3191 2947 verborum
3238 2897 3328 2948 lio-

1773 2991 1891 3031 rum
1944 2978 2272 3047 simplicitati
2307 2980 2551 3035 adhibita
2604 2983 2728 3047 fide,
2789 2984 3004 3038 incaute
3049 2986 3101 3038 in
3151 2987 3329 3057 sopbi-

1772 3081 2002 3126 smatinn
2039 3073 2205 3143 ipsius
2234 3072 2453 3142 laqueos
2478 3074 2733 3130 incidant.
2761 3073 2931 3130 Simul
2956 3088 3134 3131 autem
3166 3081 3329 3134 etiam

1775 3162 1903 3217 illud
1939 3162 2222 3230 intellexit,
2275 3179 2331 3219 se
2383 3174 2438 3219 et
2482 3180 2633 3220 suam
2666 3166 2832 3236 ipsius
2862 3168 3182 3222 sententiam
3209 3184 3330 3238 spe-

1774 3252 1917 3305 ciosa
1948 3254 2182 3320 quadam
2209 3256 2416 3308 ratione
2443 3256 2617 3309 obiter
2643 3257 3011 3322 inducturum,
3063 3262 3107 3313 si
3137 3262 3328 3315 videli—

104 3348 333 3421 γνώμην
374 3345 737 3416 εὐπροσώποις
780 3345 928 3417 αὐτῷ
960 3350 1386 3418 παρεισαγαγεῖν
1416 3346 1664 3417 ὑπάρξει,

1770 3355 1852 3397 cet
1884 3344 2023 3398 dicta
2051 3343 2270 3398 Patrum
2305 3356 2617 3416 exponeret,
2649 3359 2701 3403 et
2735 3351 2971 3406 maxime
2998 3352 3328 3423 impietatem

104 3439 455 3511 ἐξηγουμένῳ
493 3437 649 3507 δῆθεν
700 3436 767 3491 τά
815 3437 922 3491 τῶν
976 3438 1250 3509 Πατέρων,
1297 3438 1387 3490 καὶ
1440 3436 1671 3506 μάλιστα

109 3534 205 3600 μὲν
264 3529 531 3601 λήσασθαι
584 3528 824 3581 ἀσεϐῶν·
867 3531 914 3582 εί
962 3529 1004 3581 δ’
1056 3530 1160 3600 ἄρα
1213 3528 1305 3581 κα).
1358 3527 1667 3599 φωραθείη,

108 3624 348 3686 ἀναίτιος
393 3616 530 3677 εἶναι
573 3622 761 3685 δόξειν,
808 3621 881 3683 ὡς
922 3620 1072 3673 οὐδὲν
1119 3620 1326 3673 οἴκοθεν
1378 3620 1495 3674 οὐδὲ
1542 3618 1668 3690 παρ’

106 3716 299 3769 ἑαυτοῦ
338 3734 389 3769 τι
426 3717 613 3783 λέγων,
652 3714 762 3765 ἀλλ’
793 3712 1072 3783 ἀλλοτρίας
1120 3711 1405 3783 γενόμενος
1435 3713 1671 3777 διανοίας

107 3806 401 3878 ἐξηγητής.
447 3808 532 3858 Ἐν
573 3799 616 3873 ᾧ
650 3803 711 3876 δὴ
754 3803 846 3855 καὶ
893 3804 1225 3872 γελοιότατόν
1264 3820 1316 3855 τι
1353 3803 1537 3858 παθὼν
1575 3804 1673 3856 οὐκ

107 3900 396 3971 ἐπῄσθετο.
458 3898 772 3962 Ἐπαινέσας
823 3894 929 3968 γάρ
982 3897 1149 3967 αὐτὴν
1207 3896 1317 3966 (86)
1367 3896 1535 3949 πολλά
1582 3898 1673 3949 κα).

110 3993 353 4061 μεγάλα,
393 3992 581 4062 μικρὸν
616 3991 837 4055 ὑποϐὰς,
867 3993 977 4052 τοῖς
1014 3990 1310 4058 αἰσχίστοις
1340 3990 1497 4044 πάλιν
1537 3989 1674 4043 ὀνεί-

107 4083 217 4134 δεσι
269 4083 601 4151 περιϐάλλει.
644 4082 778 4133 Ἀλλ’
822 4083 906 4133 ἵνα
962 4080 1287 4151 σαφέστερον
1320 4081 1347 4132 ὃ
1404 4082 1548 4150 λέγω
1578 4082 1672 4150 γέ·-

109 4195 286 4246 νηται,
320 4175 459 4227 κατὰ
496 4175 632 4243 μέρη
658 4172 745 4224 τὸν
771 4173 923 4239 λόγον
949 4172 1251 4241 διελόμενος
1281 4172 1535 4235 ἐξετάσω.
1562 4175 1671 4226 Καὶ¹

109 4268 324 4340 πρῶτόν
351 4283 413 4335 γε
442 4264 536 4337 τὴν
568 4264 678 4334 (87)
724 4263 900 4316 πίστιν
1033 4262 1372 4331 προτείνεται
1420 4263 1669 4333 καταμά-

108 4361 311 4429 θωμεν,
346 4359 511 4421 αὖτάς
544 4356 641 4420 τάς
674 4355 880 4408 ἐκείνου
924 4357 1102 4424 φωνάς
1144 4354 1528 4427 παραθέμενοι.

175 4453 339 4504 ΕΥΝ.
382 4450 491 4520 Τὴν
543 4449 597 4501 δὲ
646 4449 967 4518 κρατοῦσαν,
1024 4449 1206 4517 φησὶν.
1267 4446 1468 4499 ἄνωθεν
1525 4446 1672 4517 παρὰ

106 4544 211 4595 τῶν
252 4544 507 4615 Πατέρων
554 4540 744 4611 εὐσεϐῆ
794 4540 1105 4612 παράδοσιν,
1150 4538 1335 4609 ὥσπερ
1373 4539 1491 4592 τινὰ
1534 4539 1671 4608 γνώ-

111 4651 242 4702 μονα
278 4635 375 4686 κα“ι
404 4634 597 4686 κανόνα
640 4630 1041 4703 προεκθέμενοι,
1069 4630 1286 4701 ἀκριϐεῖ
1317 4629 1488 4699 τούτῳ
1536 4648 1671 4700 χρη-

111 4728 333 4800 σώμεθα
357 4726 464 4796 (88)
492 4726 755 4799 κριτηρίῳ
788 4724 920 4794 πρὸς
958 4723 1052 4795 τὴν
1080 4724 1186 4777 τῶν
1210 4723 1515 4793 λεγομένων
1550 4724 1668 4774 ἐπί-

109 4840 310 4893 κρισιν.

176 5001 403 5056 “Joan.
437 5016 552 5065 vin,
582 4999 668 5053 M.
741 5000 785 5031 "
818 4996 993 5053 lTim.
1033 5013 1114 5063 ιιι,
1151 4998 1206 5054 6.

176 5140 453 5213 (82)Editi
487 5138 779 5213 ἐχρήσαντο
831 5138 923 5213 καί
978 5152 1140 5199 τινες.
1191 5133 1532 5213 νοληιιιηηκαί
1593 5136 1644 5188 in

109 5208 234 5267 mss.
271 5208 400 5264 που
438 5208 721 5263 invenitur.
750 5210 1007 5263 Prazclara
1048 5208 1329 5266 sententia,
1378 5208 1647 5274 dignaque

110 5265 304 5337 Basilio
347 5280 553 5349 Magno.
584 5279 1012 5349 Quotiescunque
1060 5265 1651 5349 igitttr‘htereti‘x'jipro-

110 5353 284 5405 ferunt
325 5344 540 5403 Patrum
588 5344 1056 5448 testi:nonia,‘qnze
1082 5344 1182 5402 Sibi
1226 5344 1619 5448 faverevideun

110 5430 193 5448 ι...-
249 5423 292 5448 ρέ
329 5421 629 5448 Ιιυιιῖ-ηηηῖη
671 5421 682 5448 ζ
732 5436 754 5448 η
784 5419 942 5448 ηιιιῖιη
978 5420 1079 5448 εἴη.
1117 5431 1177 5448 nr
1205 5432 1503 5448 λιιι-Δηι-ηιιι
1530 5430 1617 5448 nan

110 5430 212 5485 tur,
248 5423 293 5475 si
329 5421 630 5474 testimonia
671 5420 756 5473 illa
784 5419 944 5486 petita
978 5420 1083 5471 sint
1117 5431 1177 5471 ex
1205 5419 1505 5484 peregrinis
1530 5419 1645 5483 qni-

108 5492 334 5545 busdam
362 5490 515 5553 locis,
566 5492 616 5541 in
665 5492 856 5558 quibus
907 5486 1089 5541 Patres
1116 5486 1181 5558 de
1210 5487 1385 5553 aliqua
1441 5498 1499 5558 re
1544 5501 1646 5558 non

108 5564 371 5624 consulto,
427 5552 517 5614 sed
554 5552 768 5614 fortuito
810 5558 1084 5626 obiterque
1134 5552 1435 5625 loquantur,
1490 5552 1649 5610 loties

108 5633 315 5701 egregia
350 5630 441 5706 illa
468 5628 931 5706 Basiliiscutentia
970 5630 1129 5682 debet
1161 5626 1426 5706 adbiberi.
1558 5694 1570 5706 ο

175 5703 284 5771 (85)
322 5702 443 5770 Ἐφ’
476 5698 720 5773 ἑαυτῶν,
751 5711 937 5773 sponte
958 5708 1179 5761 naturae,
1201 5695 1326 5773 .hOC
1350 5704 1451 5757 est,
1490 5695 1664 5773 primo

114 5766 297 5832 mentis
344 5766 568 5841 iinpetu,
599 5771 645 5822 id
693 5772 831 5839 quod
860 5770 1031 5839 agitur
1062 5766 1213 5837 quasi
1272 5780 1378 5820 non
1406 5767 1661 5836 cogitau-

114 5856 204 5897 ῑεε.

1771 3435 2127 3490 υεςυιιιιιιιιιι.
2153 3437 2301 3505 Quod
2342 3440 2384 3493 si
2418 3438 2557 3494 forte
2590 3442 3098 3511 deprehenderetur,
3126 3447 3328 3513 putavit

1772 3528 1909 3595 fore,
1942 3538 2001 3583 ut
2057 3542 2209 3585 extra
2244 3531 2454 3601 culpam
2511 3547 2628 3587 esse
2674 3535 2967 3597 videretur,
3000 3540 3141 3605 quod
3163 3553 3265 3591 noii
3299 3554 3328 3593 e

1770 3636 1887 3687 suo,
1925 3637 2099 3692 neque
2125 3639 2153 3676 a
2180 3638 2237 3679 se
2259 3624 2554 3695 quidquam
2592 3626 2815 3690 diceret,
2844 3629 2936 3680 sed
2976 3627 3164 3682 alienae
3206 3645 3327 3684 sen-

1774 3715 1951 3769 tentiae
1971 3726 2113 3770 esset
2142 3718 2428 3787 interpres.
2469 3718 2580 3784 Qua
2611 3718 2663 3771 in
2689 3733 2744 3771 re
2767 3718 3050 3775 admisisse
3089 3738 3146 3776 se
3175 3724 3325 3791 quid-

1772 3805 1893 3859 dam
1922 3806 2033 3861 risu
2066 3807 2433 3877 dignissimum
2470 3822 2575 3861 non
2608 3808 3009 3864 animadvertit.
3035 3812 3323 3883 Postquam

1774 3901 1915 3954 enim
1963 3899 2145 3953 multis
2175 3914 2240 3953 ac
2269 3900 2495 3954 summis
2533 3899 2785 3956 laudibus
2814 3903 3007 3957 extulit
3040 3906 3193 3958 tidem
3224 3905 3328 3959 Pa-

1776 3999 1936 4056 trum,
1962 4004 2078 4043 cam
2110 3992 2319 4059 probris
2347 3990 2659 4047 foedissimis
2686 3993 2863 4050 allicit.
2894 3996 3019 4061 Sed,
3050 4011 3107 4051 tit
3131 3999 3327 4054 clarius

1772 4082 1867 4137 fiat
1897 4081 2042 4150 quod
2070 4083 2213 4150 dico,
2243 4083 2438 4138 librum
2466 4085 2516 4136 in
2543 4098 2725 4154 partcs
2762 4088 2983 4141 divisum
3006 4091 3322 4161 expendam.

1771 4174 1836 4227 Et
1864 4176 2097 4243 primum
2122 4177 2334 4245 quidem
2365 4191 2525 4245 quam
2552 4178 2798 4247 prepouit
2825 4180 3004 4248 fidem,
3040 4184 3164 4250 ipsis
3188 4184 3326 4237 illius

1773 4267 1951 4323 verbis
1986 4269 2264 4340 appositis,
2297 4271 2725 4327 consideremus.

1842 4452 1974 4509 EUN.
2016 4453 2104 4515 At,
2140 4453 2342 4520 .nqnit,
2376 4453 2716 4508 traditionem
2750 4453 2889 4521 piam
2918 4472 3035 4525 qua:
3068 4458 3134 4511 ab
3170 4458 3328 4509 initio

1774 4548 1913 4616 apud
1963 4546 2149 4599 Patres
2197 4546 2455 4610 obtinuit,
2503 4546 2647 4599 velut
2685 4548 2942 4601 amussim
2990 4564 3051 4600 ac
3091 4550 3326 4617 regulam

1777 4641 2059 4709 quamdam
2093 4640 2500 4708 przcmittentes,
2531 4637 2634 4692 liac
2664 4650 2911 4693 accurata
2939 4640 3207 4707 iudicandi
3248 4657 3329 4691 ηις

1778 4734 1922 4784 tione
1955 4741 2191 4793 utamur,
2228 4742 2285 4784 ut
2322 4731 2387 4785 de
2422 4729 2489 4783 iis
2524 4744 2643 4799 qua:
2672 4730 2975 4786 referentur
3009 4734 3329 4786 sententiam

1778 4822 2040 4875 feramus.

1836 5134 1945 5204 (84)
1982 5132 2119 5187 Editi
2147 5134 2206 5204 ei
2231 5132 2285 5185 δέ
2315 5132 2427 5187 καί.
2464 5128 2606 5204 μὶ)τὶ
2639 5138 2848 5204 veteres
2882 5127 2991 5204 εἴτε
3024 5131 3330 5204 καίηΑιΙιιι-

1754 5200 1939 5260 nasius
1986 5205 2080 5258 lib.
2131 5202 2203 5255 De
2235 5220 2346 5271 ειμι.
2405 5201 2572 5255 refert
2606 5200 2893 5271 quamdam
2926 5203 3034 5253 Arii
3100 5203 3163 5253 ad
3208 5206 3331 5255 Ali--

1754 5276 2025 5330 xandrum
2053 5270 2355 5341 epistolam,
2385 5273 2435 5325 in
2470 5286 2571 5336 qna
2599 5272 2793 5337 impius
2847 5270 2933 5323 ille
2968 5272 3085 5325 fidei
3121 5274 3319 5338 proli-s-

1752 5346 1959 5400 sionem
1994 5346 2253 5397 ediderat.
2289 5343 2423 5413 Lege
2460 5342 2647 5410 Epipli.
2682 5341 2809 5413 lirer.
2852 5357 3010 5408 uix,
3041 5357 3093 5395 ιι.
3132 5343 3161 5394 7
3192 5356 3240 5397 et
3277 5345 3328 5398 S.

1824 5416 1933 5483 (83)
1975 5413 2109 5480 Reg.
2144 5416 2333 5466 tertius
2367 5409 2582 5483 κακεῖνο
2616 5409 2867 5483 συνιδεῖν.

1824 5480 1933 5553 (86)
1961 5483 2179 5551 Αὐτήισ,
2211 5484 2309 5536 hoc
2342 5494 2444 5547 est,
2480 5482 2657 5533 πίστιν
2684 5480 2791 5533 τῶν
2826 5483 3083 5551 Πατερων
3116 5525 3131 5549 ,
3175 5483 3329 5547 ﬁdem

1759 5552 2003 5615 Patrum,
2036 5556 2100 5606 de
2129 5570 2232 5622 qna
2262 5555 2537 5619 aliquanto
2575 5561 2720 5622 aute.

1834 5625 1941 5695 (87)
1972 5624 2099 5693 lleg.
2146 5618 2359 5676 'tertius
2409 5638 2528 5676 cuin
2586 5618 2739 5675 Culb.
2778 5623 2956 5674 πίστιν
3002 5622 3066 5691 ἣν
3114 5619 3327 5675 ἐκτίθε-

1767 5694 1874 5751 ται,
1910 5694 2065 5760 ﬁdem
2102 5709 2259 5762 quant
2291 5696 2517 5758 exponit.

1835 5764 2105 5835 (88)Editi
2162 5764 2493 5835 χρησόμεθα.
2560 5762 2629 5819 At
2676 5778 2803 5819 mss.
2859 5776 3099 5833 piertque
3142 5778 3330 5819 omnes

1764 5833 2114 5907 χρησώμεθα.
