4058 6320
140 390 254 447 513

1231 389 1596 443 ADVERSUS
1637 387 1999 443 EUNOMIUM
2042 384 2170 440 LIB.
2215 384 2258 441 i.

3260 389 3362 441 ιλιι

138 531 279 585 ματι
310 519 369 570 τὸ
396 518 597 571 ἁπλοῦν
628 516 723 583 τῆς
754 515 984 577 πίστεως
1018 514 1150 585 (97),
1180 509 1288 567 οἶόν
1312 531 1363 565 τι
1386 512 1595 583 δέλεαρ,
1619 530 1704 564 πε-

1816 526 1925 565 suae
1952 510 2096 564 velut
2127 510 2284 563 hamo
2315 507 2379 560 ad
2417 516 2641 562 mortem
2681 504 2917 563 trahentl
2963 501 3365 577 simplicitatem

135 606 408 676 ριϐάλλει,
438 608 523 661 ἵνα
557 606 632 676 τῷ
665 606 969 675 φαινομένῳ
1002 608 1387 677 ἐπιδραμόντες
1412 606 1460 657 οἱ
1490 604 1708 674 ἀπειρό-

133 714 312 769 τεροι,
348 697 667 767 ἀφυλάκτως
693 696 770 766 τῷ
790 677 955 767 ⁵κακῷ
985 698 1083 767 τῆς
1116 696 1367 757 ἀσεϐείας
1395 692 1707 765 περιπαρῶ-

135 803 251 843 σιν.
292 790 375 849 Ὠς
419 787 483 839 ἂν
525 785 581 839 δὲ
617 786 689 857 μὴ
722 786 919 851 δόξειεν
954 788 1080 842 ἄνευ
1112 786 1353 855 ἀνάγκης
1381 788 1445 856 τῇ
1476 784 1707 853 ἐπιδιορ-

137 880 310 933 θώσει
350 878 447 947 τῆς
487 878 718 943 πίστεως
764 882 1051 951 ἐγχειρεῖν,
1090 880 1152 948 ἢν
1183 878 1341 943 αὑτὸς
1372 880 1705 949 άπεσέμνυνε

134 976 266 1035 ταῖς
298 970 616 1035 ὑπερϐολαῖς
646 973 753 1027 τῶν
783 975 1037 1035 ἐπαίνων,
1062 972 1280 1043 ταύτην,
1309 974 1495 1042 ὥσπερ
1522 970 1706 1024 ἐπιλα-

134 1066 367 1133 θόμενος
395 1063 503 1134 (98)
530 1064 638 1118 τῶν
672 1065 862 1120 ἐαυτοῦ
894 1064 1085 1133 λόγων,
1124 1065 1390 1134 σκέψασθε
1434 1063 1548 1125 πῶς
1594 1064 1707 1117 δια-

135 1155 321 1225 σύρει.

211 1245 371 1301 ΕΥΝ.
425 1247 486 1299 ’Π
524 1249 619 1318 μὲν
648 1243 738 1299 οὖν
768 1245 1107 1319 ἁπλουστέρα
1158 1248 1251 1300 καὶ
1298 1245 1446 1314 κοινή
1492 1245 1704 1298 πάντων

131 1338 323 1400 πίστις
350 1341 490 1403 ὅσοις
520 1340 579 1392 τὸ
606 1339 778 1390 δοκεῖν
811 1338 841 1409 ἢ
874 1339 934 1392 τὸ
973 1337 1110 1393 εἶναι
1151 1340 1490 1409 Χριστιανοῖς
1517 1340 1705 1407 ἐπιμε-

129 1431 249 1492 λὲς,
279 1431 351 1493 ὡς
373 1434 426 1483 ἐν
457 1432 715 1501 ἐπιδρομῇ
741 1432 1262 1501 κεφαλαιωδέστερα)
1290 1433 1479 1495 εἰπεῖν,
1510 1430 1667 1500 αὕτη.

213 1522 359 1573 ΒΑΣ.
387 1522 517 1574 Εἰπέ
549 1539 655 1591 μοι,
679 1524 710 1593 ἡ
736 1523 960 1592 εὐσεϐὴς
982 1521 1087 1573 τῶν
1112 1520 1367 1590 Πατέρων
1392 1521 1701 1590 παράδοσις,

130 1613 235 1665 καὶ
263 1615 291 1664 ὁ
318 1612 513 1676 κανὼν,
545 1615 618 1676 ώς
644 1615 803 1677 αὑτὸς
826 1614 1132 1681 ὠνόμασας,
1164 1611 1257 1663 καὶ
1280 1614 1307 1663 ὁ
1334 1608 1586 1679 γνώμων,
1612 1610 1705 1661 καὶ

128 1704 199 1755 τὸ
233 1704 470 1773 ἀσφαλὲς
496 1705 603 1776 (99)
635 1706 933 1776 κριτήριον,
965 1701 1058 1754 νῦν
1092 1702 1317 1772 ὄργανον
1344 1702 1578 1773 ἀπάτης,
1613 1701 1705 1753 καὶ

126 1796 301 1866 τέχνη
340 1795 739 1867 σχηματισμοῦ,
776 1794 865 1845 καὶ
889 1792 957 1845 τὰ
983 1793 1199 1846 τοιαῦτα
1238 1793 1396 1847 πάλιν
1437 1808 1706 1863 προσαγο-

131 1863 499 1958 ρεέὑεται-(ίῂ
530 1889 591 1939 El
619 1863 725 1957 γὰρ
754 1887 872 1956 οὐχὶ
894 1889 1005 1950 τοῖς
1032 1888 1198 1950 ὅντως
1224 1884 1340 1940 οὑσι
1363 1890 1704 1959 Χριστιανοῖς
1737 1863 1776 1918 Β

128 1979 460 2049 ἐψαρμὸζει,
495 1977 628 2030 ἀλλά
660 1981 769 2041 τοῖς
796 1978 855 2030 τὸ
882 1978 1052 2030 δοκεῖν
1079 1979 1182 2048 πρὸ
1208 1978 1302 2029 τοὺ
1334 1976 1466 2030 εἶναι
1490 1996 1708 2050 τετιμηά

128 2071 281 2132 κόσι,
308 2070 356 2122 τί
384 2069 508 2123 ἄλλο
532 2069 657 2140 περὶ
689 2069 857 2140 αὐτῆς
882 2069 1331 2141 ὑπολαμϐάνεινῆ
1356 2069 1524 2122 ταῦτα
1549 2087 1705 2140 προσ-

128 2160 275 2230 ῆκε;
309 2160 401 2224 Τίς
442 2158 507 2213 ἂν
540 2155 651 2225 οὖν,
692 2160 763 2231 μὴ
799 2159 1072 2222 παντελῶς
1105 2160 1447 2230 παραπαίων,
1485 2160 1574 2211 τὸν
1612 2176 1709 2212 κα-

129 2252 264 2304 νόνα
290 2252 381 2304 τοῦ
410 2251 607 2315 εὑθέως
639 2255 751 2313 τοῖς
779 2252 875 2321 τὴν
906 2252 1079 2321 ψυχὴν
1106 2251 1503 2319 ὲνδιαστρόφοις
1536 2250 1705 2321 ἁρμό-

128 2341 250 2405 ζειν
280 2342 439 2403 εἷποι,
468 2342 663 2393 καὶτὸν
688 2341 938 2411 γνώμονα
959 2342 1054 2411 τῆς
1077 2340 1329 2413 ἀληθείας
1358 2343 1467 2404 τοῖς
1496 2340 1707 2412 ἐχθροῖς

128 2433 237 2502 τῆς
293 2432 574 2502 ἀληθείαςς
628 2433 690 2485 Ol.
744 2433 851 2505 γὰρ
890 2432 948 2487 τὸ
994 2433 1350 2504 ὀνομάζεσθαι
1396 2434 1707 2505 Χριστιανοὶ

128 2524 245 2593 πρὸ
278 2522 371 2575 τοῦ
402 2522 616 2592 ἀληθῶς
652 2518 787 2577 εἶναι
816 2525 1188 2595 τετιμηκότες,
1218 2527 1309 2578 ἐπὶ
1338 2529 1401 2595 τῇ
1443 2524 1549 2577 τῶν
1582 2525 1707 2577 πολι

128 2616 246 2667 λῶν
277 2615 460 2687 ἀπάτῃ
488 2616 561 2686 (2)
590 2616 678 2669 τὸν
716 2618 1088 2686 σχηματισμὸν
1118 2616 1303 2669 τοῦτον
1336 2616 1703 2685 ὑποδυόμενοι,

130 2708 333 2777 πόρρω
395 2708 574 2777 πάσης
627 2705 916 2776 εὐθύτητος
970 2709 1060 2760 καὶ
1094 2706 1345 2776 ἀληθείας
1385 2705 1541 2762 εἰσίν.
1571 2704 1706 2758 Οὑτε

125 2794 226 2849 οὖν
258 2799 682 2868 διεστραμμένον
718 2798 1225 2871 κατευθυνθήσεται,
1255 2800 1329 2862 ὡς
1356 2799 1447 2851 τοῦ
1486 2799 1707 2870 Ἐκκλη-

129 2887 417 2942 σιαστικοῦ
444 2888 620 2956 λόγος,
658 2889 779 2942 οὔτε
812 2891 879 2944 τά
907 2892 1003 2961 τῆς
1034 2891 1286 2963 ἀληθείας
1312 2892 1563 2963 κριτήρια
1596 2895 1705 2956 τοῖς

126 2980 194 3031 τὸ
245 2980 437 3048 ψεῦδος
492 2984 631 3035 κατά
666 2982 756 3035 τὸν
791 2982 904 3053 βίον
948 2983 1237 3055 ᾑρημένοις
1274 2984 1520 3056 ἁρμόσει.
1570 2985 1704 3056 ὅπερ

127 3071 311 3141 τούτῳ
337 3072 497 3126 δοκεῖ.

206 3163 261 3217 5.
320 3163 474 3215 Ἀλλά
516 3164 583 3217 δι’
615 3165 681 3227 ἃς
715 3161 866 3217 εἶπον
903 3166 1080 3228 αἰτίας
1121 3167 1199 3228 είς
1225 3166 1365 3218 οὕτω
1408 3166 1701 3238 προδήλους
1731 3200 1774 3262 C

127 3255 512 3325 ἐναντιότητας
554 3255 844 3327 ὑπενεχθη,
904 3256 988 3308 ἵνα
1019 3251 1099 3319 οἷς
1124 3258 1224 3327 μὲν
1252 3260 1462 3311 ἐπαινεῖ
1483 3258 1578 3329 τὴν
1612 3258 1700 3309 πί-

131 3366 255 3403 στιν
277 3353 548 3403 κοινωνεῖν
573 3352 682 3411 τοῖς
704 3349 945 3418 Πατράσι
963 3349 1059 3414 τῆς
1082 3351 1355 3415 εὐσεϐείας
1377 3351 1521 3425 δόξῃ,
1550 3346 1629 3415 οἷς
1646 3350 1700 3404 δὲ

127 3439 469 3510 λαμϐάνεται
498 3440 655 3493 πάλιν
673 3439 861 3509 αὑτῆς,
887 3439 983 3509 τὴν
1005 3440 1119 3492 ὁδὸν
1149 3440 1223 3509 (5)
1246 3441 1420 3511 ἐαυτῷ
1443 3442 1577 3511 πρὸς
1606 3442 1701 3511 τὴν

129 3532 395 3602 ἐξήγησιν
427 3534 707 3607 ὑπανοίξῃ.
743 3532 840 3586 Διά
872 3531 1030 3585 τοῦτο
1056 3534 1154 3603 τὴν
1192 3533 1358 3605 αὐτὴν
1384 3535 1476 3587 καὶ
1504 3536 1703 3588 κανόνα

129 3623 307 3693 λέγει,
352 3626 442 3676 καὶ
494 3625 808 3697 προσθήκης
850 3626 1010 3697 φησὶν
1059 3624 1449 3697 ἀκριϐεστέρας
1478 3624 1699 3678 δεῖσθαι.

132 3718 308 3771 Τοῦτο
336 3717 390 3770 δὲ
419 3718 549 3770 αὑτὸ
582 3718 655 3787 (i)
691 3721 779 3772 καὶ
810 3720 907 3788 τῆς
934 3720 1169 3789 ἐσχάτης
1192 3718 1453 3789 ἀμαθείας
1483 3721 1703 3788 σημεῖον

132 3808 300 3870 ἔστω,
324 3808 377 3861 εί
404 3825 480 3878 τῳ
501 3810 594 3861 καὶ
621 3810 775 3861 τοῦτο
801 3810 949 3877 φίλον
976 3810 1377 3883 παρεξετάζειν.
1413 3810 1471 3862 ’0
1497 3810 1603 3881 γάρ
1624 3827 1703 3863 τοι

134 3898 343 3961 κανὼν,
374 3893 418 3951 ῶ
445 3899 739 3969 σοφώτατε,
788 3901 881 3951 καὶ
929 3901 957 3950 ὁ
1004 3899 1252 3969 γνώμων,
1303 3901 1405 3963 ἓως
1436 3899 1500 3953 ἂν
1540 3899 1704 3969 μηδὲν

134 3992 297 4064 ἐνδέῃ
345 3991 436 4043 τοὺ
473 3990 647 4044 κανὼν
680 3987 818 4044 εἶναι
847 3992 939 4044 καὶ
965 3991 1215 4062 γνώμων,
1246 3990 1498 4061 οὐδεμίαν
1539 4008 1704 4063 προσ-

133 4084 313 4154 θήκην
341 4085 418 4145 είς
446 4082 726 4152 ἀκρίϐειαν
748 4082 1067 4157 ἐπιδέχεται.
1112 4082 1265 4135 Κατά
1297 4082 1403 4153 γάρ
1429 4080 1490 4135 τὸ
1539 4082 1705 4134 ἐλλεῖ-

134 4192 241 4227 πον
281 4176 311 4244 ὴ
341 4172 646 4245 πρόσθεσις.
704 4173 934 4235 Ἀτελεῖς
966 4172 1020 4225 δὲ
1046 4173 1397 4243 ὑπάρχοντες,
1445 4174 1564 4226 οὑδὲ
1596 4174 1703 4227 τῶν

134 4266 519 4337 προσηγοριῶν
551 4266 753 4319 τούτων
805 4266 972 4335 ὑγιῶς
1012 4266 1077 4318 ἂν
1106 4265 1184 4318 ἔτι
1223 4266 1558 4335 τυγχάνοιεν.
1596 4267 1703 4319 Καὶ

132 4356 311 4410 ταῦτα
346 4358 443 4427 μὲν
478 4359 555 4419 εἰς
591 4357 863 4410 τοσοῦτον.
907 4357 1044 4426 Ἤδη
1074 4356 1129 4408 δὲ
1168 4356 1258 4409 καὶ
1298 4354 1391 4419 οὓς
1432 4352 1703 4407 ἐκτίθεται

133 4451 269 4521 περὶ
297 4448 430 4501 Θεοὺ
464 4448 650 4516 λόγους
678 4446 1119 4518 ἐπισκεψώμεθα.

1812 602 1929 658 fidei
1961 616 2055 656 ceu
2088 615 2265 654 escam
2297 598 2585 669 quamdam
2629 597 2949 660 circumdat,
2987 608 3043 649 ut
3071 595 3369 665 imperitio-

1812 707 1896 746 res
1930 692 1997 745 ad
2035 690 2086 742 id
2126 690 2267 758 quod
2300 698 2522 758 apparet
2551 686 2900 754 festinantes,
2932 687 3143 739 incaute
3179 685 3369 755 impie~

1813 784 1939 839 tatis
1970 782 2181 838 scelere
2226 781 2630 848 transfiguntur.
2681 777 2786 833 Sed
2837 795 2903 835 ne
2953 780 3193 835 videatur
3230 780 3365 833 citra

1810 876 2182 929 necessitatem
2233 873 2665 928 emendationem
2717 869 2838 924 fidei
2895 872 3152 940 aggredi,
3204 885 3365 941 quam

1809 963 1923 1033 ipse
1968 966 2196 1020 sununis
2232 965 2477 1019 laudibus
2529 963 2745 1025 extulit,
2788 962 2961 1016 videte
3002 964 3268 1032 quomodo
3314 962 3366 1017 ei

1809 1059 1959 1126 quasi
1995 1061 2277 1114 verborum
2304 1072 2521 1112 suorum
2552 1056 2750 1112 oblitus
2776 1054 3043 1111 detrahat.

1876 1234 2009 1290 Eua.
2042 1234 2346 1305 Simplicior
2374 1236 2533 1308 igitur
2559 1235 2928 1292 etcommunis
2951 1234 3080 1290 fides
3101 1234 3362 1299 omnium,

1805 1332 1895 1401 qui
1934 1340 2027 1383 aut
2055 1329 2246 1390 videri,
2275 1340 2366 1383 aut
2396 1345 2513 1385 esse
2538 1329 2832 1385 Christiani
2865 1329 3108 1401 cupiunt,
3139 1337 3195 1382 ut
3217 1343 3366 1382 conv

1808 1425 2000 1493 pendiu
2026 1439 2088 1477 ac
2114 1422 2421 1477 summatim
2454 1423 2626 1477 dicam
2649 1455 2671 1487 ,-
2697 1422 2812 1476 haec
2838 1434 2938 1477 est.

1876 1513 1999 1569 Bas.
2044 1513 2135 1567 Dic
2183 1512 2337 1575 mihi,
2374 1511 2470 1587 pia
2515 1510 2731 1566 Patrum
2776 1512 2992 1565 traditio
3041 1511 3362 1583 regulaquc,

1809 1608 1882 1658 uti
1919 1608 2031 1674 ipse
2086 1608 2414 1673 nominaSti,
2446 1615 2499 1661 et
2545 1605 2806 1669 amussis,
2846 1605 3367 1673 tutuquejudicaudi

1808 1700 1948 1752 ratio
1979 1738 1992 1761 ,
2030 1714 2171 1751 llllllc
2224 1715 2410 1751 rursus
2458 1682 2871 1752 instrumentum
2915 1695 3146 1762 fraudis,
3176 1706 3233 1751 et
3278 1709 3367 1750 ars

1806 1791 2127 1855 simulandi,
2168 1800 2222 1843 et
2263 1790 2363 1841 alia
2396 1792 2445 1843 id
2479 1806 2644 1858 genus
2686 1788 3021 1859 appellatur?
3066 1789 3272 1843 Etenim
3318 1787 3366 1843 si

1806 1898 1900 1937 eos
1933 1882 2021 1953 qui
2055 1897 2180 1936 vere
2224 1880 2521 1934 Christiani
2563 1892 2684 1934 sunt
2729 1896 3065 1951 nequaquam
3093 1879 3281 1947 decet,
3311 1890 3366 1935 at.

1809 1976 1873 2030 iis
1916 1986 2088 2030 tamen
2123 1974 2211 2043 qui
2246 1973 2412 2027 videri
2461 1988 2618 2041 quam
2647 1988 2765 2027 esse
2795 1974 3016 2039 malunt,
3054 1973 3181 2042 quid
3221 1973 3363 2026 aliud

1808 2069 1873 2120 de
1900 2083 1958 2121 ea
1990 2082 2151 2134 quam
2181 2067 2306 2120 talia
2337 2066 2542 2121 sentire
2570 2065 2857 2120 convenit?
2888 2065 3018 2143 Quis
3051 2066 3232 2136 igitur,
3261 2061 3365 2122 nisi

1808 2158 2028 2211 demens
2075 2158 2293 2212 omnino
2328 2158 2420 2222 sit,
2478 2157 2675 2212 dixerit
2716 2157 2951 2229 regulam
3002 2161 3131 2213 recti
3170 2159 3235 2212 iis
3272 2159 3364 2227 qui

1807 2250 1984 2303 animo
2013 2263 2263 2318 perverso
2298 2262 2425 2305 sunt
2453 2252 2759 2316 convenire,
2795 2259 2889 2304 aut
2914 2251 3159 2306 veritatis
3185 2265 3367 2305 amus-

1808 2342 1933 2407 sim,
1978 2344 2043 2396 iis
2076 2345 2164 2411 qui
2198 2343 2440 2398 veritatis
2473 2354 2597 2397 sunt
2623 2343 2861 2397 inimici?
2887 2342 2986 2409 Qui
3014 2345 3154 2398 enim
3183 2343 3363 2398 vocari

1806 2434 2099 2489 ChriSIiani
2124 2449 2283 2503 quam
2317 2450 2438 2489 vere
2461 2449 2579 2488 esse
2607 2434 2930 2502 maluerunt,
2962 2436 3359 2491 simulationem

1808 2530 1945 2583 hanc
1988 2530 2054 2582 ad
2087 2528 2283 2582 multos
2315 2526 2660 2596 decipiendos
2706 2529 3021 2589 iuduentes.
3070 2528 3253 2597 procul
3296 2529 3363 2583 ab

1805 2620 1948 2671 omni
1998 2620 2321 2673 rectitudine
2356 2635 2419 2672 ac
2471 2620 2702 2673 veritate
2732 2622 2947 2674 absunt.
2988 2618 3170 2689 Neque
3203 2621 3365 2690 igitur

1806 2709 2093 2762 distortum
2151 2710 2430 2779 dirigetur,
2492 2711 2637 2766 velut
2685 2710 3037 2767 Ecclesiastes
3092 2712 3225 2766 dixit
3255 2706 3301 2745 ⁸⁸
3344 2725 3360 2768 :

1809 2815 1981 2866 neque
2000 2800 2241 2854 veritatis
2259 2802 2458 2871 judicia
2481 2804 2545 2856 iis
2573 2803 2662 2873 qui
2692 2804 2744 2856 in
2761 2803 2866 2861 rita
2888 2805 3223 2859 mendacium
3242 2817 3363 2859 ama

1806 2893 2003 2961 plexati
2055 2902 2211 2960 sunt,
2250 2895 2578 2951 convenient
2615 2911 2629 2948 ι
2679 2897 2821 2966 quod
2867 2898 3083 2968 quidem
3126 2898 3249 2955 huic
3285 2899 3363 2954 vis

1804 2985 1977 3040 detur.

1880 3162 1931 3215 5.
1975 3158 2171 3217 Verum
2216 3158 2286 3218 ob
2314 3178 2408 3220 eas
2439 3180 2574 3235 quas
2605 3165 2762 3221 retuli
2793 3177 2981 3222 causas
3023 3176 3127 3221 tam
3177 3177 3363 3240 aperte

1808 3271 1990 3312 secum
2028 3266 2247 3326 pugnat,
2286 3268 2343 3312 ut
2388 3258 2514 3313 dum
2559 3259 2739 3315 laudat
2770 3260 2950 3326 iidem,
2997 3261 3211 3330 pictatis
3258 3262 3363 3317 Pa-

1807 3357 1947 3422 trum
2000 3348 2265 3416 particeps
2310 3362 2429 3403 esse
2481 3349 2725 3403 videatur
2768 3366 2782 3402 :
2839 3350 2962 3403 dum
3020 3364 3148 3403 vero
3191 3350 3362 3420 ipsam

1804 3452 1994 3493 rursus
2026 3438 2367 3505 criminatur,
2400 3440 2540 3494 viam
2585 3442 2686 3496 sibi
2720 3442 2926 3511 aperiat
2969 3441 3036 3495 ad
3070 3441 3361 3511 expositio-

1805 3549 1946 3587 nem.
1976 3532 2313 3605 Quapropter
2350 3536 2589 3591 eamdem
2624 3546 2677 3591 et
2706 3536 2939 3605 regulam
2976 3537 3225 3607 appellat,
3259 3537 3362 3591 ait-

1806 3640 1911 3693 que
1959 3642 2076 3681 eam
2128 3628 2497 3683 additamento
2549 3632 2886 3685 accuratiore
2943 3631 3200 3701 indigere.
3249 3628 3362 3687 Hoc

1806 3719 1983 3787 ipsum
2042 3730 2222 3774 autem
2268 3720 2430 3774 etiam
2487 3730 2743 3773 extremae
2791 3720 3108 3789 ignorantiae
3150 3726 3362 3793 signum

1805 3808 1992 3874 fuerit,
2027 3811 2070 3864 si
2106 3811 2193 3864 cui
2226 3810 2277 3864 id
2310 3824 2527 3879 quoque
2554 3810 2859 3880 disquirere
2890 3810 3122 3867 libuerit.
3160 3812 3361 3884 Regula

1804 3901 1946 3954 enim
1994 3911 2048 3955 et
2098 3901 2347 3968 amussis,
2401 3915 2434 3955 o
2482 3901 2895 3969 sapientissime,
2954 3902 3186 3969 quandiu
3226 3902 3360 3958 nihil

1805 3993 2032 4048 defuerit
2083 3994 2368 4063 quominus
2416 3994 2597 4064 regula
2652 3995 2759 4048 sint
2802 4004 2855 4047 et
2900 3992 3063 4068 216
3106 3996 3360 4063 amassis,

1804 4087 2164 4140 accessionem
2206 4086 2405 4139 nullam
2437 4087 2501 4140 ad
2547 4086 2912 4156 integritatem
2942 4087 3246 4143 admittunt.
3275 4086 3361 4146 ιῖιι

1803 4179 1945 4231 enim
2015 4180 2255 4232 accessio
2304 4178 2373 4232 ob
2423 4176 2709 4232 defectum.
2751 4177 2900 4243 Quod
2942 4177 2985 4233 si
3033 4178 3360 4250 imperfectae

1805 4267 2024 4331 fuerint,
2056 4282 2121 4321 ne
2148 4268 2246 4321 has
2284 4265 2502 4335 quidem
2540 4266 2924 4337 appellationes
2941 4269 3054 4338 jam
3087 4277 3233 4324 recte
3264 4284 3360 4323 ac-

1803 4361 2065 4428 ceperint.
2106 4358 2209 4413 Sed
2235 4357 2300 4413 de
2337 4359 2418 4414 his
2445 4360 2599 4415 satis.
2628 4357 2741 4413 Jam
2779 4374 2907 4414 vero
2935 4362 3095 4416 etiam
3130 4373 3267 4431 quos
3295 4361 3361 4417 de

1808 4450 1914 4504 Deo
1945 4449 2143 4518 profert
2168 4465 2441 4505 sermones
2476 4451 2902 4505 consideremus.

208 4539 371 4592 ΕΥΝ.
405 4534 498 4602 Εἷς
538 4540 734 4603 τοίνυν,
768 4540 917 4611 φησὶ,
960 4538 1097 4591 κατά
1128 4555 1186 4591 τε
1230 4536 1460 4608 φυσικὴν
1499 4536 1703 4610 ἔννοιᾳν

1877 4540 2009 4595 Eun.
2052 4540 2157 4595 Nos
2185 4543 2365 4612 igitur,
2397 4542 2590 4611 inquit,
2624 4558 2788 4595 unum
2822 4544 2983 4596 Deum
3013 4542 3237 4614 etjuxta
3261 4555 3360 4601 na-

134 4634 236 4686 καὶ
266 4632 405 4685 κατά
439 4633 533 4703 τὴν
564 4632 671 4685 τῶν
695 4632 949 4703 Πατέρων
975 4630 1313 4685 διδασκαλίαν
1351 4632 1479 4700 ἡμῖν
1500 4630 1700 4701 ὡμολό-

132 4739 304 4794 γηται
337 4721 486 4784 Θεὸς,
515 4725 647 4793 μήτε
681 4722 808 4792 παρ’
842 4720 1030 4773 ἐαυτοῦ
1068 4722 1201 4791 μήτε
1225 4720 1351 4791 παρ’
1388 4719 1571 4790 ἐτέρου
1604 4737 1698 4787 γε-

128 4815 379 4884 νόμενος.
436 4810 719 4883 Ἑκάτερον
770 4812 877 4882 γὰρ
936 4810 1110 4863 αὑτῶν
1175 4810 1367 4881 ἐπίσης
1420 4810 1698 4873 ἀδύνατον,

209 4970 261 5001 ⁸⁸
294 4969 469 5025 Eccle.
503 4986 542 5034 ι,
578 4968 665 5024 15.

207 5123 321 5197 (97)
350 5126 521 5197 Editio
548 5134 774 5195 utraque
801 5139 923 5197 cum
976 5125 1105 5197 Reg.
1145 5125 1351 5197 quinto,
1381 5116 1442 5197 τὸ
1488 5120 1694 5177 ἁπλοῦν

129 5193 238 5263 τῆς
268 5196 563 5259 ἐπιτάσεως
588 5212 603 5227 ο
636 5193 773 5249 unde
816 5193 1107 5251 Carnarius
1137 5213 1151 5251 :
1184 5195 1562 5262 simplicitatem
1603 5197 1688 5246 iu-

130 5269 505 5321 crebrescentis
550 5266 823 5318 orationis.
854 5267 923 5319 At
961 5266 1111 5321 Colb.
1149 5276 1201 5319 et
1224 5281 1317 5318 sex
1349 5265 1436 5318 alii
1471 5278 1600 5318 mss.
1628 5263 1689 5315 τὸ

128 5333 341 5404 ἁπλοῦν
372 5336 470 5404 τῆς
499 5338 754 5404 πίστεως,
780 5337 1165 5401 simplicitatem
1190 5336 1333 5402 ﬁdei.

208 5403 318 5472 (98)
361 5402 493 5460 Editi
518 5402 1011 5476 ἐπιλανθανόμενος.
1047 5405 1260 5461 Veteres
1290 5409 1392 5460 duo
1422 5406 1541 5461 libri
1568 5409 1689 5460 ἐπι-

130 5474 448 5527 λαθόμενος.

129 5489 448 5537 Ααυομενος.

206 5545 320 5613 (99)
355 5548 526 5615 Codex
558 5559 693 5599 unus
718 5546 891 5600 καὶτὸ
913 5546 1332 5615 ἀσφαλέστατον.
1395 5545 1513 5600 Mox
1548 5546 1685 5613 Reg.

130 5616 346 5686 tertius
360 5614 452 5667 νῦν
484 5615 708 5686 ὄργανα.

203 5685 983 5758 (1)-Ειίιιίπροσαγορεύονται.
1014 5688 1084 5741 At
1110 5702 1235 5740 mss.
1279 5686 1686 5758 προσαγορεὺε-

129 5753 406 5808 ται.Νι›ιιι
455 5753 890 5826 interrogationis
948 5758 1034 5810 hic
1094 5753 1363 5826 invenitur
1402 5753 1476 5809 iur
1504 5753 1685 5826 multis

130 5840 262 5881 lusa.
306 5827 499 5881 Statim
541 5824 682 5879 editi
707 5827 831 5897 περὶ
866 5826 1029 5880 αὑτοῦ
1079 5825 1495 5897 ὑπολαμϐάνειν.
1536 5824 1681 5881 Libri

452 5921 721 5983 Ριτιιοι..
767 5924 882 5985 Gn.
921 5924 1156 5987 XXIX.

1805 4630 2033 4683 turalem
2072 4631 2343 4685 notionem
2390 4641 2445 4685 et
2467 4632 2620 4698 juxta
2653 4630 2871 4685 Patrum
2904 4633 3199 4689 doctrinam
3232 4651 3362 4691 con-

1810 4719 2044 4783 fitemur,
2094 4735 2265 4788 neque
2301 4736 2329 4774 a
2378 4722 2593 4789 seipso,
2647 4735 2819 4789 neque
2866 4722 2932 4774 ah
2982 4721 3088 4777 alio
3138 4721 3359 4778 factum.

1806 4809 1940 4864 Nam
1990 4823 2277 4882 utrumque
2323 4814 2513 4868 horum
2566 4829 2631 4868 ex
2670 4830 2823 4885 εει]υο
2867 4813 2980 4869 fieri
3027 4830 3133 4871 non
3162 4826 3359 4887 potest,

1798 5121 2001 5191 antiqui
2028 5116 2155 5192 περὶ
2183 5114 2372 5193 αὐτῆς.

1869 5186 1943 5267 (2)
1974 5186 2123 5267 Colb'.
2159 5208 2277 5267 cum
2307 5186 2439 5262 Reg.
2471 5192 2628 5267 tertio
2653 5186 2743 5267 ἐπι
2762 5192 2863 5267 τὴν
2889 5188 3123 5267 ἀπάτην.
3152 5186 3357 5267 Locum

1800 5264 2140 5337 Ecclesiasta;
2172 5265 2248 5316 sic
2265 5261 2575 5337 expressere
2608 5261 2744 5337 L_XX
2784 5261 3273 5337 εΆιεστρσῖμμένον
3298 5265 3359 5337 οὐ

1794 5334 2074 5405 δυνήσεται
2112 5333 2583 5405 ἐπικοσμηθῆναι,
2640 5330 2943 5405 Ρενυεηιιηι
2998 5330 3128 5389 ἠόνί
3172 5336 3360 5405 poterit

1794 5402 2079 5476 adornari.
2110 5404 2260 5476 Vulg.
2287 5402 2529 5476 Perveni
2551 5404 2757 5471 difﬁcile
2783 5406 3145 5476 corriguntur.

1868 5474 1941 5544 (5)
1991 5474 2146 5536 Editi,
2188 5474 2254 5527 δι’
2298 5474 2362 5537 ἀς
2396 5474 2688 5544 εἴπομεν...
2746 5473 2941 5545 αὑτῆς
2970 5475 3110 5529 ὁδόν.
3138 5473 3362 5530 Codices

1796 5545 2038 5600 melioris
2074 5555 2211 5596 uota:
2237 5556 2294 5596 ut
2330 5547 2383 5598 in
2408 5555 2682 5598 contextu.

1867 5615 1937 5686 (4)
1975 5614 2107 5686 Etliti
2140 5614 2312 5686 T0510
2345 5614 2399 5686 δέ
2430 5614 2615 5686 αὑτοῦ.
2652 5615 2873 5686 Antiqui
2904 5615 3011 5670 duo
3048 5614 3170 5670 libri
3205 5605 3365 5668 τοῦτο

1792 5686 1847 5739 δὲ
1877 5684 2027 5738 αὑτό.
2048 5685 2148 5738 Alii
2178 5686 2281 5755 duo
2306 5684 2460 5738 τοῦτο
2487 5684 2541 5737 δὲ
2565 5684 2730 5755 αὑτῷ.
2759 5685 2913 5752 Quod
2943 5686 3221 5755 aliquanto
3243 5697 3364 5754 post

1791 5755 2004 5824 legitur,
2058 5753 2289 5827 ‘A‘:_s).:i;
2337 5753 2771 5827 oeagdpxovﬁ;
2803 5794 2817 5822 ,
2875 5753 3067 5811 referri
3109 5753 3268 5811 debet
3297 5755 3364 5810 ad

1790 5839 1949 5880 voces
1977 5827 2004 5878 ὁ
2032 5825 2227 5892 κανὼν,
2263 5827 2289 5878 ὁ
2324 5824 2577 5896 γνώμων.

2976 5919 3044 5980 1Ἶ
