4058 6320
736 375 843 431 5&5

2027 366 2081 419 5.
2126 364 2363 419 BASILII
2406 364 2614 418 MAGNI

3855 367 3943 421 515

731 506 852 543 cum
878 502 1062 542 revera
1087 488 1137 539 id
1166 487 1305 553 quod
1325 484 1472 549 facit,
1492 484 1638 552 prius
1656 494 1774 536 esse
1793 491 2041 549 oporteat
2057 497 2121 535 eo
2138 481 2280 549 quod

2386 481 2566 553 ἐπειδή
2606 498 2667 547 γε
2696 482 2776 533 δεῖ
2802 481 2938 535 κατά
2971 481 3222 551 ἀλήθειαν
3252 500 3311 537 το
3339 482 3523 536 ποιοῦν
3544 480 3645 535 106
3670 488 3942 552 γινομένου

729 582 817 638 Ill;
848 588 901 631 et
935 578 985 631 id
1014 578 1157 645 quod
1205 576 1283 637 fit.
1320 576 1589 644 posterius
1615 587 1681 625 eo
1723 573 1865 643 quod
1910 573 2056 628 facit.
2099 572 2281 640 Neque

727 684 855 722 vero
873 668 1161 737 quidquam
1184 668 1362 735 seipso
1381 666 1524 735 prius
1542 673 1633 716 aut
1660 664 1924 732 posterius
1944 680 2064 719 esse
2083 674 2280 732 pateat,

726 774 900 828 seque
925 758 1067 810 aliud
1110 758 1402 826 quidquam
1450 766 1575 809 ante
1611 755 1795 808 Deum.
1833 756 2123 810 Enimvero
2155 754 2282 808 illud

728 867 836 921 pra:
874 853 1170 919 posteriore
1206 851 1515 919 dignitatem
1564 848 1782 903 haberet
1822 847 2059 903 deitatis.

801 1030 922 1085 Bas.
966 1032 1231 1097 Quorsum
1286 1030 1447 1097 igitur
1499 1036 1664 1081 totam
1716 1029 1855 1082 hanc
1898 1025 2016 1094 ejus
2064 1026 2282 1093 apposui

728 1124 1057 1179 dictionem?
1093 1122 1159 1177 Ut
1204 1124 1494 1191 conspicua
1536 1122 1627 1175 fiat
1659 1122 1759 1173 viri
1793 1133 1928 1171 vana
1962 1117 2281 1186 loquacitas,

728 1233 830 1288 qua
879 1232 973 1287 per
1018 1224 1187 1271 totum
1229 1216 1421 1269 librum
1462 1216 1646 1269 utitur.
1689 1212 1799 1267 Etsi
1846 1212 1988 1265 enim
2032 1212 2121 1264 ille
2172 1212 2285 1278 ipse

724 1310 863 1364 dixit
889 1311 1111 1365 evidens
1137 1322 1253 1362 esse
1292 1306 1667 1361 communibus
1696 1303 1934 1357 omnium
1984 1302 2283 1370 intelligen-

730 1406 840 1470 liis,
879 1404 1040 1459 Deum
1069 1417 1188 1457 esse
1221 1402 1539 1471 ingenitum,
1568 1399 1669 1451 hoc
1702 1408 1877 1451 tamen
1906 1398 2063 1451 nobis
2095 1396 2285 1449 nititur

728 1505 1170 1551 commonstrare.
1216 1494 1369 1550 Unde
1414 1494 1587 1548 simile
1632 1492 1885 1561 quiddam
1922 1489 2088 1551 facit,
2136 1504 2199 1542 ac
2236 1491 2280 1543 si

728 1591 852 1656 quis
875 1588 1019 1640 clara
1052 1586 1103 1638 in
1135 1586 1360 1639 meridie
1384 1584 1531 1638 sanis
1556 1584 1727 1636 oculis
1755 1581 2008 1651 przeditos
2040 1580 2284 1634 homines

726 1683 920 1735 docere
953 1679 1158 1732 ratione
1183 1678 1332 1740 velit,
1365 1677 1531 1731 solem
1556 1674 1860 1729 ccelestium
1893 1674 2131 1725 omnium
2156 1672 2283 1726 stel-

724 1773 901 1827 larum
942 1786 1060 1825 esse
1100 1770 1505 1823 lucidissimum.
1548 1767 1697 1834 Quod
1724 1766 1766 1819 si
1794 1764 2067 1818 deridetur
2092 1762 2181 1831 qui
2219 1780 2279 1817 ea

2385 571 2772 642 πῳῦπάρχειν,
2810 574 2902 625 καὶ
2934 572 2993 624 τὸ
3019 573 3335 641 ποιούμενον
3372 574 3464 627 106
3505 572 3795 634 ποιοῦντος
3820 568 3943 626 εἶναι

2382 663 2648 734 δεύτερον.
2688 664 2837 733 Μήτε
2881 665 2936 717 δὲ
2963 664 3091 715 αὑτὸ
3123 665 3313 716 ἑαυτοῦ
3356 669 3619 739 πρότερον
3655 667 3687 733 ἢ
3730 665 3943 737 ὕστερον

2384 750 2519 807 εἶναι
2549 754 2823 817 δύνασθαι,
2860 759 2992 827 μήτε
3022 755 3204 824 ’ἐτερόν
3225 772 3277 806 τι
3306 758 3409 827 πρὸ
3428 760 3521 811 τοῦ
3549 759 3709 813 Θεοῦ.
3746 754 3825 808 Ἦ
3851 762 3944 827 γὰρ

2383 844 2448 897 ἂν
2477 849 2649 900 ἐκεῖνο
2696 846 2799 916 πρὸ
2846 849 2937 901 τοῦ
2976 847 3223 917 δευτέρου
3262 847 3321 899 τὺ
3361 851 3455 918 τῆς
3501 851 3763 923 θεότητος
3804 848 3944 918 ἔσχεν

2384 938 2619 1009 ἀξίωμα.

2454 1031 2599 1084 ΒΑΣ.
2645 1030 2795 1094 Τίνός
2844 1026 2935 1082 οὖν
2974 1032 3155 1085 ἕνεκεν
3198 1032 3271 1102 (5)
3320 1032 3497 1083 πᾶσαν
3542 1035 3713 1087 αὐτοῦ
3756 1034 3944 1099 101')?er

2386 1123 2696 1193 παρεθέμην
2728 1124 2823 1193 τὴν
2858 1121 3032 1187 λέξιν;
3073 1126 3188 1177 Ἵνα
3234 1122 3548 1191 καταφανὴς
3589 1126 3623 1192 ἡ
3670 1128 3946 1196 ἀδολεσχία

2384 1214 2473 1267 τοῦ
2497 1214 2703 1283 ἀνδρὸς,
2796 1215 2989 1283 χρῆται
3016 1216 3164 1284 παρὰ
3186 1217 3359 1269 πάντα
3388 1214 3471 1265 τὸν
3499 1212 3682 1279 λόγον,
3709 1220 3944 1285 γένηται.

2385 1304 2565 1359 Εἰπὼν
2618 1308 2722 1379 γὰρ
2778 1307 2936 1368 αὐτὸς
2990 1306 3212 1376 ἐναργὲς
3274 1308 3533 1377 ὑπάρχειν
3574 1309 3705 1367 ταῖς
3756 1307 3950 1371 item:

2386 1399 2598 1450 πάντων
2616 1400 2840 1462 ἐννοίαις
2867 1398 2925 1450 τὸ
2949 1398 3084 1450 εἶναι
3114 1399 3201 1450 τὸν
3224 1401 3352 1452 Θεὸν
3380 1399 3677 1467 ἀγέννητον
3697 1397 3799 1464 (6),
3834 1402 3951 1451 ἀπο-

2383 1488 2572 1552 δείξεις
2608 1492 2793 1543 τούτου
2820 1490 3060 1560 κομίζειν
3087 1492 3214 1559 ἡμῖν
3249 1494 3531 1563 ἐπιχειρεῖ,
3570 1488 3951 1559 παραπλήσιοι

2387 1580 2569 1639 ποιῶν,
2597 1582 2782 1652 ὥσπερ
2811 1582 2872 1634 ἂν
2909 1583 2959 1633 εἴ
2987 1598 3067 1643 τις
3110 1584 3165 1633 ἐν
3202 1584 3435 1654 σταθερᾷ
3480 1580 3811 1651 μεσημϐρίᾳ
3840 1588 3951 1640 τοὺς

2386 1672 2719 1744 ἐρρωμένους
2752 1675 2846 1734 τὰς
2875 1674 3024 1741 ὄψεις
3052 1674 3192 1743 λόγῳ
3221 1675 3481 1729 διδάσκειν
3509 1672 3760 1743 βούλοιτο
3797 1673 3951 1738 φαιο-

2384 1781 2539 1817 τατον
2574 1761 2710 1818 εἶναι
2742 1766 2845 1817 τῶν
2872 1768 2989 1817 κατ’
3022 1766 3244 1836 οὐρανὸν
3281 1768 3522 1838 ἀστέρων
3563 1766 3658 1818 τὸν
3690 1763 3862 1833 ἥλιον.
3897 1762 3951 1811 ΕΞ

722 1880 843 1934 qua
882 1864 1125 1919 sensibus
1153 1874 1275 1915 nota
1305 1870 1449 1925 sunt,
1482 1862 1689 1913 ratione
1719 1858 1957 1911 ostendit
1992 1876 2004 1910 :
2052 1856 2143 1925 qui
2194 1872 2278 1911 res

2386 1857 2435 1909 δὲ
2458 1858 2485 1907 ὁ
2510 1856 2577 1908 τά
2598 1861 2661 1927 τῇ
2698 1857 2942 1927 αἰσθήσει
2974 1858 3223 1929 γνώριμα
3249 1858 3388 1928 λόγῳ
3420 1860 3638 1919 δεικνὺς
3666 1855 3953 1921 καταγέλα-

722 1973 787 2012 es
818 1955 1191 2011 communibus
1226 1954 1535 2007 notionibus
1583 1950 1861 2003 confessas
1895 1949 2075 2013 ducel,
2103 1964 2279 2004 nouue

724 2046 973 2101 amentia!
1001 2044 1238 2113 ejusdem
1275 2044 1486 2097 futurus
1510 2051 1598 2095 est
1628 2042 1791 2095 reus?
1826 2040 1948 2095 Haec
1976 2041 2119 2094 enim
2154 2057 2277 2109 pro-

725 2135 867 2189 fecto
899 2135 1054 2201 longe
1092 2133 1321 2188 certiora
1358 2140 1483 2184 sunt
1516 2133 1686 2200 aquis
1726 2147 1907 2185 rerum
1935 2132 2278 2186 aestimatori-

722 2224 842 2285 bus,
877 2239 1035 2292 quam
1068 2238 1185 2289 qua:
1214 2224 1411 2275 cadunt
1460 2222 1559 2274 sub
1600 2221 1804 2274 oculos.
1838 2220 1901 2273 Et
1928 2237 2055 2275 vero
2082 2223 2128 2276 si
2160 2229 2281 2291 quis

725 2324 869 2369 eSset
892 2314 981 2383 qui
1008 2314 1060 2366 iu
1088 2312 1229 2367 hanc
1252 2313 1529 2367 veritatem
1555 2312 1894 2383 impudenter
1917 2315 2279 2379 inVelieretur,

725 2414 781 2458 et
798 2419 920 2458 eum
946 2405 1036 2471 qui
1071 2405 1337 2474 ingenitus
1361 2414 1469 2467 est,
1500 2419 1593 2459 aut
1619 2422 1647 2459 a
1671 2409 1872 2475 seipsn,
1901 2419 1996 2461 aut
2020 2410 2087 2462 ab
2113 2411 2281 2464 altero

726 2492 959 2560 genitum
1004 2506 1124 2545 esse
1157 2493 1509 2548 contenderet
1531 2535 1546 2558 ,
1594 2496 1705 2550 haec
1736 2498 1832 2549 ista
1867 2498 2151 2550 verborum
2186 2512 2281 2549 va-

729 2582 872 2635 nitas
904 2583 1114 2636 veniam
1145 2583 1375 2651 aliquam
1409 2586 1636 2638 fortasse
1665 2586 1909 2640 obtinere
1940 2597 2119 2654 posset
2148 2604 2161 2639 :
2197 2587 2279 2641 sin

730 2682 909 2726 autem
963 2674 1137 2727 nullus
1192 2675 1257 2726 ad
1320 2674 1460 2727 hunc
1509 2689 1678 2742 usque
1720 2676 1894 2738 diem,
1947 2692 2043 2730 nec
2097 2692 2280 2731 eorum

725 2764 817 2833 qui
858 2764 1017 2818 alieni
1055 2774 1179 2818 sunt
1208 2780 1238 2819 a
1282 2774 1462 2820 nostra
1505 2767 1751 2821 doctrina
1774 2808 1789 2832 ,
1843 2782 1945 2821 nec
1973 2782 2159 2821 eorum
2191 2768 2280 2836 qui

732 2871 802 2910 ex
829 2856 941 2927 ipsa
968 2856 1207 2912 Ecclesia
1233 2860 1433 2919 exiere,
1456 2870 1640 2912 contra
1667 2861 1943 2912 veritatem
1980 2861 2284 2913 insurrexe-

728 2959 877 3014 runt,
906 2963 970 3003 eo
995 2950 1207 3001 devenit
1236 2951 1583 3016 stupiditatis,
1611 2960 1669 3003 ttt
1698 2952 1762 3004 de
1795 2953 2016 3017 ingeniti
2057 2954 2282 3022 ingene-

732 3038 939 3092 ratione
966 3040 1268 3094 dubitaret:
1303 3040 1429 3108 quid
1460 3040 1506 3093 ei
1542 3039 1677 3093 lucri
1706 3056 1767 3094 ex
1812 3043 1894 3097 Itis
1923 3044 2102 3101 verbis
2131 3060 2279 3101 acccc

734 3130 848 3194 dat,
886 3128 1023 3182 haud
1053 3128 1309 3199 intelligo.
1349 3129 1485 3183 Num
1514 3145 1641 3185 vere
1666 3130 1970 3188 Aristotelis
1999 3144 2091 3190 aut
2114 3134 2285 3207 Chry-

730 3221 865 3291 sippi
906 3221 1228 3292 syllogismis
1276 3236 1410 3292 opus
1458 3225 1614 3279 nobis
1655 3236 1794 3291 erat,
1847 3236 1903 3280 ut
1953 3228 2285 3283 disceremus

730 3329 854 3368 eum
889 3315 979 3384 qui
1018 3315 1283 3385 ingenitus
1322 3325 1443 3380 est,
1486 3334 1659 3387 neque
1687 3335 1715 3373 a
1764 3322 1939 3387 seipso
1965 3360 1978 3382 ,
2019 3337 2190 3390 neque
2223 3323 2290 3375 ab

733 3403 905 3458 altero
933 3405 1169 3472 genitum
1194 3404 1359 3456 fuisse
1388 3422 1400 3455 :
1432 3414 1484 3455 et
1518 3406 1762 3456 emndem
1795 3406 1972 3471 seipso
2013 3422 2109 3458 nec
2150 3407 2288 3457 anti-

733 3497 997 3562 quiorem,
1030 3493 1408 3560 uecjuniorem
1434 3494 1595 3547 esse?
1626 3492 1761 3559 Quid
1789 3495 1949 3563 igitur
1975 3496 2076 3549 sibi
2108 3496 2289 3549 volunt

734 3583 846 3637 inec
874 3582 989 3649 ejus
1019 3582 1218 3637 verba?
1249 3583 1470 3637 Videtur
1515 3584 1645 3638 mihi
1677 3600 1734 3639 se
1765 3584 1906 3638 inter
1942 3600 2069 3639 suos
2112 3596 2287 3639 secta-

736 3685 879 3729 tores
908 3674 1134 3741 jactare,
1172 3682 1426 3739 tanquam
1464 3676 1701 3744 prudens
1738 3677 2001 3744 quispiam
2035 3692 2098 3732 ac
2138 3692 2289 3748 egre-

734 3766 820 3836 gia
853 3774 1027 3818 tuente
1053 3766 1331 3832 prmditus,
1362 3770 1597 3833 quicum
1632 3778 1823 3821 acutus
1854 3770 1923 3821 sit
1952 3770 2003 3821 iu
2040 3768 2290 3823 absurdis

735 3857 1164 3926 prospicieudis,
1210 3858 1262 3911 in
1333 3859 1433 3914 hoc
1491 3860 1635 3929 quod
1686 3859 2037 3929 deprehendit
2100 3860 2291 3915 dissol-

738 3952 911 4003 vendo
966 3950 1172 4004 acutior
1201 3960 1304 4015 est,
1356 3952 1424 4005 ob
1474 3952 1631 4020 idque
1672 3952 1726 4005 in
1776 3952 2059 4007 verborum
2106 3968 2293 4007 versu-

742 4040 813 4093 tia
867 4040 1107 4109 gloriari,
1166 4052 1220 4095 et
1271 4042 1452 4095 conari
1507 4043 1772 4097 subtiliter
1812 4054 1865 4096 et
1914 4052 2101 4111 argute
2163 4043 2292 4097 illud

738 4133 1142 4196 demonstrare,
1195 4137 1335 4201 quod
1393 4135 1437 4187 is
1470 4135 1559 4202 qui
1612 4136 1881 4204 ingenitus
1945 4144 2063 4201 est,
2119 4150 2217 4189 nec
2262 4150 2290 4188 ο

737 4221 947 4288 seipso.
999 4237 1096 4276 nec
1146 4223 1215 4276 ab
1271 4225 1376 4277 alio
1426 4228 1637 4293 genitus
1682 4228 1772 4279 sit.
1811 4228 2013 4279 Deinde
2056 4242 2185 4279 vero
2224 4242 2292 4280 ne

739 4314 826 4366 hic
853 4312 1065 4381 quidem
1105 4314 1239 4368 artis
1284 4330 1393 4369 sua:
1430 4315 1764 4370 obliviscitur
1799 4334 1811 4369 :
1846 4317 1938 4369 sed
1981 4317 2139 4370 rebus
2164 4332 2293 4370 con-

739 4410 895 4463 fessis
924 4410 1237 4475 immorans,
1284 4410 1434 4477 quasi
1463 4411 1727 4464 elementa
1756 4412 1998 4477 quaedam
2037 4412 2136 4465 sibi
2179 4412 2289 4477 ipse

736 4498 802 4550 ad
850 4513 966 4552 eam
1007 4514 1126 4569 qua
1170 4503 1411 4569 sequitur
1455 4502 1752 4554 doctrinam
1807 4502 2102 4555 interserit.
2157 4501 2287 4553 Illud
2318 4519 2365 4577 ο

738 4590 881 4642 enim
917 4606 1020 4643 non
1062 4592 1234 4646 otiose
1259 4594 1415 4657 dixit,
1446 4594 1585 4661 quod
1626 4603 1870 4661 oporteat
1904 4593 1953 4645 id
1982 4594 2121 4661 quod
2164 4594 2288 4646 facit

741 4692 924 4732 revera
954 4680 1101 4747 prius
1132 4696 1251 4734 esse
1278 4696 1343 4735 eo
1370 4681 1507 4749 quod
1534 4678 1761 4734 efﬁcitur
1787 4697 1800 4732 :
1839 4679 1931 4733 sed
1959 4689 2018 4732 ut
2052 4679 2105 4731 in
2134 4678 2288 4732 iusti-

741 4769 948 4823 tuendis
972 4770 1037 4824 de
1071 4768 1207 4823 Filio
1240 4772 1599 4836 sermonibus,
1623 4771 1676 4824 in
1704 4779 2040 4824 antecessum
2060 4783 2283 4822 conces-

736 4874 855 4913 sum
892 4861 1082 4915 habeat
1126 4861 1285 4931 215
1330 4862 1524 4915 Filium
1558 4873 1743 4930 postea
1779 4861 1975 4915 factum
2006 4860 2156 4915 Patri
2198 4876 2290 4914 ac-

736 4952 965 5006 cessisse
990 4993 1005 5016 ,
1037 4953 1299 5020 siquidem
1336 4954 1385 5007 id
1416 4956 1556 5023 quod
1587 4954 1715 5007 facit
1737 4995 1751 5019 ,
1783 4969 1846 5008 eo
1886 4954 2026 5021 quod
2061 4955 2118 5005 tit
2150 4952 2291 5005 anti-

737 5043 894 5110 quius
917 5054 1001 5096 est
1042 5059 1057 5096 :
1098 5044 1245 5108 item,
1274 5053 1331 5097 ut
1365 5046 1464 5115 hoc
1508 5053 1760 5112 tanquam
1799 5044 1923 5099 inde
1956 5059 2290 5112 consequens

733 5131 973 5199 colligat,
1016 5131 1211 5185 Filium
1242 5132 1445 5187 scilicet
1470 5146 1534 5187 ex
1578 5148 1682 5185 non
1711 5134 2052 5188 exstantibus
2092 5134 2288 5186 factum

807 5287 883 5356 (5)
912 5286 1135 5340 Veteres
1170 5287 1274 5341 duo
1303 5288 1419 5340 libri
1447 5286 1587 5351 τίνος
1615 5288 1795 5340 ἕνεκα.
1836 5286 1957 5342 Mox
2004 5288 2057 5342 in
2102 5287 2288 5342 iisdem

738 5374 865 5410 mss.
903 5373 1003 5410 vox
1037 5357 1239 5426 ταύτην
1270 5360 1438 5411 deest.

806 5426 882 5498 (6)
914 5426 1048 5479 Editi
1077 5426 1208 5479 Θεὸν
1249 5427 1533 5498 ἀγένητον,
1573 5427 1735 5498 Deum
1767 5426 2289 5498 non_factum,Deum

738 5495 839 5547 non
866 5495 1073 5567 natum.
1102 5499 1169 5549 At
1207 5510 1333 5551 mss.
1363 5495 1492 5550 Θεὸν
1520 5497 1832 5567 ἀγέννητον,
1859 5495 2021 5548 Deum
2065 5513 2165 5549 non
2198 5513 2289 5565 ge-

735 5568 927 5630 nitum,
956 5562 1120 5618 Deum
1144 5569 1492 5635 generationis
1527 5562 1800 5633 expertem.

807 5638 881 5704 t7)
912 5636 1047 5689 Editi
1082 5647 1135 5689 et
1169 5636 1300 5705 Reg.
1346 5641 1610 5690 Secundus
1642 5636 1998 5706 dyévvmov...
2028 5636 2287 5705 γεγεννῆ-

736 5705 878 5758 σθαι.
907 5705 1009 5760 Alii
1052 5716 1159 5761 tres
1193 5704 1323 5759 mss.
1343 5706 1667 5776 ἀγένητον...
1698 5704 2043 5775 γεγενῆσθαι.
2072 5704 2286 5759 Exarati

734 5792 896 5830 manu
936 5776 1081 5839 libri,
1110 5791 1229 5831 cum
1266 5778 1345 5831 ita:
1397 5792 1553 5831 voces
1593 5788 1905 5844 occurrunt,
1943 5776 2117 5831 solent
2149 5777 2286 5830 inter

2383 1967 2521 2012 στος,
2554 1952 2581 2002 ό
2614 1952 2679 2002 τὰ
2706 1953 2824 2011 ταῖς
2854 1953 3057 2012 κοιναῖς
3092 1949 3419 2021 προλήψεσιν
3452 1948 3862 2019 ὡμολογημένα
3884 1947 3952 1998 δι-

2380 2043 2590 2095 δάσκων
2638 2042 2753 2104 πῶς
2794 2042 2913 2110 οὐχὶ
2955 2042 3054 2111 τῆς
3100 2042 3219 2110 tunc;
3270 2043 3571 2109 παρανοίας
3619 2040 3951 2101 ὑπεύθυνοςς

2381 2131 2564 2202 [Ιολλῷ
2594 2132 2700 2203 γάρ
2725 2133 2895 2203 δήπου
2924 2132 3097 2185 ταῦτα
3120 2133 3226 2185 τῶν
3250 2131 3335 2183 διὰ
3362 2131 3458 2201 τῆς
3490 2130 3672 2198 ὅψεως
3700 2132 3951 2200 φαινομέ-

2380 2240 2486 2276 νων
2520 2227 2629 2287 τοῖς
2664 2224 2993 2295 σωφρονοῦσι
3026 2225 3335 2295 πιστότερα.
3369 2224 3431 2276 Ei
3472 2224 3571 2294 μὲν
3599 2218 3699 2275 οὖν
3727 2219 3794 2293 ἦν
3824 2240 3901 2282 τις
3934 2224 3954 2272 ό

2381 2317 2524 2369 κατά
2552 2317 2649 2385 τῆς
2670 2316 2925 2385 ἀληθείας
2944 2318 3145 2384 ταύτης
3169 2316 3554 2385 ἀναισχυντῶν,
3582 2316 3681 2368 καὶ
3710 2316 3801 2367 τὸν
3816 2316 3909 2380 ἀγέ
3926 2342 3957 2360 ι-

2382 2422 2539 2474 νητον
2586 2408 2618 2475 ἢ
2654 2408 2783 2476 παρ’
2812 2404 3002 2457 ἑαυτοῦ
3038 2404 3069 2472 ἢ
3114 2407 3243 2474 παρ’
3273 2406 3457 2473 ἐτέρου
3484 2404 3857 2472 γεγεννῆσθαι
3891 2402 3955 2463 εἴ]

2381 2497 2790 2568 διατεινόμενος,
2822 2492 2964 2564 εἶχεν
2997 2496 3058 2549 ἄν
3088 2513 3209 2547 τινα
3234 2496 3392 2563 τυχὸν
3431 2494 3773 2563 συγγνώμην
3802 2498 3833 2563 ή
3864 2513 3955 2563 μα-

2382 2592 2598 2659 ταιότης
2628 2590 2734 2642 τῶν
2763 2589 3095 2657 λεγομένων’
3130 2590 3177 2639 εἰ
3214 2586 3269 2638 δὲ
3295 2586 3464 2647 οὐδεὶς
3513 2584 3687 2654 μέχρι
3728 2587 3956 2653 σήμερον,

2382 2684 2503 2737 061s
2538 2685 2644 2739 τῶν
2684 2685 2787 2749 ἔξω
2810 2684 2902 2737 τοῦ
2930 2684 3085 2750 λόγου
3114 2682 3205 2734 τοῦ
3240 2682 3355 2734 καθ’
3381 2683 3551 2751 ἡμᾶς,
3588 2678 3720 2733 οὔτε
3756 2680 3869 2733 τῶν
3906 2682 3956 2744 ἐξ

2382 2777 2553 2844 αὐτῆς
2581 2776 2677 2844 τῆς
2712 2774 3030 2845 Ἐκκλησίας
3052 2774 3463 2826 ἐπαναστάντων
3496 2775 3563 2842 τῇ
3594 2772 3849 2842 ἀληθεία,
3888 2774 3957 2830 εἰς

2381 2866 2630 2920 τοσοῦτον
2654 2862 2813 2936 ἦλθεν
2846 2866 3202 2936 ἀποπληξίας,
3245 2864 3382 2918 ὥστε
3422 2864 3853 2933 διαμφισϐητεῖν
3882 2863 3950 2923 (Si

2385 2958 2511 3029 περὶ
2563 2957 2661 3026 τῆς
2700 2957 3021 3028 ἀγεννησίας
3065 2958 3159 3010 106
3197 2959 3515 3025 ἀγεννήτου·
3568 2956 3620 3005 τί
3672 2954 3865 3022 κέρδος
3904 2956 3959 3003 ἐκ

2385 3047 2491 3099 τῶν
2524 3047 2695 3116 λόγων
2724 3047 2947 3109 τούτων,
2970 3049 3030 3101 οὐ
3054 3047 3276 3118 συνορῶ.
3313 3048 3380 3095 Ἢ
3408 3044 3512 3095 τῶν
3556 3045 3958 3113 Ἀριστοτέλους

2387 3139 2553 3202 ὅντως
2589 3140 2717 3209 ἡμῖν
2760 3140 2851 3191 καὶ
2896 3138 3213 3208 Χρυσίππου
3247 3134 3619 3203 συλλογισμῶν
3662 3134 3777 3187 ἔδει
3828 3135 3958 3202 πρὸς

2388 3232 2447 3282 τὸ
2476 3230 2681 3299 μαθεῖν,
2745 3231 2824 3281 ὅτι
2872 3232 2898 3279 ό
2942 3227 3228 3295 ἀγέννητος
3258 3226 3317 3277 οὑ
3352 3228 3683 3295 γεγέννηται
3713 3228 3813 3295 (9),
3845 3226 3957 3277 οὗτε

2388 3322 2544 3381 αὐτὸς
2580 3322 2668 3385 ὑφ’
2692 3317 2908 3378 ἑαυτοῦ,
2943 3316 3064 3369 οὕτε
3086 3317 3175 3385 ὑφ’
3207 3317 3427 3387 έτέρου;
3458 3319 3549 3368 καὶ
3572 3317 3703 3369 οὔτε
3726 3318 3958 3387 πρεσϐύ-

2388 3426 2561 3478 τερος,
2582 3408 2704 3458 οὔτε
2728 3406 2985 3477 νεώτερος
3013 3408 3172 3470 αὐτός
3192 3409 3335 3458 ἐστιν
3360 3407 3547 3459 ἑαυτοῦ
3574 3424 3588 3469 ;
3617 3408 3685 3458 Τί
3709 3404 3804 3461 οὗν

2385 3498 2556 3551 ταῦτα
2584 3496 2863 3567 βούλεται;
2895 3500 3050 3549 Δοκεῖ
3092 3514 3179 3565 μοι
3222 3496 3355 3565 ὁμοῦ
3388 3496 3481 3565 μὲν
3503 3499 3619 3558 τοῖς
3647 3498 3959 3559 ἀκολούθοις

2388 3586 2900 3653 ἐγκαλλωπίζεσθαι.
2926 3587 2998 3649 ὡς
3026 3586 3088 3657 δὴ
3117 3586 3316 3648 πυκνός
3346 3604 3427 3648 τις
3459 3588 3551 3639 καὶ
3579 3588 3841 3657 περιττὸς
3870 3590 3959 3657 τὴν

2386 3680 2641 3743 διάνοιαν,
2670 3680 2762 3731 καὶ
2784 3679 2909 3742 ὀξὺς
2936 3678 3033 3747 μὲν
3064 3676 3345 3730 ὑπιδέσθαι
3370 3676 3428 3729 τὸ
3459 3678 3683 3739 ἄτοπον,
3707 3678 3959 3747 ὀξύτερκ

2387 3770 2443 3822 δὲ
2465 3770 2708 3823 διαλῦσαι
2749 3771 2808 3821 τὸ
2838 3769 3105 3839 φωραθὲν,
3139 3770 3232 3822 καὶ
3268 3768 3353 3821 διὰ
3378 3768 3533 3821 τοῦτο
3568 3769 3961 3839 ὲναϐρὺνεσθαι

2387 3864 2452 3932 τῇ
2496 3861 2601 3913 τῶν
2642 3862 2813 3929 λόγων
2857 3864 3081 3931 στροφῇ,
3125 3862 3218 3913 καὶ
3266 3861 3390 3931 περὶ
3421 3862 3516 3928 τὴν
3548 3861 3835 3925 ἀπόδειξιν
3878 3860 3960 3911 λε-

2391 3956 2677 4023 πτουργεῖν
2717 3951 2810 4006 106
2848 3955 2983 4023 μήτε
3012 3954 3100 4022 ὑφ’
3134 3951 3323 4003 ἑαυτοῦ
3353 3952 3487 4019 μήτε
3531 3951 3621 4015 ὑφ’
3653 3950 3853 4018 ἐτέρου
3876 3950 3959 3999 τὸν

2391 4046 2678 4116 ἀγέννητον
2708 4044 3081 4114 γεγεννῆσθαι.
3113 4045 3337 4095 Ἔπειτα
3374 4042 3550 4109 μέντοι
3573 4040 3702 4091 οὐδὲ
3730 4039 3961 4092 ἐνταῦθα

2391 4139 2486 4207 τῆς
2526 4138 2718 4190 ἑαυτοῦ
2765 4139 2957 4206 τέχνης
3002 4133 3443 4187 ἐπιλανθάνεται·
3487 4130 3600 4183 ἀλλ’
3641 4134 3703 4184 ὲν
3745 4137 3817 4202 τῇ
3861 4130 3960 4185 τιῖιν

2389 4226 2828 4293 ὁμολογουμένων
2860 4224 3123 4294 διατριϐῇ,
3176 4222 3363 4294 ὥσπερ
3394 4224 3627 4291 στοιχεῖα
3669 4240 3807 4275 τινα
3836 4224 3961 4291 πρὸς

2388 4316 2511 4375 τοὺς
2544 4313 2668 4383 ἑξῆς
2693 4314 2877 4380 λόγους
2908 4314 3083 4382 ἑαυτῷ
3114 4313 3497 4383 παρεμϐάλλει.
3533 4314 3606 4364 Οὐ
3631 4314 3748 4382 γὰρ
3782 4314 3960 4381 ἀργῶς

2389 4404 2535 4474 αὑτῴ
2563 4406 2735 4457 ἐκεῖνο
2757 4404 2887 4474 ἔχει,
2921 4405 3000 4456 ὅτι
3040 4404 3137 4466 δεῖ,
3173 4404 3314 4456 κατὰ
3352 4403 3626 4473 ἀληθειαν,
3664 4404 3738 4453 τὸ
3780 4404 3957 4455 ποιοῦν

2388 4494 2480 4545 τοῦ
2513 4493 2795 4560 γινομένου
2828 4483 3214 4565 προῢπάρχειν.
3252 4492 3388 4544 Ἀλλ’
3440 4492 3522 4542 ἵνα
3568 4493 3625 4541 ἐν
3659 4494 3790 4552 τοῖς
3842 4492 3958 4559 mei

2392 4583 2521 4635 Υίοῦ
2580 4584 2757 4651 λόγοις
2811 4582 3378 4656 προδιωμολογημένον
3435 4580 3547 4652 ἔχῃ,
3602 4580 3661 4631 τὸ
3735 4581 3958 4649 ὕστερον

2390 4676 2852 4748 προσγεγενῖμςθαι
2890 4675 2965 4745 τῷ
2997 4674 3168 4745 Πατρ“ι
3195 4674 3285 4726 τὸν
3316 4673 3458 4736 Υἱὺν,
3489 4672 3639 4742 εἰπερ
3666 4670 3739 4721 τὸ
3778 4670 3958 4723 ποιοῦν

2391 4768 2506 4818 ἐστι
2542 4766 2635 4818 τοῦ
2661 4766 2941 4835 γινομένου
2972 4765 3362 4836 πρεσϐύτερον·
3412 4762 3578 4831 τούτῳ
3622 4760 3675 4812 δὲ
3726 4763 3813 4825 ὼς
3843 4763 3959 4815 ἐπέν-

2397 4874 2552 4927 μενον
2602 4856 2757 4929 λάϐῃ,
2817 4858 2877 4910 τὸ
2938 4860 3001 4909 ὲκ
3062 4858 3134 4927 μὴ
3183 4859 3346 4909 ὄντων
3388 4855 3475 4908 τὸν
3521 4854 3645 4906 Υἱὸν
3694 4856 3960 4923 γεγεννῆ-

2395 4950 2519 5002 σθαι
2550 4948 2681 5020 (10).
2745 4950 2879 5002 Ἀλλ’
2932 4952 2959 5003 ό
3004 4951 3098 5019 μὲν
3147 4950 3245 5019 τῆς
3293 4950 3370 5011 είς
3407 4949 3493 5001 τὸν
3528 4948 3651 4999 Υἰὸν
3698 4948 3960 5007 ἀσεϐείας

2397 5040 2615 5109 ἐλεγχος
2644 5043 2699 5092 ὲν
2724 5044 2833 5103 τοῖς
2858 5041 3076 5103 οἰκείοις
3100 5041 3283 5103 τόποις
3325 5040 3675 5109 ἀναμεινάτω.
3728 5040 3880 5108 Ἐγὼ
3910 5040 3955 5090 δὲ

2397 5132 2490 5184 καὶ
2520 5132 2618 5201 τὴν
2642 5131 2735 5183 τοῦ
2770 5132 3059 5201 ἀγεννήτου
3089 5131 3472 5203 προσηγορίαν,
3506 5129 3603 5183 κᾶν
3621 5129 3690 5182 τὰ
3719 5131 3956 5201 μάλιστα

2394 5301 2452 5340 se
2500 5286 2786 5348 dissidere,
2828 5286 2915 5339 alii
2952 5285 3110 5339 aliam
3170 5286 3491 5353 scripturam
3548 5284 3950 5352 praeferentes;

2393 5372 2511 5425 quae
2540 5359 2765 5410 variatio
2791 5368 2843 5409 et
2872 5358 2921 5408 in
2960 5357 3088 5421 ipsis
3112 5357 3261 5410 libris
3294 5359 3565 5421 impressis
3596 5356 3905 5407 invenitur.

2400 5424 2422 5511 ,ξ
2463 5428 2539 5495 (8)
2570 5427 2708 5480 Editi
2760 5426 2833 5489 ὡς
2879 5426 3314 5497 διαμφισϐητεῖν.
3365 5429 3433 5479 At
3473 5440 3598 5477 mss.
3634 5439 3751 5477 non
3807 5424 3951 5493 pauci

2390 5513 2551 5549 ωστε.

2460 5567 2534 5636 (9)
2558 5566 2691 5635 Reg.
2725 5565 2914 5619 tertius
2942 5564 3332 5636 dYéVVn10;7064
3357 5562 3662 5636 reﬁgunt.

2461 5630 2571 5705 (10)
2613 5630 2747 5689 Ε’όὶιὶ
2774 5637 2861 5687 τὸν
2895 5630 3022 5687 Υἱὸν
3047 5630 3419 5703 γεγεννῆσθαι,
3439 5630 3678 5705 _Filium_
3697 5633 3949 5705 genium

2390 5722 2517 5769 esse.
2548 5701 2615 5758 Ᾱι
2641 5721 2771 5759 mss.
2796 5706 3032 5773 plerique
3061 5701 3248 5757 omnes
3266 5701 3617 5772 γεγενῆσθαι.
3665 5702 3794 5757 Mox
3825 5702 3946 5767 lies.

2394 5778 2582 5831 tertius
2603 5791 2722 5831 cum
2751 5776 2899 5831 Colb.
2923 5776 3103 5837 τόποις
3123 5776 3221 5827 ἀνα
3230 5774 3451 5845 μενέτω.
