4058 6320
176 335 296 393 ειτ

1282 341 1640 399 ADVERSUS
1672 344 2034 400 EUNOMIUM
2077 348 2203 401 LIB.
2248 348 2287 402 I.

3304 359 3407 413 i518

171 454 321 526 δοκῇ
344 459 456 521 ταῖς
483 458 709 522 ἐννοίαις
743 459 898 531 ἡμῶν
922 460 1254 530 συμϐαίνειν,
1288 463 1399 514 ἀλλ’
1423 460 1514 517 οὖν
1549 466 1623 528 ὡς
1657 466 1726 518 οὐ⁴

1854 482 1993 522 esse.
2040 467 2107 520 At
2139 467 2433 536 impietatis
2476 470 2528 523 in
2564 472 2757 526 Filium
2800 470 3099 527 confutatio
3130 474 3241 527 suis
3280 474 3413 530 locis

174 549 364 617 δαμοῦ
406 552 501 622 τῆς
539 552 756 621 Γραφῆς
791 552 1066 623 κειμένην,
1108 555 1201 607 καὶ
1243 556 1452 624 πρῶτον
1497 561 1753 627 στοιχεῖον

178 636 357 694 οὖσαν
393 646 488 711 τῆς
516 642 857 712 βλασφημίας
881 646 1078 709 αὐτῶν,
1113 648 1413 700 σιωπᾶσθαι
1446 647 1511 699 ἂν
1534 649 1754 712 δικαίως

176 733 350 800 ἀξίαν
383 731 518 786 εἶναι
552 735 810 805 φήσαιμι,
834 738 929 808 τῆς
970 737 1183 808 [ἰατρὸς
1231 742 1413 811 φωνῆς
1461 740 1569 792 ἴσον
1595 742 1751 793 δυνα-

182 827 365 895 μένης
406 825 481 894 τῷ
512 827 807 900 ἀγεννήτῳ,
837 831 969 901 πρὸς
1000 830 1077 899 τῷ
1101 832 1190 881 καὶ
1221 834 1316 903 τὴν
1352 832 1475 902 περὶ
1504 832 1594 885 τοῦ
1627 832 1752 884 Tia?)

179 920 398 971 ἔννοιαν
426 921 778 990 συνημμένως
820 925 983 991 ἑαυτῇ
1015 922 1101 975 διὰ
1134 924 1231 993 τῆς
1265 927 1499 995 σχέσεως
1536 944 1752 979 συνεισ-

142 1048 157 1065 .
176 1009 363 1075 ἁγειν.
399 1009 454 1059 '0
478 1010 580 1081 γὰρ
606 1013 770 1074 ὅντως
796 1012 981 1082 Πατὴρ
1001 1013 1091 1063 καὶ
1117 1015 1275 1082 μόνος
1297 1017 1352 1081 ἐξ
1374 1016 1580 1081 οὐδενός
1610 1021 1754 1073 ἐστιν

177 1098 375 1168 ἑτέρου
395 1117 407 1128 ·
439 1102 496 1153 τὸ
527 1103 601 1166 δὲ,
634 1102 691 1164 ἐξ
716 1103 943 1166 οὐδενὸς,
967 1106 1158 1158 ταυτόν
1190 1110 1303 1160 ἐστι
1321 1106 1415 1177 τῷ,
1440 1109 1749 1181 ἁγέννητος.

178 1189 262 1240 Οὐ
303 1193 473 1245 τοίνυν
514 1194 802 1263 ἀγέννητον
832 1200 1291 1268 προσαγορευτέον
1336 1200 1531 1270 μᾶλλον
1564 1203 1751 1274 ἡμῖνῆ

181 1280 428 1353 Πατέρα,
464 1287 515 1336 εἴ
541 1301 603 1351 γε
642 1286 713 1354 μὴ
747 1287 1029 1360 μέλλοιμεν
1070 1287 1217 1345 εἶναι’
1235 1292 1526 1363 σοφώτεροι
1553 1296 1658 1349 τῶν
1686 1295 1756 1347 δι-

176 1370 475 1442 δαγμάτων
528 1375 618 1426 τοῦ
684 1378 951 1451 Σωτῆρος,
995 1385 1262 1446 εἰπόντος·
1322 1388 1750 1452 Πορευθέντες,

167 1464 495 1526 ,ϐαπτίζετε
534 1469 619 1533 εἰς
644 1469 706 1522 τὸ
734 1471 918 1540 ὄνομα
948 1473 1049 1525 τοῦ
1080 1476 1324 1541 Πατρῶς,
1368 1478 1481 1529 ἀλλ’
1510 1480 1627 1546 οὐχὶ
1660 1477 1752 1530 τοῦ

179 1558 501 1626 ἀγεννήτου.
528 1562 632 1614 Καὶ
655 1562 823 1616 ταῦτα
862 1564 957 1631 μὲν
986 1564 1063 1627 είς
1087 1566 1352 1622 τοσοῦτον.
1383 1570 1571 1639 Ἡμεῖς
1598 1570 1653 1623 δὲ
1686 1569 1754 1622 τὰ

186 1650 388 1719 συνεχῆ
437 1654 525 1704 τοῦ
579 1654 735 1720 λόγου
781 1654 1194 1728 διασκεψώμεθα
1228 1660 1357 1730 (Η).
1407 1664 1613 1731 Ὀλίγον
1646 1663 1754 1733 γὰρ

179 1742 483 1809 προελθὼν,
535 1746 627 1796 καὶ
672 1742 780 1799 οἷον
830 1752 1389 1821 συγκεφαλαιούμενος
1437 1758 1595 1819 αὐτὸς
1640 1757 1749 1828 (12)

171 1832 364 1903 ἑαυτῴ
392 1836 457 1886 τὰ
497 1838 781 1907 εἰρημένα,
811 1841 950 1893 οὕτω
984 1843 1206 1913 γράφει.

1857 568 2183 614 reservetur.
2224 558 2335 627 Ego
2369 575 2493 613 vero
2526 564 2685 616 etiam
2722 564 2942 632 ingeniti
2974 565 3411 633 appellationem,

1853 664 2156 719 quanquam
2200 648 2433 703 maxime
2496 656 2678 703 nostro
2718 652 3043 722 intelligendi
3092 654 3250 707 modo
3279 668 3411 706 cou-

1855 759 2047 811 gruere
2079 742 2309 809 videtur,
2350 750 2525 795 tamen
2556 742 2694 811 quod
2730 760 2989 813 nusquam
3042 744 3094 797 in
3131 744 3413 813 Scriptura

1858 843 2162 902 usurpetur,
2210 834 2382 901 sitque
2426 835 2655 901 primum
2704 834 2991 902 impietatis
3037 837 3274 907 ipsorum
3313 839 3417 893 ele-

1856 937 2115 989 mentum,
2155 926 2293 979 hanc
2322 927 2538 980 silentio
2577 927 2694 995 iure
2733 929 3040 983 tradendam
3088 945 3211 985 esse
3246 930 3414 984 duxe-

1857 1019 1976 1071 rim.
2009 1018 2213 1087 Quippe
2253 1034 2351 1073 vox
2386 1019 2561 1074 Patris
2608 1020 2745 1072 idem
2778 1020 2917 1073 valet
2946 1022 3085 1087 quod
3124 1039 3223 1077 vox
3264 1028 3414 1095 inge-

1856 1113 1973 1173 niti,
2007 1124 2356 1179 prmterquam
2386 1111 2531 1181 quod
2555 1111 2673 1165 Filii
2703 1113 2863 1164 etiam
2897 1113 3163 1167 notionem
3195 1118 3413 1185 conjunt

1855 1203 1982 1256 etim
2020 1220 2112 1271 per
2157 1206 2469 1260 relationem
2502 1206 2659 1260 simul
2694 1206 2965 1273 praeferat.
3000 1206 3099 1271 Qui
3132 1206 3273 1259 enim
3323 1224 3411 1260 re-

1858 1308 1978 1345 vera
2004 1300 2057 1347 et
2083 1295 2228 1347 solus
2259 1293 2416 1349 Pater
2454 1308 2556 1361 est,
2592 1314 2655 1351 ex
2692 1298 2837 1351 nullo
2882 1298 2986 1350 alio
3018 1309 3138 1351 est:
3172 1300 3272 1351 hoc
3303 1314 3413 1350 au—

1856 1394 1962 1437 tem
1995 1388 2131 1452 quod
2167 1403 2229 1439 ex
2268 1387 2417 1441 nullo
2459 1399 2559 1453 est,
2608 1390 2748 1442 idem
2797 1401 2880 1444 est
2919 1402 3081 1459 atque
3116 1391 3407 1461 ingenitus.

1855 1476 1969 1532 Non
2000 1479 2161 1547 igitur
2188 1480 2356 1546 magis
2384 1479 2652 1546 ingenitus
2676 1495 2836 1547 quam
2878 1481 3033 1535 Pater
3059 1482 3411 1550 appellandus

1856 1572 2010 1624 nobis
2039 1579 2139 1633 est,
2169 1570 2270 1623 nisi
2303 1570 2603 1624 Salvatoris
2630 1572 2946 1625 documenta
2973 1572 3298 1626 voluerimus
3330 1589 3411 1626 sa-

1858 1662 2051 1728 pientia
2086 1678 2359 1731 superare,
2390 1665 2479 1730 qui
2512 1663 2682 1716 dixit:
2719 1662 2913 1716 Euntes
2942 1665 3201 1732 bapsizale
3231 1666 3284 1717 in
3316 1682 3404 1718 no-

1856 1755 1993 1806 mine
2023 1754 2203 1808 Patris
2234 1758 2298 1822 ⁵⁸,
2346 1771 2451 1809 non
2484 1755 2731 1825 ingeniti.
2766 1756 2867 1809 Sed
2898 1756 2964 1809 de
3011 1759 3090 1811 his
3129 1760 3408 1813 hactenus.

1787 1839 1829 1893 Β
1859 1848 1965 1903 Nos
1992 1863 2121 1901 vero
2144 1864 2205 1902 ea
2234 1866 2351 1918 quae
2378 1851 2621 1920 proxime
2646 1848 2829 1913 refert,
2859 1851 3241 1917 expendamus.
3270 1849 3409 1904 Ν.ιιιι

179 1926 277 1978 ubi
333 1929 600 1995 paululum
637 1948 952 1999 progressus
979 1948 1082 1997 est.
1116 1938 1325 2006 sibique
1379 1941 1490 2007 ipse
1517 1956 1579 1994 ea
1617 1944 1947 2010 queedixerat
1980 1943 2122 1998 velut
2153 1943 2203 1995 in
2236 1957 2499 1997 summam
2530 1943 2749 2012 redegit,
2781 1946 2859 1996 sic
2887 1943 3089 1997 scribit.

257 2021 414 2072 ΕΥΝ.
462 2024 580 2093 ’Ἆρ’
610 2022 721 2087 οὖν,
757 2030 803 2079 εί
827 2030 963 2099 μήτε
1007 2031 1168 2094 αὐτὸς
1210 2033 1422 2097 ἑαυτοῦ,
1475 2034 1611 2105 μήτε
1640 2035 1754 2087 ἓτε-

177 2112 275 2183 ρόν
308 2130 358 2164 τι
392 2115 554 2167 αὑτοῦ
607 2120 979 2190 προϋπάρχειν
1034 2123 1320 2191 δέδεικται,
1383 2126 1489 2197 πρὸ
1526 2127 1581 2180 δὲ
1610 2128 1749 2181 πάν-

174 2223 289 2257 των
323 2205 504 2270 αὐτὸς,
556 2209 836 2264 ἀκολουθεῖ
870 2214 1041 2284 τούτῳ
1085 2217 1145 2268 τὸ
1186 2218 1509 2289 ἀγέννητον·
1550 2220 1749 2289 μᾶλλον

170 2297 233 2348 δὲ
269 2299 397 2351 αὑτό
431 2301 610 2366 ἐστιν(
620 2303 702 2373 15)
729 2305 883 2357 οὐσία
917 2307 1224 2378 ἀγέννητος.

251 2390 398 2445 ΒΑΣ.
440 2395 541 2446 Ἢν
580 2395 758 2449 τοίνυν
794 2399 850 2451 ὲν
887 2399 1095 2462 τούτοις
1128 2401 1491 2472 ὲφωράσαμεν
1518 2420 1749 2476 κακουρ-

170 2480 304 2546 γίαν
330 2484 554 2537 συνιδεῖν
576 2487 692 2556 μὲν,
730 2484 881 2559 οἶμαι
899 2490 1028 2558 (Ml,
1056 2492 1148 2545 καὶ
1183 2492 1322 2545 πάνυ
1366 2494 1544 2564 ῥᾴδιον
1563 2496 1637 2565 τῷ
1656 2497 1747 2549 καὶ

176 2574 375 2639 μικρὸν
415 2577 785 2647 ἐπιστήσαντι,
819 2585 1029 2653 ἐμφανῆ
1060 2584 1115 2636 δὲ
1144 2574 1359 2655 ποιῆσαι
1400 2592 1510 2651 τοῖς
1536 2591 1745 2656 πολλοῖς

167 2662 275 2712 οὐκ
307 2664 561 2734 εὐμαρές.
590 2670 733 2737 Πλὴν
760 2672 890 2722 ἀλλά
920 2677 1221 2743 πειρατέον,
1249 2680 1345 2746 τὴν
1375 2680 1561 2734 ἐλπίδα
1587 2683 1745 2753 θεμέ-

167 2766 301 2817 νους
333 2758 423 2809 ἐπὶ
464 2758 552 2811 τὸν
598 2761 806 2815 διδόντα
860 2766 1009 2834 ῥῆμα
1060 2771 1171 2829 τοῖς
1216 2771 1739 2843 εὐαγγελιζομένοις,

164 2845 397 2918 δυνάμει
448 2850 633 2921 πολλῇ.
674 2853 873 2916 Εἰπὼν,
919 2856 1017 2920 ὅτι,
1056 2860 1103 2908 εί
1140 2859 1275 2927 μήτε
1322 2861 1481 2923 αὐτὸς
1524 2864 1738 2927 ἑαυτοῦ,

173 2940 315 3007 μήτε
365 2941 547 3011 ἕτερόν
591 2960 641 2995 τι
680 2944 840 2997 αὐτοῦ
892 2948 1250 3018 προῦπάρχει,
1284 2948 1563 3003 ἀκολουθεῖ
1595 2953 1741 3023 αὐτῷ

165 3031 232 3082 τὸ
276 3032 593 3102 ἀγέννητον·
640 3032 756 3088 εἶτα
801 3038 1044 3102 συνιδὼν,
1080 3041 1159 3092 ὃτι
1195 3042 1258 3094 ἐκ
1290 3043 1388 3112 τῆς
1416 3042 1522 3096 τῶν
1555 3043 1738 3096 τεθέν-

166 3140 281 3175 των
314 3124 628 3189 ἀκολουθίας
665 3129 797 3196 πρὸς
839 3130 899 3181 τὸ
933 3133 1169 3185 ἐναντίον
1218 3134 1363 3204 αὐτῷ
1397 3136 1680 3207 περιῆλθεν
1710 3139 1737 3189 ό

164 3214 327 3283 λόγος
356 3217 425 3287 (εί
454 3217 560 3288 γὰρ
596 3219 878 3272 ἀκολουθεῖ
914 3222 989 3290 τῷ
1023 3223 1140 3291 Θεῴ
1171 3225 1230 3276 τὸ
1263 3226 1571 3297 ἀγέννητον,
1608 3229 1736 3293 ἔξω·

1928 2036 2056 2089 ΕυΝ.
2086 2036 2292 2104 Itaque.
2342 2036 2385 2087 si
2422 2045 2695 2088 ostensum
2722 2044 2803 2088 est
2843 2046 3021 2104 neque
3069 2035 3243 2104 ipsum
3286 2046 3410 2088 ante

1856 2128 2113 2197 seipsum,
2139 2142 2309 2195 neque
2349 2129 2637 2196 quidquam
2670 2126 2813 2179 aliud
2869 2136 2995 2181 ante
3042 2128 3216 2194 ipsum
3248 2142 3367 2181 esse
3391 2167 3407 2191 ,

1853 2219 1945 2273 sed
1988 2220 2161 2289 ipsum
2215 2228 2336 2273 ante
2368 2220 2547 2272 omnia
2593 2227 2850 2273 exstare:
2888 2219 3129 2287 sequitur
3155 2217 3298 2271 illutn
3330 2221 3410 2273 iu‘

1852 2314 2128 2383 generatio
2160 2331 2172 2365 :
2207 2313 2312 2365 imo
2338 2314 2511 2380 potius
2535 2312 2648 2379 ipsa
2675 2321 2754 2365 est
2784 2313 3080 2367 subsmntia
3113 2312 3368 2381 ingenita.

1922 2405 2043 2457 Bas.
2070 2406 2300 2459 Proinde
2327 2419 2485 2473 quam
2516 2404 2567 2458 in
2606 2404 2689 2457 his
2726 2404 3176 2473 deprehendimus
3200 2407 3407 2474 impro-

1850 2495 2095 2560 bitatem,
2135 2497 2432 2565 intelligere
2462 2497 2700 2564 quidem,
2742 2506 2797 2551 ut
2840 2509 2987 2566 puto,
3019 2498 3173 2551 facile
3194 2508 3276 2552 est
3308 2499 3405 2553 ad-

1852 2590 2065 2640 modum
2092 2589 2160 2655 ei,
2210 2590 2297 2657 qui
2333 2589 2411 2642 vel
2465 2589 2654 2643 leviter
2706 2590 2993 2643 attenderit
3022 2593 3257 2644 animum
3292 2610 3304 2643 :
3351 2603 3408 2645 at

1849 2697 1964 2736 eam
1990 2682 2146 2750 Vulgo
2176 2682 2518 2735 manilestam
2554 2684 2777 2737 reddere
2799 2699 2901 2736 non
2932 2685 3001 2737 ita
3028 2683 3191 2738 fuerit
3227 2684 3401 2740 facile.

1848 2776 2180 2829 Tentandum
2209 2786 2405 2839 tamen,
2425 2786 2769 2845 posteaquam
2793 2793 2937 2847 spem
2958 2778 3401 2833 collocaveritnns

1848 2867 1899 2919 in
1921 2882 2005 2929 eo,
2043 2868 2129 2934 qui
2157 2869 2477 2920 datverbum
2501 2869 3011 2935 evangelizantibus,
3048 2872 3243 2925 virtute
3263 2872 3403 2925 ntul-

1847 2965 1897 3009 ta
1917 2959 1981 3009 ‘°.
2013 2957 2229 3011 Dixerat
2260 2974 2419 3027 porro
2466 2961 2604 3029 quod
2644 2962 2791 3025 illud,
2833 2961 2877 3014 si
2910 2976 3079 3028 neque
3118 2962 3231 3030 ipse
3279 2973 3403 3018 ante

1845 3051 2101 3119 seipsutn,
2132 3065 2301 3119 neque
2331 3051 2475 3105 aliud
2522 3054 2813 3121 quidquam
2837 3063 2958 3105 ante
2982 3054 3155 3121 ipsum
3182 3066 3287 3120 est,
3317 3070 3403 3111 se-

1844 3140 2390 3209 quaturingeneratio
2422 3162 2433 3195 :
2463 3144 2555 3195 sed
2590 3148 2927 3211 postmodum
2954 3144 3216 3200 intellexit
3242 3151 3399 3203 verba

1844 3248 1937 3287 sua
1959 3234 2056 3287 sibi
2079 3234 2147 3287 ob
2168 3233 2436 3301 jaetorum
2459 3234 2926 3288 fundamentorum
2952 3242 3398 3307 consequentiam

166 3308 264 3361 θεν
291 3308 437 3379 αὑτῴ
467 3309 766 3378 παρέπεται
798 3311 1057 3382 δηλονότι.
1087 3314 1158 3365 Τὸ
1180 3314 1234 3366 δὲ
1261 3316 1457 3381 ἔξωθεν
1483 3319 1575 3371 τοῦ
1604 3320 1726 3373 Θεοῐ

1844 3325 1894 3377 ἰιι
1915 3326 2239 3378 contrariam
2260 3336 2465 3392 partem
2492 3326 2703 3378 cedere.
2731 3325 2862 3379 Nam
2890 3328 2931 3380 si
2963 3329 3124 3383 Deum
3159 3333 3402 3399 sequitur

162 3398 269 3450 οὐκ
303 3400 456 3453 οὐσία
487 3400 649 3452 αὐτοῦ
678 3403 845 3456 ἐστιν.
888 3402 979 3455 Ἐκ
1015 3403 1071 3455 δὲ
1101 3406 1429 3478 τούτων(15)
1462 3410 1737 3481 οἰχήσεται

160 3490 421 3561 διαρρυὲν
445 3493 592 3564 αὐτῷ
618 3494 677 3546 τὸ
708 3492 1084 3566 σκαιιῖῳημα),
1105 3498 1185 3549 ἵνα
1219 3499 1273 3549 δὲ
1299 3501 1369 3571 μὴ
1392 3502 1545 3555 τοῦτο
1566 3503 1731 3575 πάθῃ,

162 3583 225 3633 τί·
261 3587 431 3647 mist;
469 3586 647 3657 Βραχὺ
684 3589 975 3658 φροντίσας
1006 3589 1098 3642 τοῦ
1133 3590 1384 3658 γέλωτος,
1426 3594 1483 3644 ὃν
1530 3596 1620 3647 ἐπὶ
1656 3595 1732 3667 τῷ

160 3676 232 3728 τὰ
265 3677 595 3733 ἀνακόλουθα
618 3681 793 3750 λέγειν
825 3681 1047 3754 ὑπέχειν
1080 3683 1288 3752 ἔμελλε,
1319 3690 1382 3756 τῇ
1416 3688 1729 3757 ἐπιδιορθώ-

162 3787 248 3821 σει
300 3770 549 3840 ἀπήγαγε
596 3774 684 3826 τὸν
727 3776 883 3845 λόγον
929 3778 1063 3849 πρὸς
1107 3778 1140 3832 ἀ
1188 3778 1465 3843 ἐϐούλετο,
1522 3781 1723 3832 εἰπών·

159 3862 377 3915 Μᾶλλον
403 3864 457 3917 δὲ
495 3867 623 3919 αὐτό
647 3867 755 3939 (16)
786 3872 930 3922 ἐστιν
960 3871 1115 3923 οὐσία
1143 3870 1454 3941 ἀγέννητος.
1482 3870 1647 3925 Τοῦτο
1670 3873 1725 3925 δὲ

154 3955 416 4025 οὐδεμίαν
462 3958 557 4027 μὲν
601 3957 711 4029 ἔχει
758 3961 1040 4030 ὁμολογίαν
1077 3962 1210 4033 πρὸς
1257 3963 1326 4015 τὰ
1380 3965 1725 4034 προάγονταο

156 4045 279 4109 πῶς
311 4046 417 4119 γὰρ
449 4050 541 4101 καὶ
561 4050 819 4121 ἑπόμενον
849 4051 995 4122 αὐτῷ
1022 4052 1080 4104 τὸ
1099 4054 1208 4122 (17)
1230 4054 1519 4127 ἀγέννητον
1549 4056 1727 4121 sese;

232 4164 281 4195 ”
306 4163 493 4219 Matth.
529 4182 714 4233 xxvm,
753 4167 835 4223 l9.

229 4278 608 4355 _(il)_E_diti_ei;
640 4271 700 4333 τὸ
721 4280 886 4355 ὄνομα
923 4280 1016 4333 τοῦ
1051 4278 1296 4355 Πατρόςο
1330 4281 1423 4355 τοῦ
1470 4282 1701 4355 Πατρὸς,

152 4347 272 4402 ἀλλ’
304 4349 421 4422 οὐχὶ
450 4350 541 4422 τοῦ
574 4347 952 4421 ἀγεννήτὸυ....
987 4347 1327 4422 σκεψώμεθα.
1371 4354 1516 4408 Libri
1563 4347 1709 4410 vute?-

153 4436 267 4478 res.
307 4421 383 4470 uti
425 4421 604 4473 videre
640 4432 722 4474 est
748 4424 800 4474 in
838 4430 1111 4476 contextu.

229 4489 341 4559 (l2)
374 4487 448 4541 lta
508 4491 715 4557 antiqui
750 4492 856 4545 duo
913 4493 1051 4548 libri.
1090 4493 1200 4548 Vox
1247 4490 1406 4557 αὐτός
1460 4495 1509 4547 in
1550 4496 1707 4550 editis

916 4167 958 4199 ‘°
982 4168 1122 4223 Psal.
1158 4185 1323 4235 vau,
1360 4171 1445 4225 l2.

159 4560 523 4637 de_iderat_ut_'.
566 4560 998 4637 ‘Aliquantopost
1038 4564 1165 4631 Reg.
1190 4567 1391 4637 tertius
1414 4564 1596 4637 ἔτερόν
1650 4585 1699 4620 τι
1735 4574 1775 4628 D

150 4630 261 4701 πρὸ
285 4628 448 4701 αὑτοῦ
476 4630 735 4701 ὑπάρχειν
751 4628 1141 4697 ἀποδέδεικται,
1166 4628 1573 4688 demonstratum
1600 4644 1694 4695 est.

226 4700 338 4770 (ιδ)
381 4700 552 4752 Editio
601 4701 774 4755 Paris.
817 4712 871 4755 et
905 4703 1055 4770 Regii
1085 4704 1308 4770 primus,
1347 4708 1611 4760 secundus
1644 4719 1698 4762 et

148 4780 357 4833 sextus,
382 4770 576 4840 μᾶλλον
621 4771 679 4824 δὲ
727 4772 887 4835 αὐτὸς
944 4776 1109 4835 ἐστιν,
1150 4774 1253 4825 imo
1303 4791 1418 4827 vero
1484 4778 1588 4842 ipse
1625 4789 1696 4830 est

148 4842 441 4913 substantia
470 4843 719 4910 ingenita.
787 4842 936 4913 Regii
998 4844 1185 4896 tertius
1220 4854 1273 4898 et
1312 4846 1531 4911 quintus
1574 4863 1695 4900 eum

148 4910 301 4965 Colb.
333 4923 384 4964 et
427 4927 545 4965 cum
599 4913 836 4966 editione
870 4910 1011 4969 VVen.
1054 4914 1249 4983 μᾶλλον
1283 4910 1339 4965 δὲ
1362 4915 1495 4968 αὐτό
1526 4917 1692 4979 ἐστιν,

148 4983 255 5053 imo
311 4998 425 5033 vero
481 4983 591 5049 ipsa
629 4992 702 5033 est
758 4985 1052 5037 substantia
1090 4987 1339 5053 ingenita,
1376 4988 1475 5039 hoc
1522 4998 1605 5039 est
1636 4988 1695 5039 τὸ

147 5050 601 5125 ἀγέννητοι-ψη
659 5053 999 5125 ἱνιθεηιναιίο,
1037 5066 1117 5108 est
1146 5050 1477 5108 'substantia
1543 5056 1692 5125 inge-

148 5122 645 5195 πῆξις-Μᾶλλον
682 5122 751 5175 δὲ
798 5126 946 5195 αὐτό
999 5125 1168 5178 ἐστιν
1214 5125 1393 5177 οὐσία
1444 5122 1693 5195 ἀγέννη-

144 5191 352 5264 τρςτιιι
401 5195 499 5245 hoc
553 5193 687 5257 loco,
736 5195 824 5261 qui
860 5194 996 5248 infra
1044 5198 1125 5249 bis
1182 5196 1460 5264 repetitur,
1498 5191 1689 5251 multo

143 5262 340 5333 clarior
363 5264 463 5315 erit
492 5273 601 5316 tota
636 5265 946 5331 disputatio,
982 5265 1027 5320 si
1055 5262 1294 5333 legamus
1332 5276 1385 5318 ut
1436 5268 1486 5319 in
1555 5284 1691 5319 nou-

144 5332 304 5384 nullis
355 5333 627 5386 codicibus
677 5351 802 5391 mss.
852 5347 907 5389 et
949 5332 1147 5397 editis,
1188 5336 1549 5397 αὐτός’ὲστιν.
1605 5336 1690 5388 γει

140 5403 310 5472 potius
337 5403 644 5469 ipssiDeus)
677 5416 749 5456 est
787 5407 1078 5459 substantia
1122 5407 1375 5472 ingenita.
1435 5407 1689 5459 Testatur

144 5471 367 5525 Basilius
394 5489 443 5540 p.
474 5472 579 5526 225
614 5474 724 5528 haec
753 5475 1069 5529 Eunomiutn
1132 5471 1195 5528 de
1246 5478 1349 5529 Deo
1403 5478 1687 5530 universo-

144 5558 259 5614 rum
299 5544 527 5614 dixisse_;
555 5544 713 5612 idque
738 5556 881 5614 patet
911 5562 973 5598 ex
1007 5548 1088 5598 his
1112 5561 1229 5613 quae
1255 5547 1498 5611 protinus
1534 5547 1684 5600 addit

142 5612 448 5667 Eunomius.
488 5612 749 5669 Praeterea
776 5618 1043 5683 conceptis
1070 5612 1247 5669 verbis
1282 5617 1384 5670 huc
1419 5616 1537 5670 loco
1580 5621 1682 5670 non

140 5686 345 5754 dicebat
366 5684 658 5737 Eunomius
688 5688 857 5753 ipsum
898 5687 1187 5754 ingenitum
1235 5701 1350 5740 esse
1386 5687 1677 5740 essentia-ut

140 5753 250 5816 Dei,
278 5757 366 5808 sed
393 5770 457 5807 eo
490 5765 733 5819 spectare
761 5756 901 5811 illius
938 5753 1098 5811 verba
1130 5761 1381 5811 observat
1424 5756 1679 5821 Basilius,

138 5840 185 5893 p.
216 5827 332 5885 2w.
357 5826 570 5880 Mansit.

1845 3418 2194 3486 ingeneratio,
2215 3432 2275 3471 ea
2300 3416 2372 3469 illi
2393 3418 2575 3485 procul
2616 3418 2777 3472 dubio
2810 3421 3149 3475 extrinsecus
3167 3423 3394 3477 accedit.

1843 3508 1990 3575 Quod
2010 3517 2184 3562 autem
2204 3518 2356 3562 extra
2382 3508 2548 3562 Deum
2574 3517 2676 3572 est,
2711 3512 3007 3565 substantia
3035 3513 3148 3581 ejus
3173 3530 3273 3568 non
3293 3527 3396 3571 est.

1839 3603 1915 3657 Ex
1935 3602 2017 3656 his
2044 3612 2221 3657 autem
2266 3600 2508 3656 dolosum
2537 3601 2681 3656 illius
2707 3613 3069 3658 commentum
3110 3606 3309 3662 dillluet
3335 3626 3398 3664 ac

1838 3695 2118 3749 dilabetur.
2137 3694 2239 3750 Sed
2258 3696 2361 3750 hoc
2380 3695 2427 3749 ei
2446 3711 2512 3749 ne
2528 3695 2754 3761 accidat,
2775 3697 2899 3763 quid
2920 3695 3072 3751 facit?
3092 3698 3240 3754 Haud
3260 3702 3399 3754 mul-

1840 3795 1949 3837 tum
1976 3802 2173 3839 curans
2204 3787 2392 3851 risum,
2422 3801 2580 3855 quem
2612 3786 2679 3839 ob
2716 3789 3008 3856 pugnantia
3046 3803 3163 3856 quae
3208 3790 3395 3859 loque-

1835 3876 1990 3929 batur
2024 3879 2298 3932 subiturus
2322 3891 2462 3943 erat,
2494 3880 2794 3932 orationem
2825 3883 2889 3933 ad
2921 3896 2981 3934 ea
3020 3896 3137 3951 qua:
3183 3886 3395 3955 voluit,

1835 3969 2151 4039 corrigendo
2185 3972 2471 4036 convertit,
2506 3973 2590 4025 bis
2619 3973 2841 4025 verbis:
2902 3973 3009 4028 lmo
3048 3977 3225 4043 potius
3277 3979 3394 4033 inec

1834 4059 1947 4130 ipsa
1987 4071 2068 4116 est
2118 4062 2414 4116 substantia
2470 4064 2726 4133 ingenita.
2777 4063 2888 4119 Hoc
2940 4078 3118 4120 autem
3172 4083 3293 4124 cum
3327 4074 3392 4127 iis

1890 4285 2170 4367 (Ιίηζιιίιί
2222 4287 2447 4340 συνιδεῖν
2476 4288 2593 4352 καὶ,
2634 4282 2805 4361 οἶμαι.
2852 4289 2995 4347 Libri
3039 4304 3243 4351 veteres
3289 4299 3383 4367 ita,

1821 4360 1881 4413 ut
1910 4360 2201 4413 edidimus.

1887 4451 2000 4521 (l5)
2044 4451 2091 4524 Ε,
2115 4452 2335 4524 regione
2368 4452 2558 4505 horum
2593 4454 2907 4519 verborum,
2956 4458 3049 4509 Ἐκ
3078 4458 3134 4511 δὲ
3158 4459 3380 4524 τούτων,

1814 4522 1866 4575 in
1928 4523 2170 4587 margine
2230 4523 2363 4591 lleg.
2427 4524 2567 4575 tertii
2622 4527 2880 4591 scriptum
2917 4538 2999 4580 est
3035 4530 3197 4591 illud,
3239 4522 3382 4585 Είδέ

1802 4592 1959 4646 τοῦτο
1998 4590 2198 4666 δοθείη,
2249 4590 2400 4656 Quod
2444 4595 2488 4644 si
2536 4593 2641 4666 hoc
2685 4590 3071 4650 concederetur.
3126 4598 3375 4666 Basilius,

1806 4666 1957 4726 cujus
2014 4664 2212 4730 alioqui
2250 4679 2429 4717 sermo
2469 4664 2783 4729 perspicuus
2810 4681 2891 4721 est
2919 4680 2970 4720 et
3001 4669 3180 4722 clarus
3206 4711 3219 4732 .
3253 4664 3377 4725 dum

1802 4733 2349 4808 obscuras_Eunon_iii
2387 4732 2619 4808 ineptias
2642 4734 2927 4808 confutare
2956 4742 3188 4808 cogitur,
3214 4737 3271 4794 lit
3323 4754 3379 4795 et

1801 4804 1916 4867 ipse
1944 4803 2341 4871 quodammodo
2382 4806 2667 4857 obscurus.
2729 4803 3055 4860 Eunomiauz'i
3089 4810 3199 4869 illa.
3248 4812 3378 4865 ἁκο-

1800 4872 1974 4925 λουθεῖ
2019 4872 2192 4942 τούτῳ
2245 4872 2302 4924 τὸ
2352 4872 2670 4943 ἀγέννητον,
2726 4876 2923 4943 μᾶλλον
2972 4879 3027 4931 δὲ
3077 4871 3207 4935 αὑτό
3230 4882 3375 4935 ἐστιν

1799 4944 1953 4996 οὐσία
1978 4941 2287 5020 ἀγ-ἐννητος,
2324 4945 2601 5020 contendit
2628 4941 2861 5020 Basilius
2888 4959 3028 5020 Inter
3059 4965 3116 5002 se
3169 4968 3374 5020 pugna-

1800 5030 1878 5075 re.
1913 5030 2009 5066 nec
2043 5010 2181 5067 inter
2202 5031 2258 5067 se
2284 5010 2561 5090 conciliari
2590 5030 2770 5083 posse.
2801 5016 2958 5090 Nam,
2998 5010 3196 5085 inquit.
3233 5010 3375 5090 quod

1798 5099 2122 5152 quemquam
2158 5084 2422 5153 sequitur,
2454 5085 2510 5154 id
2543 5087 2591 5136 in
2651 5102 2715 5137 eo
2748 5084 3104 5153 adventitium
3138 5084 3376 5154 esu-nee

1797 5146 1879 5207 est
1926 5146 2415 5231 ejits_substantia.
2471 5146 2567 5231 Ev_
2612 5170 2717 5231 qu_o
2750 5156 2826 5217 fit,
2866 5168 2921 5209 ut
2954 5150 3014 5210 τὸ
3050 5146 3370 5231 ἀγέννητον,

1797 5238 1916 5276 cum
1958 5240 2022 5277 ex
2052 5224 2296 5296 Euuutnii
2334 5225 2603 5296 sententia
2661 5226 2823 5296 Deum
2854 5224 3134 5296 sequatur,
3166 5224 3373 5285 adven-

1800 5296 1972 5347 titimu
2002 5294 2219 5363 quidam
2246 5299 2316 5348 sit
2342 5298 2391 5347 in
2438 5295 2567 5356 Deo,
2600 5295 2872 5366 neciDeus
2900 5294 3032 5366 ipse,
3099 5316 3198 5353 nec
3248 5306 3374 5355 sub-

1795 5366 1992 5440 stantia
2030 5367 2265 5440 ingenita
2319 5366 2421 5417 dici
2466 5368 2658 5440 possit.
2691 5365 2765 5417 Ex
2829 5365 3022 5435 quibus
3074 5370 3250 5440 colligi
3277 5372 3372 5424 de-

1796 5434 1902 5491 bet.
1934 5434 2275 5495 Eunomium,
2312 5433 2514 5487 cunmb
2542 5433 2858 5505 ἀγέννητον-
2899 5433 3257 5493 substantiam
3298 5443 3373 5494 in-

1792 5505 2026 5572 genitam
2061 5520 2181 5558 esse
2223 5506 2449 5567 diceret,
2507 5520 2687 5558 secum
2750 5523 3089 5576 nequaquam
3124 5524 3370 5564 consen—

1793 5576 1955 5628 sisse.

1863 5666 1972 5733 (lli)
2003 5665 2175 5738 Editio
2206 5665 2386 5720 Paris.
2423 5682 2542 5720 cum
2576 5668 2747 5722 tribus
2775 5684 2902 5722 mss.
2939 5673 3134 5738 μᾶλλον
3176 5672 3229 5724 δὲ
3277 5675 3372 5726 αὖά

1786 5735 1897 5798 τός.
1932 5737 2031 5787 Alii
2057 5746 2290 5804 quatuor
2320 5752 2446 5789 mss.
2491 5754 2611 5789 cum
2649 5739 2888 5792 editione
2914 5735 3050 5795 Ven.
3076 5743 3227 5795 αὑτό.

1862 5826 1970 5896 (l7)
2014 5826 2185 5882 Editio
2228 5837 2450 5897 utraque
2490 5841 2609 5882 cum
2669 5826 2811 5897 Reg.
2869 5830 3054 5898 quinto
3094 5831 3223 5883 αὐτὸ
3285 5830 3372 5885 τόι
