  <div class='ocr_page' id='page_1' title='image "/cluster/home/n/w/nwhite01/storage/ocr_20150623/29/pst.000005712274/664.png"; bbox 0 0 4058 6320; ppageno 0'>
   <div class='ocr_carea' id='block_1_1' title="bbox 131 343 224 398">
    <p class='ocr_par' dir='ltr' id='par_1_1' title="bbox 131 343 224 398">
     <span class='ocr_line' id='line_1_1' title="bbox 131 343 224 398; baseline -0.032 -1"><span class='ocrx_word' id='word_1_1' title='bbox 131 343 224 398; x_wconf 72' lang='grc'><strong>521</strong></span> 
     </span>
    </p>
   </div>
   <div class='ocr_carea' id='block_1_2' title="bbox 1216 350 2240 410">
    <p class='ocr_par' dir='ltr' id='par_1_2' title="bbox 1216 350 2240 410">
     <span class='ocr_line' id='line_1_2' title="bbox 1216 350 2240 410; baseline 0.004 -4"><span class='ocrx_word' id='word_1_2' title='bbox 1216 350 1584 407; x_wconf 79' lang='lat' dir='ltr'><strong>ADVERSUS</strong></span> <span class='ocrx_word' id='word_1_3' title='bbox 1623 350 1992 409; x_wconf 77' lang='lat' dir='ltr'><strong>EUNOMIUM</strong></span> <span class='ocrx_word' id='word_1_4' title='bbox 2029 352 2156 409; x_wconf 83' lang='grc' dir='ltr'><strong>ΗΒ.</strong></span> <span class='ocrx_word' id='word_1_5' title='bbox 2198 355 2240 410; x_wconf 91' lang='grc'>1.</span> 
     </span>
    </p>
   </div>
   <div class='ocr_carea' id='block_1_3' title="bbox 3254 360 3360 415">
    <p class='ocr_par' dir='ltr' id='par_1_3' title="bbox 3254 360 3360 415">
     <span class='ocr_line' id='line_1_3' title="bbox 3254 360 3360 415; baseline 0 0"><span class='ocrx_word' id='word_1_6' title='bbox 3254 360 3360 415; x_wconf 67' lang='lat'><strong>53%</strong></span> 
     </span>
    </p>
   </div>
   <div class='ocr_carea' id='block_1_4' title="bbox 130 466 1722 549">
    <p class='ocr_par' dir='ltr' id='par_1_4' title="bbox 130 466 1699 549">
     <span class='ocr_line' id='line_1_4' title="bbox 130 466 1699 549; baseline 0.007 -30"><span class='ocrx_word' id='word_1_7' title='bbox 130 470 216 519; x_wconf 80' lang='grc' dir='ltr'>ἐπὶ</span> <span class='ocrx_word' id='word_1_8' title='bbox 239 466 334 521; x_wconf 88' lang='grc' dir='ltr'><strong>τοῦ</strong></span> <span class='ocrx_word' id='word_1_9' title='bbox 363 466 497 521; x_wconf 90' lang='grc' dir='ltr'>Θεοῦ</span> <span class='ocrx_word' id='word_1_10' title='bbox 544 469 604 521; x_wconf 85' lang='grc' dir='ltr'><strong>τὸ</strong></span> <span class='ocrx_word' id='word_1_11' title='bbox 640 470 950 541; x_wconf 77' lang='grc' dir='ltr'><strong>ἀγέννητον,</strong></span> <span class='ocrx_word' id='word_1_12' title='bbox 988 474 1287 545; x_wconf 74' lang='grc' dir='ltr'>ἡγούμενος</span> <span class='ocrx_word' id='word_1_13' title='bbox 1326 476 1571 530; x_wconf 88' lang='grc' dir='ltr'>ἐντεῦθεν</span> <span class='ocrx_word' id='word_1_14' title='bbox 1602 480 1699 549; x_wconf 74' lang='grc' dir='ltr'><strong>ρᾳ-</strong></span> 
     </span>
    </p>
   </div>
   <div class='ocr_carea' id='block_1_5' title="bbox 1824 466 3359 549">
    <p class='ocr_par' dir='ltr' id='par_1_5' title="bbox 1824 474 3359 548">
     <span class='ocr_line' id='line_1_5' title="bbox 1824 474 3359 548; baseline 0.001 -19"><span class='ocrx_word' id='word_1_15' title='bbox 1824 474 2000 545; x_wconf 84' lang='lat' dir='ltr'><strong>igendi</strong></span> <span class='ocrx_word' id='word_1_16' title='bbox 2048 476 2265 531; x_wconf 88' lang='lat' dir='ltr'><strong>modum</strong></span> <span class='ocrx_word' id='word_1_17' title='bbox 2302 477 2354 531; x_wconf 90' lang='lat' dir='ltr'><strong>in</strong></span> <span class='ocrx_word' id='word_1_18' title='bbox 2406 475 2514 530; x_wconf 89' lang='lat' dir='ltr'><strong>Deo</strong></span> <span class='ocrx_word' id='word_1_19' title='bbox 2540 476 2897 545; x_wconf 82' lang='lat' dir='ltr'><strong>considerari,</strong></span> <span class='ocrx_word' id='word_1_20' title='bbox 2927 486 3076 533; x_wconf 89' lang='lat' dir='ltr'><strong>ratus</strong></span> <span class='ocrx_word' id='word_1_21' title='bbox 3101 479 3359 548; x_wconf 73' lang='lat' dir='ltr'><strong>probam-</strong></span> 
     </span>
    </p>
   </div>
   <div class='ocr_carea' id='block_1_6' title="bbox 128 559 1696 642">
    <p class='ocr_par' dir='ltr' id='par_1_6' title="bbox 128 559 1696 642">
     <span class='ocr_line' id='line_1_6' title="bbox 128 559 1696 642; baseline 0.009 -30"><span class='ocrx_word' id='word_1_22' title='bbox 128 561 240 612; x_wconf 85' lang='grc' dir='ltr'>δίαν</span> <span class='ocrx_word' id='word_1_23' title='bbox 270 559 417 631; x_wconf 88' lang='grc' dir='ltr'>αύτῷ</span> <span class='ocrx_word' id='word_1_24' title='bbox 460 562 557 631; x_wconf 85' lang='grc' dir='ltr'>τὴν</span> <span class='ocrx_word' id='word_1_25' title='bbox 592 564 926 635; x_wconf 78' lang='grc' dir='ltr'><strong>ἐπιχείρησιν</strong></span> <span class='ocrx_word' id='word_1_26' title='bbox 959 565 1173 621; x_wconf 71' lang='grc' dir='ltr'>ἔσεσθαι</span> <span class='ocrx_word' id='word_1_27' title='bbox 1205 570 1299 623; x_wconf 85' lang='grc' dir='ltr'><strong>τοῦ</strong></span> <span class='ocrx_word' id='word_1_28' title='bbox 1330 571 1430 641; x_wconf 85' lang='grc' dir='ltr'>τὴν</span> <span class='ocrx_word' id='word_1_29' title='bbox 1465 572 1696 642; x_wconf 81' lang='grc' dir='ltr'>ἀγεννη-</span> 
     </span>
    </p>
   </div>
   <div class='ocr_carea' id='block_1_7' title="bbox 131 649 1695 727">
    <p class='ocr_par' dir='ltr' id='par_1_7' title="bbox 131 649 1695 727">
     <span class='ocr_line' id='line_1_7' title="bbox 131 649 1695 727; baseline 0.008 -22"><span class='ocrx_word' id='word_1_30' title='bbox 131 651 243 705; x_wconf 80' lang='grc' dir='ltr'>σίαν</span> <span class='ocrx_word' id='word_1_31' title='bbox 284 653 466 706; x_wconf 78' lang='grc' dir='ltr'>οὐσίαν</span> <span class='ocrx_word' id='word_1_32' title='bbox 492 649 628 706; x_wconf 79' lang='grc' dir='ltr'>εἶναι</span> <span class='ocrx_word' id='word_1_33' title='bbox 662 655 753 708; x_wconf 83' lang='grc' dir='ltr'><strong>τοῦ</strong></span> <span class='ocrx_word' id='word_1_34' title='bbox 781 656 914 708; x_wconf 88' lang='grc' dir='ltr'>Θεοῦ</span> <span class='ocrx_word' id='word_1_35' title='bbox 948 658 1058 727; x_wconf 71' lang='lat'><strong>(26)</strong></span> <span class='ocrx_word' id='word_1_36' title='bbox 1078 676 1091 689; x_wconf 91' lang='grc'><strong>·</strong></span> <span class='ocrx_word' id='word_1_37' title='bbox 1126 662 1189 713; x_wconf 79' lang='grc' dir='ltr'><strong>ἐκ</strong></span> <span class='ocrx_word' id='word_1_38' title='bbox 1223 662 1411 715; x_wconf 88' lang='grc' dir='ltr'>τούτου</span> <span class='ocrx_word' id='word_1_39' title='bbox 1443 663 1499 716; x_wconf 86' lang='grc' dir='ltr'>δὲ</span> <span class='ocrx_word' id='word_1_40' title='bbox 1529 664 1695 718; x_wconf 84' lang='grc' dir='ltr'>ἀναν·</span> 
     </span>
    </p>
   </div>
   <div class='ocr_carea' id='block_1_8' title="bbox 127 747 1698 827">
    <p class='ocr_par' dir='ltr' id='par_1_8' title="bbox 127 747 1698 827">
     <span class='ocr_line' id='line_1_8' title="bbox 127 747 1698 827; baseline 0.009 -30"><span class='ocrx_word' id='word_1_41' title='bbox 127 747 394 817; x_wconf 81' lang='grc' dir='ltr'>τιρῤἡτως</span> <span class='ocrx_word' id='word_1_42' title='bbox 437 747 649 814; x_wconf 75' lang='grc' dir='ltr'>δείξειν,</span> <span class='ocrx_word' id='word_1_43' title='bbox 688 750 935 820; x_wconf 83' lang='grc' dir='ltr'>ἀνόμοιον</span> <span class='ocrx_word' id='word_1_44' title='bbox 978 749 1116 805; x_wconf 81' lang='grc' dir='ltr'>εἶναι</span> <span class='ocrx_word' id='word_1_45' title='bbox 1145 756 1264 807; x_wconf 83' lang='grc' dir='ltr'>κατ’</span> <span class='ocrx_word' id='word_1_46' title='bbox 1296 754 1465 826; x_wconf 76' lang='grc' dir='ltr'>αὐτὴν</span> <span class='ocrx_word' id='word_1_47' title='bbox 1486 756 1584 827; x_wconf 84' lang='grc' dir='ltr'>τὴν</span> <span class='ocrx_word' id='word_1_48' title='bbox 1608 759 1698 811; x_wconf 81' lang='grc' dir='ltr'>ού·-</span> 
     </span>
    </p>
   </div>
   <div class='ocr_carea' id='block_1_9' title="bbox 129 838 1698 923">
    <p class='ocr_par' dir='ltr' id='par_1_9' title="bbox 129 838 1698 923">
     <span class='ocr_line' id='line_1_9' title="bbox 129 838 1698 923; baseline 0.009 -34"><span class='ocrx_word' id='word_1_49' title='bbox 129 838 247 890; x_wconf 85' lang='grc' dir='ltr'>σίαν</span> <span class='ocrx_word' id='word_1_50' title='bbox 278 839 368 891; x_wconf 84' lang='grc' dir='ltr'><strong>τὸν</strong></span> <span class='ocrx_word' id='word_1_51' title='bbox 415 841 676 911; x_wconf 82' lang='grc' dir='ltr'><strong>μονογενῆ</strong></span> <span class='ocrx_word' id='word_1_52' title='bbox 703 842 828 895; x_wconf 84' lang='grc' dir='ltr'>Υίὸν</span> <span class='ocrx_word' id='word_1_53' title='bbox 861 842 939 914; x_wconf 84' lang='grc' dir='ltr'><strong>τῷ</strong></span> <span class='ocrx_word' id='word_1_54' title='bbox 974 846 1167 915; x_wconf 87' lang='grc' dir='ltr'>Πατρί.</span> <span class='ocrx_word' id='word_1_55' title='bbox 1203 846 1300 901; x_wconf 73' lang='grc' dir='ltr'><strong>Διὰ</strong></span> <span class='ocrx_word' id='word_1_56' title='bbox 1332 848 1486 901; x_wconf 90' lang='grc' dir='ltr'>τοῦτο</span> <span class='ocrx_word' id='word_1_57' title='bbox 1531 866 1698 923; x_wconf 86' lang='grc' dir='ltr'>προσ-</span> 
     </span>
    </p>
   </div>
   <div class='ocr_carea' id='block_1_10' title="bbox 129 929 1699 1011">
    <p class='ocr_par' dir='ltr' id='par_1_10' title="bbox 129 929 1699 1011">
     <span class='ocr_line' id='line_1_10' title="bbox 129 929 1699 1011; baseline 0.009 -30"><span class='ocrx_word' id='word_1_58' title='bbox 129 929 383 984; x_wconf 81' lang='grc' dir='ltr'><strong>πλέκεται</strong></span> <span class='ocrx_word' id='word_1_59' title='bbox 428 931 507 1003; x_wconf 85' lang='grc' dir='ltr'>τῷ</span> <span class='ocrx_word' id='word_1_60' title='bbox 540 935 742 1003; x_wconf 76' lang='grc' dir='ltr'>ῥήματι</span> <span class='ocrx_word' id='word_1_61' title='bbox 776 934 874 1005; x_wconf 90' lang='grc' dir='ltr'><strong>τῆς</strong></span> <span class='ocrx_word' id='word_1_62' title='bbox 906 937 1165 1000; x_wconf 75' lang='grc' dir='ltr'>ἐπινοίας,</span> <span class='ocrx_word' id='word_1_63' title='bbox 1205 938 1280 1002; x_wconf 81' lang='grc' dir='ltr'>ὡς</span> <span class='ocrx_word' id='word_1_64' title='bbox 1323 939 1472 993; x_wconf 78' lang='grc' dir='ltr'>οὐδὲν</span> <span class='ocrx_word' id='word_1_65' title='bbox 1502 942 1699 1011; x_wconf 88' lang='grc' dir='ltr'>σημαί-</span> 
     </span>
    </p>
   </div>
   <div class='ocr_carea' id='block_1_11' title="bbox 129 1024 1701 1103">
    <p class='ocr_par' dir='ltr' id='par_1_11' title="bbox 129 1024 1701 1103">
     <span class='ocr_line' id='line_1_11' title="bbox 129 1024 1701 1103; baseline 0.008 -31"><span class='ocrx_word' id='word_1_66' title='bbox 129 1039 270 1073; x_wconf 86' lang='grc' dir='ltr'>νοντι</span> <span class='ocrx_word' id='word_1_67' title='bbox 316 1024 373 1075; x_wconf 87' lang='grc' dir='ltr'><strong>τὸ</strong></span> <span class='ocrx_word' id='word_1_68' title='bbox 420 1025 700 1095; x_wconf 82' lang='grc' dir='ltr'>παράπαν,</span> <span class='ocrx_word' id='word_1_69' title='bbox 748 1025 861 1078; x_wconf 79' lang='grc' dir='ltr'>ἀλλ’</span> <span class='ocrx_word' id='word_1_70' title='bbox 907 1030 963 1080; x_wconf 84' lang='grc' dir='ltr'><strong>ἐν</strong></span> <span class='ocrx_word' id='word_1_71' title='bbox 1018 1028 1153 1099; x_wconf 84' lang='grc' dir='ltr'>μόνῃ</span> <span class='ocrx_word' id='word_1_72' title='bbox 1198 1031 1265 1099; x_wconf 80' lang='grc' dir='ltr'>τῇ</span> <span class='ocrx_word' id='word_1_73' title='bbox 1322 1034 1571 1103; x_wconf 76' lang='grc' dir='ltr'>προφορᾷ</span> <span class='ocrx_word' id='word_1_74' title='bbox 1604 1032 1701 1103; x_wconf 82' lang='grc' dir='ltr'>τὴν</span> 
     </span>
    </p>
   </div>
   <div class='ocr_carea' id='block_1_12' title="bbox 130 1114 1701 1198">
    <p class='ocr_par' dir='ltr' id='par_1_12' title="bbox 130 1114 1701 1198">
     <span class='ocr_line' id='line_1_12' title="bbox 130 1114 1701 1198; baseline 0.009 -32"><span class='ocrx_word' id='word_1_75' title='bbox 130 1114 420 1167; x_wconf 75' lang='grc' dir='ltr'>ὑπόστασιν</span> <span class='ocrx_word' id='word_1_76' title='bbox 457 1116 804 1189; x_wconf 82' lang='grc' dir='ltr'>κεκτημένῳ·</span> <span class='ocrx_word' id='word_1_77' title='bbox 842 1120 935 1172; x_wconf 73' lang='grc' dir='ltr'>καὶ</span> <span class='ocrx_word' id='word_1_78' title='bbox 964 1120 1177 1185; x_wconf 76' lang='grc' dir='ltr'>ἀνάξιον</span> <span class='ocrx_word' id='word_1_79' title='bbox 1202 1119 1340 1177; x_wconf 74' lang='grc' dir='ltr'>εἶναι</span> <span class='ocrx_word' id='word_1_80' title='bbox 1369 1123 1503 1177; x_wconf 90' lang='grc' dir='ltr'>Θεοῦ</span> <span class='ocrx_word' id='word_1_81' title='bbox 1530 1144 1701 1198; x_wconf 80' lang='grc' dir='ltr'>προσ-</span> 
     </span>
    </p>
   </div>
   <div class='ocr_carea' id='block_1_13' title="bbox 131 1209 1703 1285">
    <p class='ocr_par' dir='ltr' id='par_1_13' title="bbox 131 1209 1703 1285">
     <span class='ocr_line' id='line_1_13' title="bbox 131 1209 1703 1285; baseline 0.006 -26"><span class='ocrx_word' id='word_1_82' title='bbox 131 1210 362 1261; x_wconf 79' lang='grc' dir='ltr'>ποιεῖται</span> <span class='ocrx_word' id='word_1_83' title='bbox 412 1209 529 1269; x_wconf 82' lang='grc' dir='ltr'>ταῖς</span> <span class='ocrx_word' id='word_1_84' title='bbox 569 1209 829 1271; x_wconf 72' lang='grc' dir='ltr'>ἐπινοίαις</span> <span class='ocrx_word' id='word_1_85' title='bbox 877 1210 1037 1264; x_wconf 75' lang='grc' dir='ltr'>αὐτὸν</span> <span class='ocrx_word' id='word_1_86' title='bbox 1087 1213 1502 1284; x_wconf 83' lang='grc' dir='ltr'>ὰποσεμνύνειν.</span> <span class='ocrx_word' id='word_1_87' title='bbox 1562 1215 1703 1285; x_wconf 84' lang='grc' dir='ltr'>Ἐγὼ</span> 
     </span>
    </p>
   </div>
   <div class='ocr_carea' id='block_1_14' title="bbox 130 1296 1701 1378">
    <p class='ocr_par' dir='ltr' id='par_1_14' title="bbox 130 1296 1701 1378">
     <span class='ocr_line' id='line_1_14' title="bbox 130 1296 1701 1378; baseline 0.007 -29"><span class='ocrx_word' id='word_1_88' title='bbox 130 1296 182 1349; x_wconf 83' lang='grc' dir='ltr'>δὲ</span> <span class='ocrx_word' id='word_1_89' title='bbox 216 1299 267 1350; x_wconf 85' lang='grc' dir='ltr'><strong>εί</strong></span> <span class='ocrx_word' id='word_1_90' title='bbox 312 1297 408 1366; x_wconf 87' lang='grc' dir='ltr'><strong>μὲν</strong></span> <span class='ocrx_word' id='word_1_91' title='bbox 437 1298 647 1369; x_wconf 68' lang='grc' dir='ltr'>ἐπινοίᾳ</span> <span class='ocrx_word' id='word_1_92' title='bbox 675 1298 946 1370; x_wconf 84' lang='grc' dir='ltr'>θεωρητὸν</span> <span class='ocrx_word' id='word_1_93' title='bbox 974 1301 1085 1372; x_wconf 75' lang='lat'><strong>(‘27)</strong></span> <span class='ocrx_word' id='word_1_94' title='bbox 1114 1303 1146 1372; x_wconf 85' lang='grc' dir='ltr'>ἦ</span> <span class='ocrx_word' id='word_1_95' title='bbox 1194 1304 1266 1374; x_wconf 80' lang='grc' dir='ltr'><strong>μὴ</strong></span> <span class='ocrx_word' id='word_1_96' title='bbox 1295 1304 1355 1357; x_wconf 84' lang='grc' dir='ltr'><strong>τὸ</strong></span> <span class='ocrx_word' id='word_1_97' title='bbox 1383 1305 1701 1378; x_wconf 81' lang='grc' dir='ltr'>ἀγέννητον,</span> 
     </span>
    </p>
   </div>
   <div class='ocr_carea' id='block_1_15' title="bbox 130 1387 1703 1468">
    <p class='ocr_par' dir='ltr' id='par_1_15' title="bbox 130 1387 1703 1468">
     <span class='ocr_line' id='line_1_15' title="bbox 130 1387 1703 1468; baseline 0.008 -28"><span class='ocrx_word' id='word_1_98' title='bbox 130 1387 282 1441; x_wconf 82' lang='grc' dir='ltr'>οῦπω</span> <span class='ocrx_word' id='word_1_99' title='bbox 313 1388 708 1462; x_wconf 76' lang='grc' dir='ltr'>διισχυρίζομαι</span> <span class='ocrx_word' id='word_1_100' title='bbox 734 1394 860 1465; x_wconf 74' lang='grc' dir='ltr'>πρὶν</span> <span class='ocrx_word' id='word_1_101' title='bbox 895 1392 959 1447; x_wconf 81' lang='grc' dir='ltr'><strong>ἂν</strong></span> <span class='ocrx_word' id='word_1_102' title='bbox 988 1395 1078 1447; x_wconf 83' lang='grc' dir='ltr'>ὑπ’</span> <span class='ocrx_word' id='word_1_103' title='bbox 1105 1395 1272 1466; x_wconf 77' lang='grc' dir='ltr'>αὐτῆς</span> <span class='ocrx_word' id='word_1_104' title='bbox 1300 1395 1389 1449; x_wconf 88' lang='grc' dir='ltr'><strong>τοῦ</strong></span> <span class='ocrx_word' id='word_1_105' title='bbox 1419 1397 1575 1467; x_wconf 87' lang='grc' dir='ltr'>λόγου</span> <span class='ocrx_word' id='word_1_106' title='bbox 1604 1398 1703 1468; x_wconf 89' lang='grc' dir='ltr'><strong>τῆς</strong></span> 
     </span>
    </p>
   </div>
   <div class='ocr_carea' id='block_1_16' title="bbox 130 1481 821 1556">
    <p class='ocr_par' dir='ltr' id='par_1_16' title="bbox 130 1481 821 1556">
     <span class='ocr_line' id='line_1_16' title="bbox 130 1481 821 1556; baseline 0.013 -25"><span class='ocrx_word' id='word_1_107' title='bbox 130 1481 426 1545; x_wconf 78' lang='grc' dir='ltr'>ἐξετάσεως</span> <span class='ocrx_word' id='word_1_108' title='bbox 462 1483 821 1556; x_wconf 84' lang='grc' dir='ltr'>διδαχθῶμεν.</span> 
     </span>
    </p>
   </div>
   <div class='ocr_carea' id='block_1_17' title="bbox 198 1573 1708 1655">
    <p class='ocr_par' dir='ltr' id='par_1_17' title="bbox 198 1573 1708 1655">
     <span class='ocr_line' id='line_1_17' title="bbox 198 1573 1708 1655; baseline 0.007 -29"><span class='ocrx_word' id='word_1_109' title='bbox 198 1573 252 1627; x_wconf 89' lang='grc'><strong>6.</strong></span> <span class='ocrx_word' id='word_1_110' title='bbox 274 1575 412 1627; x_wconf 80' lang='grc' dir='ltr'>Αὐτὸ</span> <span class='ocrx_word' id='word_1_111' title='bbox 441 1575 497 1629; x_wconf 81' lang='grc' dir='ltr'>δὲ</span> <span class='ocrx_word' id='word_1_112' title='bbox 525 1578 699 1643; x_wconf 86' lang='grc' dir='ltr'>τοῦτο,</span> <span class='ocrx_word' id='word_1_113' title='bbox 718 1579 771 1631; x_wconf 89' lang='grc' dir='ltr'><strong>τί</strong></span> <span class='ocrx_word' id='word_1_114' title='bbox 804 1579 930 1633; x_wconf 83' lang='grc' dir='ltr'>ποτέ</span> <span class='ocrx_word' id='word_1_115' title='bbox 965 1584 1109 1635; x_wconf 90' lang='grc' dir='ltr'>ἐστιν</span> <span class='ocrx_word' id='word_1_116' title='bbox 1134 1584 1167 1653; x_wconf 80' lang='grc' dir='ltr'>ή</span> <span class='ocrx_word' id='word_1_117' title='bbox 1198 1583 1425 1648; x_wconf 85' lang='grc' dir='ltr'>ἐπίνοια,</span> <span class='ocrx_word' id='word_1_118' title='bbox 1446 1584 1614 1655; x_wconf 78' lang='grc' dir='ltr'>ἡδέως</span> <span class='ocrx_word' id='word_1_119' title='bbox 1642 1584 1708 1639; x_wconf 80' lang='grc' dir='ltr'>ἂν</span> 
     </span>
    </p>
   </div>
   <div class='ocr_carea' id='block_1_18' title="bbox 132 1666 1706 1746">
    <p class='ocr_par' dir='ltr' id='par_1_18' title="bbox 132 1666 1706 1746">
     <span class='ocr_line' id='line_1_18' title="bbox 132 1666 1706 1746; baseline 0.008 -29"><span class='ocrx_word' id='word_1_120' title='bbox 132 1666 295 1719; x_wconf 76' lang='grc' dir='ltr'>αὐτὸν</span> <span class='ocrx_word' id='word_1_121' title='bbox 340 1668 710 1741; x_wconf 82' lang='grc' dir='ltr'>ἐρωτήσαιμι·</span> <span class='ocrx_word' id='word_1_122' title='bbox 765 1667 853 1743; x_wconf 81' lang='grc' dir='ltr'><strong>ἆρ’</strong></span> <span class='ocrx_word' id='word_1_123' title='bbox 894 1673 1044 1726; x_wconf 76' lang='grc' dir='ltr'>οὐδὲν</span> <span class='ocrx_word' id='word_1_124' title='bbox 1091 1676 1401 1728; x_wconf 86' lang='grc' dir='ltr'>παντάπασι</span> <span class='ocrx_word' id='word_1_125' title='bbox 1451 1676 1706 1746; x_wconf 87' lang='grc' dir='ltr'>σημαίνει</span> 
     </span>
    </p>
   </div>
   <div class='ocr_carea' id='block_1_19' title="bbox 130 1756 1708 1836">
    <p class='ocr_par' dir='ltr' id='par_1_19' title="bbox 130 1756 1708 1836">
     <span class='ocr_line' id='line_1_19' title="bbox 130 1756 1708 1836; baseline 0.008 -28"><span class='ocrx_word' id='word_1_126' title='bbox 130 1757 189 1809; x_wconf 80' lang='grc' dir='ltr'><strong>τὸ</strong></span> <span class='ocrx_word' id='word_1_127' title='bbox 217 1756 388 1829; x_wconf 76' lang='grc' dir='ltr'>ὄνομα</span> <span class='ocrx_word' id='word_1_128' title='bbox 425 1762 600 1823; x_wconf 88' lang='grc' dir='ltr'>τοῦτο,</span> <span class='ocrx_word' id='word_1_129' title='bbox 632 1765 725 1816; x_wconf 70' lang='grc' dir='ltr'>καὶ</span> <span class='ocrx_word' id='word_1_130' title='bbox 766 1763 935 1834; x_wconf 76' lang='grc' dir='ltr'>ψόφος</span> <span class='ocrx_word' id='word_1_131' title='bbox 959 1765 1133 1830; x_wconf 78' lang='grc' dir='ltr'>ἄλλως</span> <span class='ocrx_word' id='word_1_132' title='bbox 1157 1766 1273 1819; x_wconf 76' lang='grc' dir='ltr'>ἐστὶ</span> <span class='ocrx_word' id='word_1_133' title='bbox 1301 1766 1387 1819; x_wconf 82' lang='grc' dir='ltr'>διὰ</span> <span class='ocrx_word' id='word_1_134' title='bbox 1414 1767 1512 1836; x_wconf 87' lang='grc' dir='ltr'><strong>τῆς</strong></span> <span class='ocrx_word' id='word_1_135' title='bbox 1536 1766 1708 1836; x_wconf 83' lang='grc' dir='ltr'>γλώτ-</span> 
     </span>
    </p>
   </div>
   <div class='ocr_carea' id='block_1_20' title="bbox 132 1846 1779 1929">
    <p class='ocr_par' dir='ltr' id='par_1_20' title="bbox 132 1846 1779 1929">
     <span class='ocr_line' id='line_1_20' title="bbox 132 1846 1779 1929; baseline 0.007 -27"><span class='ocrx_word' id='word_1_136' title='bbox 132 1866 228 1921; x_wconf 87' lang='grc' dir='ltr'><strong>της</strong></span> <span class='ocrx_word' id='word_1_137' title='bbox 256 1853 567 1920; x_wconf 82' lang='grc' dir='ltr'>ἐκπίπτων;</span> <span class='ocrx_word' id='word_1_138' title='bbox 619 1855 779 1909; x_wconf 79' lang='grc' dir='ltr'>Ἀλλὰ</span> <span class='ocrx_word' id='word_1_139' title='bbox 806 1857 866 1910; x_wconf 82' lang='grc' dir='ltr'><strong>τὸ</strong></span> <span class='ocrx_word' id='word_1_140' title='bbox 896 1857 1132 1911; x_wconf 88' lang='grc' dir='ltr'>τοιοῦτον</span> <span class='ocrx_word' id='word_1_141' title='bbox 1172 1858 1291 1929; x_wconf 76' lang='grc' dir='ltr'>οὐχὶ</span> <span class='ocrx_word' id='word_1_142' title='bbox 1336 1859 1570 1927; x_wconf 85' lang='grc' dir='ltr'>ἐπίνοια,</span> <span class='ocrx_word' id='word_1_143' title='bbox 1608 1878 1709 1915; x_wconf 89' lang='grc' dir='ltr'>πα-</span> <span class='ocrx_word' id='word_1_144' title='bbox 1742 1846 1779 1902; x_wconf 80' lang='grc' dir='ltr'><strong><em>Β</em></strong></span> 
     </span>
    </p>
   </div>
   <div class='ocr_carea' id='block_1_21' title="bbox 134 1946 1707 2025">
    <p class='ocr_par' dir='ltr' id='par_1_21' title="bbox 134 1946 1707 2025">
     <span class='ocr_line' id='line_1_21' title="bbox 134 1946 1707 2025; baseline 0.008 -29"><span class='ocrx_word' id='word_1_145' title='bbox 134 1946 323 2013; x_wconf 74' lang='grc' dir='ltr'>ράνοια</span> <span class='ocrx_word' id='word_1_146' title='bbox 360 1946 401 1999; x_wconf 70' lang='grc' dir='ltr'>δ’</span> <span class='ocrx_word' id='word_1_147' title='bbox 443 1946 507 2001; x_wconf 86' lang='grc' dir='ltr'><strong>ἂν</strong></span> <span class='ocrx_word' id='word_1_148' title='bbox 540 1947 739 2019; x_wconf 80' lang='grc' dir='ltr'>μᾶλλον</span> <span class='ocrx_word' id='word_1_149' title='bbox 792 1950 885 2003; x_wconf 73' lang='grc' dir='ltr'><strong>καὶ</strong></span> <span class='ocrx_word' id='word_1_150' title='bbox 935 1950 1170 2023; x_wconf 76' lang='grc' dir='ltr'>φλυαρία</span> <span class='ocrx_word' id='word_1_151' title='bbox 1229 1954 1707 2025; x_wconf 77' lang='grc' dir='ltr'>προσαγορεύοιτο.</span> 
     </span>
    </p>
   </div>
   <div class='ocr_carea' id='block_1_22' title="bbox 133 2037 1713 2116">
    <p class='ocr_par' dir='ltr' id='par_1_22' title="bbox 133 2037 1713 2116">
     <span class='ocr_line' id='line_1_22' title="bbox 133 2037 1713 2116; baseline 0.006 -27"><span class='ocrx_word' id='word_1_152' title='bbox 133 2037 191 2088; x_wconf 77' lang='lat' dir='ltr'><strong>Ei</strong></span> <span class='ocrx_word' id='word_1_153' title='bbox 224 2037 283 2091; x_wconf 79' lang='grc' dir='ltr'>δὲ</span> <span class='ocrx_word' id='word_1_154' title='bbox 313 2041 617 2111; x_wconf 82' lang='grc' dir='ltr'>συγχωροίη</span> <span class='ocrx_word' id='word_1_155' title='bbox 656 2042 939 2111; x_wconf 83' lang='grc' dir='ltr'>σημαίνειν</span> <span class='ocrx_word' id='word_1_156' title='bbox 967 2042 1066 2112; x_wconf 85' lang='grc' dir='ltr'><strong>μέν</strong></span> <span class='ocrx_word' id='word_1_157' title='bbox 1090 2060 1144 2095; x_wconf 89' lang='grc' dir='ltr'><strong>τι</strong></span> <span class='ocrx_word' id='word_1_158' title='bbox 1172 2042 1268 2115; x_wconf 84' lang='grc' dir='ltr'>τὴν</span> <span class='ocrx_word' id='word_1_159' title='bbox 1291 2046 1553 2109; x_wconf 83' lang='grc' dir='ltr'>ἐπίνοιαν,</span> <span class='ocrx_word' id='word_1_160' title='bbox 1582 2045 1713 2116; x_wconf 80' lang='grc' dir='ltr'>ψευο</span> 
     </span>
    </p>
   </div>
   <div class='ocr_carea' id='block_1_23' title="bbox 132 2129 1713 2207">
    <p class='ocr_par' dir='ltr' id='par_1_23' title="bbox 132 2129 1713 2207">
     <span class='ocr_line' id='line_1_23' title="bbox 132 2129 1713 2207; baseline 0.006 -26"><span class='ocrx_word' id='word_1_161' title='bbox 132 2129 218 2192; x_wconf 82' lang='grc' dir='ltr'><strong>δές</strong></span> <span class='ocrx_word' id='word_1_162' title='bbox 264 2131 319 2182; x_wconf 81' lang='grc' dir='ltr'>δὲ</span> <span class='ocrx_word' id='word_1_163' title='bbox 364 2132 522 2183; x_wconf 89' lang='grc' dir='ltr'>τοῦτο</span> <span class='ocrx_word' id='word_1_164' title='bbox 562 2132 838 2197; x_wconf 85' lang='grc' dir='ltr'>παντελῶς</span> <span class='ocrx_word' id='word_1_165' title='bbox 884 2134 977 2187; x_wconf 76' lang='grc' dir='ltr'><strong>καὶ</strong></span> <span class='ocrx_word' id='word_1_166' title='bbox 1006 2135 1373 2207; x_wconf 86' lang='grc' dir='ltr'>ἀνύπαρκτον,</span> <span class='ocrx_word' id='word_1_167' title='bbox 1405 2138 1479 2201; x_wconf 83' lang='grc' dir='ltr'>ὡς</span> <span class='ocrx_word' id='word_1_168' title='bbox 1509 2140 1566 2193; x_wconf 83' lang='grc' dir='ltr'><strong>ἐν</strong></span> <span class='ocrx_word' id='word_1_169' title='bbox 1595 2142 1713 2203; x_wconf 83' lang='grc' dir='ltr'>ταῖς</span> 
     </span>
    </p>
   </div>
   <div class='ocr_carea' id='block_1_24' title="bbox 137 2219 1713 2302">
    <p class='ocr_par' dir='ltr' id='par_1_24' title="bbox 137 2219 1713 2302">
     <span class='ocr_line' id='line_1_24' title="bbox 137 2219 1713 2302; baseline 0.01 -33"><span class='ocrx_word' id='word_1_170' title='bbox 137 2219 479 2288; x_wconf 83' lang='grc' dir='ltr'>μυθοποιίαις</span> <span class='ocrx_word' id='word_1_171' title='bbox 520 2222 827 2296; x_wconf 82' lang='grc' dir='ltr'>κενταύρων</span> <span class='ocrx_word' id='word_1_172' title='bbox 868 2226 930 2300; x_wconf 82' lang='grc' dir='ltr'>δή</span> <span class='ocrx_word' id='word_1_173' title='bbox 978 2245 1139 2284; x_wconf 89' lang='grc' dir='ltr'>τινων</span> <span class='ocrx_word' id='word_1_174' title='bbox 1188 2231 1577 2302; x_wconf 83' lang='grc' dir='ltr'>ἀναπλασμοὺς</span> <span class='ocrx_word' id='word_1_175' title='bbox 1621 2234 1713 2285; x_wconf 76' lang='grc' dir='ltr'>καὶ</span> 
     </span>
    </p>
   </div>
   <div class='ocr_carea' id='block_1_25' title="bbox 134 2310 1714 2397">
    <p class='ocr_par' dir='ltr' id='par_1_25' title="bbox 134 2310 1714 2397">
     <span class='ocr_line' id='line_1_25' title="bbox 134 2310 1714 2397; baseline 0.012 -35"><span class='ocrx_word' id='word_1_176' title='bbox 134 2310 417 2382; x_wconf 74' lang='grc' dir='ltr'>χιμαίραε,</span> <span class='ocrx_word' id='word_1_177' title='bbox 446 2315 562 2380; x_wconf 85' lang='grc' dir='ltr'><strong>πῶς</strong></span> <span class='ocrx_word' id='word_1_178' title='bbox 584 2318 643 2370; x_wconf 88' lang='grc' dir='ltr'><strong>τὸ</strong></span> <span class='ocrx_word' id='word_1_179' title='bbox 674 2322 1065 2392; x_wconf 85' lang='grc' dir='ltr'>σημαινόμενοί</span> <span class='ocrx_word' id='word_1_180' title='bbox 1082 2323 1214 2392; x_wconf 72' lang='grc'><strong>(27⁸)</strong></span> <span class='ocrx_word' id='word_1_181' title='bbox 1240 2324 1429 2395; x_wconf 73' lang='grc' dir='ltr'>ψεῦδος</span> <span class='ocrx_word' id='word_1_182' title='bbox 1453 2325 1530 2397; x_wconf 85' lang='grc' dir='ltr'>τῷ</span> <span class='ocrx_word' id='word_1_183' title='bbox 1558 2326 1714 2397; x_wconf 75' lang='grc' dir='ltr'>ψόφῳ</span> 
     </span>
    </p>
   </div>
   <div class='ocr_carea' id='block_1_26' title="bbox 132 2403 1715 2488">
    <p class='ocr_par' dir='ltr' id='par_1_26' title="bbox 132 2403 1715 2488">
     <span class='ocr_line' id='line_1_26' title="bbox 132 2403 1715 2488; baseline 0.013 -35"><span class='ocrx_word' id='word_1_184' title='bbox 132 2403 232 2473; x_wconf 86' lang='grc' dir='ltr'><strong>τῆς</strong></span> <span class='ocrx_word' id='word_1_185' title='bbox 278 2405 521 2477; x_wconf 82' lang='grc' dir='ltr'>γλώττης</span> <span class='ocrx_word' id='word_1_186' title='bbox 552 2412 984 2487; x_wconf 77' lang='grc' dir='ltr'>συναφανίξεται,</span> <span class='ocrx_word' id='word_1_187' title='bbox 1028 2414 1126 2483; x_wconf 83' lang='grc' dir='ltr'><strong>τῆς</strong></span> <span class='ocrx_word' id='word_1_188' title='bbox 1159 2416 1255 2486; x_wconf 87' lang='grc' dir='ltr'><strong>μὲν</strong></span> <span class='ocrx_word' id='word_1_189' title='bbox 1283 2418 1466 2488; x_wconf 82' lang='grc' dir='ltr'>φωνῆς</span> <span class='ocrx_word' id='word_1_190' title='bbox 1498 2419 1715 2484; x_wconf 84' lang='grc' dir='ltr'>πάντως</span> 
     </span>
    </p>
   </div>
   <div class='ocr_carea' id='block_1_27' title="bbox 134 2498 1717 2582">
    <p class='ocr_par' dir='ltr' id='par_1_27' title="bbox 134 2498 1717 2582">
     <span class='ocr_line' id='line_1_27' title="bbox 134 2498 1717 2582; baseline 0.012 -35"><span class='ocrx_word' id='word_1_191' title='bbox 134 2498 215 2559; x_wconf 82' lang='grc' dir='ltr'>εἰς</span> <span class='ocrx_word' id='word_1_192' title='bbox 269 2499 403 2569; x_wconf 80' lang='grc' dir='ltr'>ἀέρα</span> <span class='ocrx_word' id='word_1_193' title='bbox 458 2503 865 2574; x_wconf 84' lang='grc' dir='ltr'>προχεομένης,</span> <span class='ocrx_word' id='word_1_194' title='bbox 918 2502 1024 2557; x_wconf 86' lang='grc' dir='ltr'><strong>τῶν</strong></span> <span class='ocrx_word' id='word_1_195' title='bbox 1069 2506 1126 2559; x_wconf 85' lang='grc' dir='ltr'>δὲ</span> <span class='ocrx_word' id='word_1_196' title='bbox 1171 2507 1381 2577; x_wconf 74' lang='grc' dir='ltr'>ψευδῶν</span> <span class='ocrx_word' id='word_1_197' title='bbox 1427 2513 1717 2582; x_wconf 82' lang='grc' dir='ltr'>νοημάτων</span> 
     </span>
    </p>
   </div>
   <div class='ocr_carea' id='block_1_28' title="bbox 136 2588 1717 2673">
    <p class='ocr_par' dir='ltr' id='par_1_28' title="bbox 136 2588 1717 2673">
     <span class='ocr_line' id='line_1_28' title="bbox 136 2588 1717 2673; baseline 0.011 -36"><span class='ocrx_word' id='word_1_198' title='bbox 136 2588 581 2657; x_wconf 83' lang='grc' dir='ltr'>ἐναπομενόντων</span> <span class='ocrx_word' id='word_1_199' title='bbox 616 2592 724 2662; x_wconf 74' lang='grc'><strong>(28)</strong></span> <span class='ocrx_word' id='word_1_200' title='bbox 762 2597 825 2665; x_wconf 81' lang='grc' dir='ltr'>τῇ</span> <span class='ocrx_word' id='word_1_201' title='bbox 873 2594 1115 2669; x_wconf 79' lang='grc' dir='ltr'>διανοίᾳ;</span> <span class='ocrx_word' id='word_1_202' title='bbox 1170 2599 1303 2653; x_wconf 74' lang='grc' dir='ltr'><strong>Οὐδὲ</strong></span> <span class='ocrx_word' id='word_1_203' title='bbox 1356 2602 1462 2673; x_wconf 80' lang='grc' dir='ltr'><strong>γὰρ</strong></span> <span class='ocrx_word' id='word_1_204' title='bbox 1498 2602 1717 2657; x_wconf 79' lang='grc' dir='ltr'>ἐπειδάν</span> 
     </span>
    </p>
   </div>
   <div class='ocr_carea' id='block_1_29' title="bbox 137 2680 1716 2764">
    <p class='ocr_par' dir='ltr' id='par_1_29' title="bbox 137 2680 1716 2764">
     <span class='ocr_line' id='line_1_29' title="bbox 137 2680 1716 2764; baseline 0.011 -34"><span class='ocrx_word' id='word_1_205' title='bbox 137 2695 272 2732; x_wconf 75' lang='grc' dir='ltr'>ποτε</span> <span class='ocrx_word' id='word_1_206' title='bbox 322 2680 530 2749; x_wconf 79' lang='grc' dir='ltr'>ψευδῶν</span> <span class='ocrx_word' id='word_1_207' title='bbox 565 2685 845 2751; x_wconf 80' lang='grc' dir='ltr'>παντελῶς</span> <span class='ocrx_word' id='word_1_208' title='bbox 894 2688 987 2741; x_wconf 64' lang='grc' dir='ltr'><strong>κοιλ⁷</strong></span> <span class='ocrx_word' id='word_1_209' title='bbox 1026 2688 1287 2743; x_wconf 82' lang='grc' dir='ltr'>διακένων</span> <span class='ocrx_word' id='word_1_210' title='bbox 1327 2692 1716 2764; x_wconf 84' lang='grc' dir='ltr'>ἀναπλασμῶν,</span> 
     </span>
    </p>
   </div>
   <div class='ocr_carea' id='block_1_30' title="bbox 137 2770 1718 2854">
    <p class='ocr_par' dir='ltr' id='par_1_30' title="bbox 137 2770 1718 2854">
     <span class='ocr_line' id='line_1_30' title="bbox 137 2770 1718 2854; baseline 0.009 -30"><span class='ocrx_word' id='word_1_211' title='bbox 137 2770 170 2843; x_wconf 80' lang='grc' dir='ltr'><strong>ῆ</strong></span> <span class='ocrx_word' id='word_1_212' title='bbox 205 2774 268 2825; x_wconf 86' lang='grc' dir='ltr'><strong>ἐν</strong></span> <span class='ocrx_word' id='word_1_213' title='bbox 312 2776 430 2839; x_wconf 83' lang='grc' dir='ltr'>ταῖς</span> <span class='ocrx_word' id='word_1_214' title='bbox 462 2776 581 2829; x_wconf 77' lang='grc' dir='ltr'>καθ’</span> <span class='ocrx_word' id='word_1_215' title='bbox 628 2777 792 2832; x_wconf 78' lang='grc' dir='ltr'>ὕπνον</span> <span class='ocrx_word' id='word_1_216' title='bbox 826 2781 1168 2849; x_wconf 79' lang='grc' dir='ltr'>φαντασίαις,</span> <span class='ocrx_word' id='word_1_217' title='bbox 1203 2783 1235 2854; x_wconf 79' lang='grc' dir='ltr'>ἢ</span> <span class='ocrx_word' id='word_1_218' title='bbox 1286 2783 1458 2848; x_wconf 76' lang='grc' dir='ltr'>ἄλλως</span> <span class='ocrx_word' id='word_1_219' title='bbox 1503 2787 1561 2837; x_wconf 90' lang='grc' dir='ltr'><strong>ἐν</strong></span> <span class='ocrx_word' id='word_1_220' title='bbox 1607 2787 1718 2849; x_wconf 82' lang='grc' dir='ltr'>τοῖς</span> 
     </span>
    </p>
   </div>
   <div class='ocr_carea' id='block_1_31' title="bbox 141 2866 1715 2949">
    <p class='ocr_par' dir='ltr' id='par_1_31' title="bbox 141 2866 1715 2949">
     <span class='ocr_line' id='line_1_31' title="bbox 141 2866 1715 2949; baseline 0.009 -31"><span class='ocrx_word' id='word_1_221' title='bbox 141 2866 399 2937; x_wconf 75' lang='grc' dir='ltr'>ματαίοις</span> <span class='ocrx_word' id='word_1_222' title='bbox 446 2868 538 2922; x_wconf 87' lang='grc' dir='ltr'><strong>τοῦ</strong></span> <span class='ocrx_word' id='word_1_223' title='bbox 591 2871 682 2924; x_wconf 90' lang='grc' dir='ltr'><strong>νοῦ</strong></span> <span class='ocrx_word' id='word_1_224' title='bbox 740 2874 1031 2944; x_wconf 81' lang='grc' dir='ltr'>κινήμασιν</span> <span class='ocrx_word' id='word_1_225' title='bbox 1074 2877 1107 2947; x_wconf 80' lang='grc' dir='ltr'>ὴ</span> <span class='ocrx_word' id='word_1_226' title='bbox 1151 2876 1296 2947; x_wconf 79' lang='grc' dir='ltr'>ψυχὴ</span> <span class='ocrx_word' id='word_1_227' title='bbox 1350 2877 1715 2949; x_wconf 81' lang='grc' dir='ltr'>πληρωθεῖσα,</span> 
     </span>
    </p>
   </div>
   <div class='ocr_carea' id='block_1_32' title="bbox 139 2961 1717 3040">
    <p class='ocr_par' dir='ltr' id='par_1_32' title="bbox 139 2961 1717 3040">
     <span class='ocr_line' id='line_1_32' title="bbox 139 2961 1717 3040; baseline 0.009 -30"><span class='ocrx_word' id='word_1_228' title='bbox 139 2962 541 3035; x_wconf 76' lang='grc' dir='ltr'>παρακατασχῃ</span> <span class='ocrx_word' id='word_1_229' title='bbox 582 2965 647 3033; x_wconf 77' lang='grc' dir='ltr'>τῇ</span> <span class='ocrx_word' id='word_1_230' title='bbox 688 2966 894 3035; x_wconf 83' lang='grc' dir='ltr'>μνήμῃ,</span> <span class='ocrx_word' id='word_1_231' title='bbox 943 2961 1061 3018; x_wconf 86' lang='grc' dir='ltr'>εἶτα</span> <span class='ocrx_word' id='word_1_232' title='bbox 1092 2967 1178 3020; x_wconf 77' lang='grc' dir='ltr'>διὰ</span> <span class='ocrx_word' id='word_1_233' title='bbox 1200 2968 1296 3037; x_wconf 85' lang='grc' dir='ltr'><strong>τῆς</strong></span> <span class='ocrx_word' id='word_1_234' title='bbox 1330 2970 1513 3040; x_wconf 84' lang='grc' dir='ltr'>φωνῆς</span> <span class='ocrx_word' id='word_1_235' title='bbox 1558 2969 1717 3039; x_wconf 79' lang='grc' dir='ltr'>ἐξαγ-</span> 
     </span>
    </p>
   </div>
   <div class='ocr_carea' id='block_1_33' title="bbox 140 3052 1722 3132">
    <p class='ocr_par' dir='ltr' id='par_1_33' title="bbox 140 3052 1722 3132">
     <span class='ocr_line' id='line_1_33' title="bbox 140 3052 1722 3132; baseline 0.009 -30"><span class='ocrx_word' id='word_1_236' title='bbox 140 3052 323 3117; x_wconf 76' lang='grc' dir='ltr'>γεῖλαι</span> <span class='ocrx_word' id='word_1_237' title='bbox 359 3053 675 3124; x_wconf 84' lang='grc' dir='ltr'>προέληται,</span> <span class='ocrx_word' id='word_1_238' title='bbox 713 3054 848 3126; x_wconf 88' lang='grc' dir='ltr'>ὁμοῦ</span> <span class='ocrx_word' id='word_1_239' title='bbox 896 3056 976 3128; x_wconf 82' lang='grc' dir='ltr'>τῷ</span> <span class='ocrx_word' id='word_1_240' title='bbox 1014 3058 1391 3128; x_wconf 87' lang='grc' dir='ltr'>προενεχθέντι</span> <span class='ocrx_word' id='word_1_241' title='bbox 1424 3060 1565 3132; x_wconf 85' lang='grc' dir='ltr'>λόγῳ</span> <span class='ocrx_word' id='word_1_242' title='bbox 1601 3080 1722 3117; x_wconf 85' lang='grc' dir='ltr'>συν-</span> 
     </span>
    </p>
   </div>
   <div class='ocr_carea' id='block_1_34' title="bbox 142 3143 1720 3226">
    <p class='ocr_par' dir='ltr' id='par_1_34' title="bbox 142 3143 1720 3226">
     <span class='ocr_line' id='line_1_34' title="bbox 142 3143 1720 3226; baseline 0.011 -33"><span class='ocrx_word' id='word_1_243' title='bbox 142 3143 419 3212; x_wconf 78' lang='grc' dir='ltr'>ηφανίσθη</span> <span class='ocrx_word' id='word_1_244' title='bbox 465 3147 557 3196; x_wconf 71' lang='grc' dir='ltr'><strong>καλ⁸</strong></span> <span class='ocrx_word' id='word_1_245' title='bbox 602 3147 669 3199; x_wconf 80' lang='grc' dir='ltr'>τὰ</span> <span class='ocrx_word' id='word_1_246' title='bbox 704 3150 1059 3219; x_wconf 88' lang='grc' dir='ltr'>φαντάσματα</span> <span class='ocrx_word' id='word_1_247' title='bbox 1115 3152 1317 3206; x_wconf 79' lang='grc' dir='ltr'>Πολλοῦ</span> <span class='ocrx_word' id='word_1_248' title='bbox 1345 3154 1453 3226; x_wconf 80' lang='grc' dir='ltr'><strong>γὰρ</strong></span> <span class='ocrx_word' id='word_1_249' title='bbox 1481 3155 1546 3209; x_wconf 79' lang='grc' dir='ltr'><strong>ἂν</strong></span> <span class='ocrx_word' id='word_1_250' title='bbox 1572 3154 1720 3221; x_wconf 81' lang='grc' dir='ltr'>ἄξιον</span> 
     </span>
    </p>
   </div>
   <div class='ocr_carea' id='block_1_35' title="bbox 1799 569 3364 638">
    <p class='ocr_par' dir='ltr' id='par_1_35' title="bbox 1799 569 3364 638">
     <span class='ocr_line' id='line_1_35' title="bbox 1799 569 3364 638; baseline 0.001 -15"><span class='ocrx_word' id='word_1_251' title='bbox 1799 585 1917 623; x_wconf 91' lang='lat' dir='ltr'><strong>rum</strong></span> <span class='ocrx_word' id='word_1_252' title='bbox 1947 584 2006 624; x_wconf 91' lang='lat' dir='ltr'><strong>se</strong></span> <span class='ocrx_word' id='word_1_253' title='bbox 2027 570 2152 626; x_wconf 86' lang='lat' dir='ltr'><strong>hinc</strong></span> <span class='ocrx_word' id='word_1_254' title='bbox 2182 569 2322 623; x_wconf 80' lang='lat' dir='ltr'><strong>facili</strong></span> <span class='ocrx_word' id='word_1_255' title='bbox 2354 579 2575 634; x_wconf 89' lang='lat' dir='ltr'><strong>conatu,</strong></span> <span class='ocrx_word' id='word_1_256' title='bbox 2622 570 3083 638; x_wconf 86' lang='lat' dir='ltr'><strong>ingenerationem</strong></span> <span class='ocrx_word' id='word_1_257' title='bbox 3113 572 3364 627; x_wconf 85' lang='lat' dir='ltr'><strong>substan-</strong></span> 
     </span>
    </p>
   </div>
   <div class='ocr_carea' id='block_1_36' title="bbox 1799 659 3362 716">
    <p class='ocr_par' dir='ltr' id='par_1_36' title="bbox 1799 659 3362 716">
     <span class='ocr_line' id='line_1_36' title="bbox 1799 659 3362 716; baseline 0.001 -2"><span class='ocrx_word' id='word_1_258' title='bbox 1799 660 1927 715; x_wconf 96' lang='lat' dir='ltr'><strong>tiam</strong></span> <span class='ocrx_word' id='word_1_259' title='bbox 1954 659 2049 715; x_wconf 85' lang='lat' dir='ltr'><strong>Dei</strong></span> <span class='ocrx_word' id='word_1_260' title='bbox 2073 674 2193 714; x_wconf 88' lang='lat' dir='ltr'><strong>esse</strong></span> <span class='ocrx_word' id='word_1_261' title='bbox 2218 677 2233 715; x_wconf 90' lang='lat'><strong>:</strong></span> <span class='ocrx_word' id='word_1_262' title='bbox 2263 660 2387 713; x_wconf 88' lang='lat' dir='ltr'><strong>inde</strong></span> <span class='ocrx_word' id='word_1_263' title='bbox 2414 673 2541 713; x_wconf 90' lang='lat' dir='ltr'><strong>vero</strong></span> <span class='ocrx_word' id='word_1_264' title='bbox 2568 659 2851 714; x_wconf 76' lang='lat' dir='ltr'><strong>evidenter</strong></span> <span class='ocrx_word' id='word_1_265' title='bbox 2882 670 3218 716; x_wconf 87' lang='lat' dir='ltr'><strong>ostensurum</strong></span> <span class='ocrx_word' id='word_1_266' title='bbox 3242 675 3362 715; x_wconf 84' lang='lat' dir='ltr'><strong>esse</strong></span> 
     </span>
    </p>
   </div>
   <div class='ocr_carea' id='block_1_37' title="bbox 1799 749 3359 821">
    <p class='ocr_par' dir='ltr' id='par_1_37' title="bbox 1799 749 3359 821">
     <span class='ocr_line' id='line_1_37' title="bbox 1799 749 3359 821; baseline -0.001 -14"><span class='ocrx_word' id='word_1_267' title='bbox 1799 766 1881 816; x_wconf 90' lang='lat' dir='ltr'><strong>se,</strong></span> <span class='ocrx_word' id='word_1_268' title='bbox 1923 750 2255 820; x_wconf 70' lang='lat' dir='ltr'><strong>unigenitum</strong></span> <span class='ocrx_word' id='word_1_269' title='bbox 2305 749 2497 805; x_wconf 80' lang='lat' dir='ltr'><strong>Filium</strong></span> <span class='ocrx_word' id='word_1_270' title='bbox 2536 755 2832 807; x_wconf 90' lang='lat' dir='ltr'><strong>secundum</strong></span> <span class='ocrx_word' id='word_1_271' title='bbox 2884 752 3059 821; x_wconf 81' lang='lat' dir='ltr'><strong>ipsam</strong></span> <span class='ocrx_word' id='word_1_272' title='bbox 3110 754 3359 806; x_wconf 84' lang='lat' dir='ltr'><strong>substan-</strong></span> 
     </span>
    </p>
   </div>
   <div class='ocr_carea' id='block_1_38' title="bbox 1803 841 3363 913">
    <p class='ocr_par' dir='ltr' id='par_1_38' title="bbox 1803 841 3363 913">
     <span class='ocr_line' id='line_1_38' title="bbox 1803 841 3363 913; baseline 0 -15"><span class='ocrx_word' id='word_1_273' title='bbox 1803 842 1931 898; x_wconf 88' lang='lat' dir='ltr'><strong>tiam</strong></span> <span class='ocrx_word' id='word_1_274' title='bbox 1979 841 2125 897; x_wconf 81' lang='lat' dir='ltr'><strong>Patri</strong></span> <span class='ocrx_word' id='word_1_275' title='bbox 2167 857 2287 897; x_wconf 86' lang='lat' dir='ltr'><strong>esse</strong></span> <span class='ocrx_word' id='word_1_276' title='bbox 2332 842 2671 898; x_wconf 86' lang='lat' dir='ltr'><strong>dissimilem.</strong></span> <span class='ocrx_word' id='word_1_277' title='bbox 2730 844 3068 913; x_wconf 84' lang='lat' dir='ltr'><strong>Quapropter</strong></span> <span class='ocrx_word' id='word_1_278' title='bbox 3105 842 3363 899; x_wconf 89' lang='lat' dir='ltr'><strong>vocabulo</strong></span> 
     </span>
    </p>
   </div>
   <div class='ocr_carea' id='block_1_39' title="bbox 1805 935 3361 1006">
    <p class='ocr_par' dir='ltr' id='par_1_39' title="bbox 1805 935 3361 1006">
     <span class='ocr_line' id='line_1_39' title="bbox 1805 935 3361 1006; baseline -0.001 -16"><span class='ocrx_word' id='word_1_279' title='bbox 1805 936 2172 1005; x_wconf 73' lang='lat' dir='ltr'><strong>intelligentia:</strong></span> <span class='ocrx_word' id='word_1_280' title='bbox 2200 936 2423 990; x_wconf 64' lang='lat' dir='ltr'><strong>inhaeret</strong></span> <span class='ocrx_word' id='word_1_281' title='bbox 2472 945 2731 1004; x_wconf 82' lang='lat' dir='ltr'><strong>tanquam</strong></span> <span class='ocrx_word' id='word_1_282' title='bbox 2771 936 2905 991; x_wconf 81' lang='lat' dir='ltr'><strong>nihil</strong></span> <span class='ocrx_word' id='word_1_283' title='bbox 2940 937 3159 991; x_wconf 89' lang='lat' dir='ltr'><strong>omnino</strong></span> <span class='ocrx_word' id='word_1_284' title='bbox 3192 935 3361 1006; x_wconf 85' lang='lat' dir='ltr'><strong>signi-</strong></span> 
     </span>
    </p>
   </div>
   <div class='ocr_carea' id='block_1_40' title="bbox 1806 1028 3362 1098">
    <p class='ocr_par' dir='ltr' id='par_1_40' title="bbox 1806 1028 3362 1098">
     <span class='ocr_line' id='line_1_40' title="bbox 1806 1028 3362 1098; baseline 0 -15"><span class='ocrx_word' id='word_1_285' title='bbox 1806 1029 2008 1096; x_wconf 79' lang='lat' dir='ltr'><strong>ﬁcanti,</strong></span> <span class='ocrx_word' id='word_1_286' title='bbox 2034 1030 2127 1085; x_wconf 88' lang='lat' dir='ltr'><strong>sed</strong></span> <span class='ocrx_word' id='word_1_287' title='bbox 2155 1030 2207 1083; x_wconf 91' lang='lat' dir='ltr'><strong>in</strong></span> <span class='ocrx_word' id='word_1_288' title='bbox 2244 1029 2355 1082; x_wconf 90' lang='lat' dir='ltr'><strong>sola</strong></span> <span class='ocrx_word' id='word_1_289' title='bbox 2390 1030 2687 1098; x_wconf 83' lang='lat' dir='ltr'><strong>prolatione</strong></span> <span class='ocrx_word' id='word_1_290' title='bbox 2717 1029 3084 1084; x_wconf 81' lang='lat' dir='ltr'><strong>exsisteutiam</strong></span> <span class='ocrx_word' id='word_1_291' title='bbox 3110 1028 3362 1083; x_wconf 79' lang='lat' dir='ltr'><strong>habenti:</strong></span> 
     </span>
    </p>
   </div>
   <div class='ocr_carea' id='block_1_41' title="bbox 1805 1121 3369 1189">
    <p class='ocr_par' dir='ltr' id='par_1_41' title="bbox 1805 1121 3369 1189">
     <span class='ocr_line' id='line_1_41' title="bbox 1805 1121 3369 1189; baseline 0.001 -16"><span class='ocrx_word' id='word_1_292' title='bbox 1805 1130 1965 1187; x_wconf 87' lang='lat' dir='ltr'><strong>atque</strong></span> <span class='ocrx_word' id='word_1_293' title='bbox 2011 1121 2121 1177; x_wconf 85' lang='lat' dir='ltr'><strong>Deo</strong></span> <span class='ocrx_word' id='word_1_294' title='bbox 2168 1121 2447 1189; x_wconf 77' lang='lat' dir='ltr'><strong>indignum</strong></span> <span class='ocrx_word' id='word_1_295' title='bbox 2508 1136 2626 1176; x_wconf 82' lang='lat' dir='ltr'><strong>esse</strong></span> <span class='ocrx_word' id='word_1_296' title='bbox 2678 1122 2917 1189; x_wconf 82' lang='lat' dir='ltr'><strong>simulat,</strong></span> <span class='ocrx_word' id='word_1_297' title='bbox 2957 1137 3078 1179; x_wconf 87' lang='lat' dir='ltr'><strong>eum</strong></span> <span class='ocrx_word' id='word_1_298' title='bbox 3117 1122 3369 1177; x_wconf 81' lang='lat' dir='ltr'><strong>videlicet</strong></span> 
     </span>
    </p>
   </div>
   <div class='ocr_carea' id='block_1_42' title="bbox 1806 1210 3365 1282">
    <p class='ocr_par' dir='ltr' id='par_1_42' title="bbox 1806 1210 3365 1282">
     <span class='ocr_line' id='line_1_42' title="bbox 1806 1210 3365 1282; baseline 0.001 -16"><span class='ocrx_word' id='word_1_299' title='bbox 1806 1212 1945 1267; x_wconf 90' lang='lat' dir='ltr'><strong>ideis</strong></span> <span class='ocrx_word' id='word_1_300' title='bbox 1982 1227 2046 1266; x_wconf 88' lang='lat' dir='ltr'><strong>ac</strong></span> <span class='ocrx_word' id='word_1_301' title='bbox 2072 1212 2512 1282; x_wconf 79' lang='lat' dir='ltr'><strong>perceptionibus</strong></span> <span class='ocrx_word' id='word_1_302' title='bbox 2532 1227 2726 1266; x_wconf 81' lang='lat' dir='ltr'><strong>ornare</strong></span> <span class='ocrx_word' id='word_1_303' title='bbox 2754 1228 2817 1266; x_wconf 91' lang='lat' dir='ltr'><strong>ac</strong></span> <span class='ocrx_word' id='word_1_304' title='bbox 2843 1212 3221 1268; x_wconf 89' lang='lat' dir='ltr'><strong>cobonestare.</strong></span> <span class='ocrx_word' id='word_1_305' title='bbox 3252 1210 3365 1281; x_wconf 82' lang='lat' dir='ltr'><strong>Ego</strong></span> 
     </span>
    </p>
   </div>
   <div class='ocr_carea' id='block_1_43' title="bbox 1808 1306 3363 1375">
    <p class='ocr_par' dir='ltr' id='par_1_43' title="bbox 1808 1306 3363 1375">
     <span class='ocr_line' id='line_1_43' title="bbox 1808 1306 3363 1375; baseline 0.003 -20"><span class='ocrx_word' id='word_1_306' title='bbox 1808 1318 1937 1359; x_wconf 87' lang='lat' dir='ltr'><strong>vero</strong></span> <span class='ocrx_word' id='word_1_307' title='bbox 1967 1320 2034 1357; x_wconf 91' lang='lat' dir='ltr'><strong>an</strong></span> <span class='ocrx_word' id='word_1_308' title='bbox 2067 1306 2363 1374; x_wconf 91' lang='lat' dir='ltr'><strong>ingenitum</strong></span> <span class='ocrx_word' id='word_1_309' title='bbox 2401 1307 2670 1375; x_wconf 81' lang='lat' dir='ltr'><strong>possimus</strong></span> <span class='ocrx_word' id='word_1_310' title='bbox 2702 1314 2881 1361; x_wconf 89' lang='lat' dir='ltr'><strong>mente</strong></span> <span class='ocrx_word' id='word_1_311' title='bbox 2907 1306 3141 1374; x_wconf 81' lang='lat' dir='ltr'><strong>assequi;</strong></span> <span class='ocrx_word' id='word_1_312' title='bbox 3172 1320 3363 1368; x_wconf 87' lang='lat' dir='ltr'><strong>necne,</strong></span> 
     </span>
    </p>
   </div>
   <div class='ocr_carea' id='block_1_44' title="bbox 1808 1394 3369 1466">
    <p class='ocr_par' dir='ltr' id='par_1_44' title="bbox 1808 1394 3369 1466">
     <span class='ocr_line' id='line_1_44' title="bbox 1808 1394 3369 1466; baseline 0.001 -17"><span class='ocrx_word' id='word_1_313' title='bbox 1808 1410 1911 1450; x_wconf 88' lang='lat' dir='ltr'><strong>non</strong></span> <span class='ocrx_word' id='word_1_314' title='bbox 1939 1396 2087 1465; x_wconf 88' lang='lat' dir='ltr'><strong>prius</strong></span> <span class='ocrx_word' id='word_1_315' title='bbox 2121 1394 2346 1461; x_wconf 79' lang='lat' dir='ltr'><strong>aﬂirmo,</strong></span> <span class='ocrx_word' id='word_1_316' title='bbox 2366 1410 2524 1464; x_wconf 83' lang='lat' dir='ltr'><strong>quam</strong></span> <span class='ocrx_word' id='word_1_317' title='bbox 2552 1398 2617 1450; x_wconf 90' lang='lat' dir='ltr'><strong>ab</strong></span> <span class='ocrx_word' id='word_1_318' title='bbox 2644 1397 2755 1465; x_wconf 85' lang='lat' dir='ltr'><strong>ipsa</strong></span> <span class='ocrx_word' id='word_1_319' title='bbox 2776 1395 2999 1451; x_wconf 80' lang='lat' dir='ltr'><strong>rationis</strong></span> <span class='ocrx_word' id='word_1_320' title='bbox 3027 1397 3369 1466; x_wconf 75' lang='lat' dir='ltr'><strong>indagatimze</strong></span> 
     </span>
    </p>
   </div>
   <div class='ocr_carea' id='block_1_45' title="bbox 1808 1488 2116 1542">
    <p class='ocr_par' dir='ltr' id='par_1_45' title="bbox 1808 1488 2116 1542">
     <span class='ocr_line' id='line_1_45' title="bbox 1808 1488 2116 1542; baseline -0.003 0"><span class='ocrx_word' id='word_1_321' title='bbox 1808 1488 2116 1542; x_wconf 71' lang='lat' dir='ltr'><strong>doceamur.</strong></span> 
     </span>
    </p>
   </div>
   <div class='ocr_carea' id='block_1_46' title="bbox 1879 1598 3371 1670">
    <p class='ocr_par' dir='ltr' id='par_1_46' title="bbox 1879 1598 3371 1670">
     <span class='ocr_line' id='line_1_46' title="bbox 1879 1598 3371 1670; baseline 0.001 -17"><span class='ocrx_word' id='word_1_322' title='bbox 1879 1599 1932 1653; x_wconf 90' lang='lat'><strong>6.</strong></span> <span class='ocrx_word' id='word_1_323' title='bbox 1964 1598 2065 1653; x_wconf 86' lang='lat' dir='ltr'><strong>Sed</strong></span> <span class='ocrx_word' id='word_1_324' title='bbox 2086 1600 2340 1670; x_wconf 81' lang='lat' dir='ltr'><strong>quidnam</strong></span> <span class='ocrx_word' id='word_1_325' title='bbox 2361 1598 2429 1654; x_wconf 88' lang='lat' dir='ltr'><strong>sit</strong></span> <span class='ocrx_word' id='word_1_326' title='bbox 2454 1599 2726 1669; x_wconf 83' lang='lat' dir='ltr'><strong>perceptio</strong></span> <span class='ocrx_word' id='word_1_327' title='bbox 2750 1601 2871 1665; x_wconf 88' lang='lat' dir='ltr'><strong>ista,</strong></span> <span class='ocrx_word' id='word_1_328' title='bbox 2893 1599 3117 1654; x_wconf 87' lang='lat' dir='ltr'><strong>libenter</strong></span> <span class='ocrx_word' id='word_1_329' title='bbox 3144 1614 3265 1652; x_wconf 78' lang='lat' dir='ltr'><strong>eum</strong></span> <span class='ocrx_word' id='word_1_330' title='bbox 3286 1602 3371 1656; x_wconf 88' lang='lat' dir='ltr'><strong>in-</strong></span> 
     </span>
    </p>
   </div>
   <div class='ocr_carea' id='block_1_47' title="bbox 1811 1692 3371 1762">
    <p class='ocr_par' dir='ltr' id='par_1_47' title="bbox 1811 1692 3371 1762">
     <span class='ocr_line' id='line_1_47' title="bbox 1811 1692 3371 1762; baseline 0 -16"><span class='ocrx_word' id='word_1_331' title='bbox 1811 1694 2195 1762; x_wconf 85' lang='lat' dir='ltr'><strong>terrogaverim</strong></span> <span class='ocrx_word' id='word_1_332' title='bbox 2228 1712 2241 1747; x_wconf 91' lang='lat'><strong>:</strong></span> <span class='ocrx_word' id='word_1_333' title='bbox 2279 1703 2455 1747; x_wconf 90' lang='lat' dir='ltr'><strong>utrum</strong></span> <span class='ocrx_word' id='word_1_334' title='bbox 2482 1692 2583 1747; x_wconf 85' lang='lat' dir='ltr'><strong>hoc</strong></span> <span class='ocrx_word' id='word_1_335' title='bbox 2612 1693 2843 1747; x_wconf 89' lang='lat' dir='ltr'><strong>nominis</strong></span> <span class='ocrx_word' id='word_1_336' title='bbox 2885 1693 3011 1747; x_wconf 87' lang='lat' dir='ltr'><strong>nihil</strong></span> <span class='ocrx_word' id='word_1_337' title='bbox 3050 1693 3270 1748; x_wconf 91' lang='lat' dir='ltr'><strong>omnino</strong></span> <span class='ocrx_word' id='word_1_338' title='bbox 3295 1692 3371 1746; x_wconf 84' lang='lat' dir='ltr'><strong>si-</strong></span> 
     </span>
    </p>
   </div>
   <div class='ocr_carea' id='block_1_48' title="bbox 1810 1777 3369 1852">
    <p class='ocr_par' dir='ltr' id='par_1_48' title="bbox 1810 1777 3369 1852">
     <span class='ocr_line' id='line_1_48' title="bbox 1810 1777 3369 1852; baseline -0.003 -17"><span class='ocrx_word' id='word_1_339' title='bbox 1810 1782 2049 1851; x_wconf 78' lang='lat' dir='ltr'><strong>gniticet,</strong></span> <span class='ocrx_word' id='word_1_340' title='bbox 2076 1791 2130 1836; x_wconf 90' lang='lat' dir='ltr'><strong>et</strong></span> <span class='ocrx_word' id='word_1_341' title='bbox 2157 1797 2321 1837; x_wconf 89' lang='lat' dir='ltr'><strong>sonus</strong></span> <span class='ocrx_word' id='word_1_342' title='bbox 2338 1783 2407 1836; x_wconf 87' lang='lat' dir='ltr'><strong>sit</strong></span> <span class='ocrx_word' id='word_1_343' title='bbox 2424 1781 2513 1852; x_wconf 91' lang='lat' dir='ltr'><strong>qui</strong></span> <span class='ocrx_word' id='word_1_344' title='bbox 2534 1791 2738 1836; x_wconf 88' lang='lat' dir='ltr'><strong>temere</strong></span> <span class='ocrx_word' id='word_1_345' title='bbox 2759 1796 2822 1834; x_wconf 82' lang='lat' dir='ltr'><strong>ex</strong></span> <span class='ocrx_word' id='word_1_346' title='bbox 2841 1793 2935 1834; x_wconf 84' lang='lat' dir='ltr'><strong>ore</strong></span> <span class='ocrx_word' id='word_1_347' title='bbox 2953 1777 3369 1849; x_wconf 64' lang='lat' dir='ltr'><strong>excidat‘ial&#39;]</strong></span> 
     </span>
    </p>
   </div>
   <div class='ocr_carea' id='block_1_49' title="bbox 1810 1871 3370 1943">
    <p class='ocr_par' dir='ltr' id='par_1_49' title="bbox 1810 1871 3370 1943">
     <span class='ocr_line' id='line_1_49' title="bbox 1810 1871 3370 1943; baseline -0.001 -16"><span class='ocrx_word' id='word_1_348' title='bbox 1810 1879 1876 1927; x_wconf 81' lang='lat' dir='ltr'><strong>At</strong></span> <span class='ocrx_word' id='word_1_349' title='bbox 1892 1888 1978 1929; x_wconf 90' lang='lat' dir='ltr'><strong>res</strong></span> <span class='ocrx_word' id='word_1_350' title='bbox 1990 1873 2287 1943; x_wconf 74' lang='lat' dir='ltr'><strong>huiusmodi</strong></span> <span class='ocrx_word' id='word_1_351' title='bbox 2311 1888 2413 1926; x_wconf 88' lang='lat' dir='ltr'><strong>non</strong></span> <span class='ocrx_word' id='word_1_352' title='bbox 2440 1874 2735 1942; x_wconf 89' lang='lat' dir='ltr'><strong>perceptio,</strong></span> <span class='ocrx_word' id='word_1_353' title='bbox 2751 1871 2841 1926; x_wconf 89' lang='lat' dir='ltr'><strong>sed</strong></span> <span class='ocrx_word' id='word_1_354' title='bbox 2855 1872 3031 1941; x_wconf 90' lang='lat' dir='ltr'><strong>potius</strong></span> <span class='ocrx_word' id='word_1_355' title='bbox 3052 1872 3282 1926; x_wconf 80' lang='lat' dir='ltr'><strong>amentia</strong></span> <span class='ocrx_word' id='word_1_356' title='bbox 3304 1885 3370 1926; x_wconf 87' lang='lat' dir='ltr'><strong>ac</strong></span> 
     </span>
    </p>
   </div>
   <div class='ocr_carea' id='block_1_50' title="bbox 1812 1963 3373 2036">
    <p class='ocr_par' dir='ltr' id='par_1_50' title="bbox 1812 1963 3373 2036">
     <span class='ocr_line' id='line_1_50' title="bbox 1812 1963 3373 2036; baseline -0.002 -16"><span class='ocrx_word' id='word_1_357' title='bbox 1812 1966 2093 2035; x_wconf 77' lang='lat' dir='ltr'><strong>nugacitas</strong></span> <span class='ocrx_word' id='word_1_358' title='bbox 2128 1966 2388 2036; x_wconf 81' lang='lat' dir='ltr'><strong>appellari</strong></span> <span class='ocrx_word' id='word_1_359' title='bbox 2432 1973 2631 2034; x_wconf 84' lang='lat' dir='ltr'><strong>potest.</strong></span> <span class='ocrx_word' id='word_1_360' title='bbox 2675 1963 2827 2030; x_wconf 84' lang='lat' dir='ltr'><strong>Quod</strong></span> <span class='ocrx_word' id='word_1_361' title='bbox 2861 1966 2904 2019; x_wconf 90' lang='lat' dir='ltr'><strong>si</strong></span> <span class='ocrx_word' id='word_1_362' title='bbox 2946 1964 3272 2019; x_wconf 83' lang='lat' dir='ltr'><strong>concesserit</strong></span> <span class='ocrx_word' id='word_1_363' title='bbox 3297 1965 3373 2017; x_wconf 87' lang='lat' dir='ltr'><strong>si-</strong></span> 
     </span>
    </p>
   </div>
   <div class='ocr_carea' id='block_1_51' title="bbox 1812 2053 3372 2127">
    <p class='ocr_par' dir='ltr' id='par_1_51' title="bbox 1812 2053 3372 2127">
     <span class='ocr_line' id='line_1_51' title="bbox 1812 2053 3372 2127; baseline 0 -17"><span class='ocrx_word' id='word_1_364' title='bbox 1812 2057 2063 2127; x_wconf 77' lang='lat' dir='ltr'><strong>gnificari</strong></span> <span class='ocrx_word' id='word_1_365' title='bbox 2114 2058 2331 2126; x_wconf 90' lang='lat' dir='ltr'><strong>quidem</strong></span> <span class='ocrx_word' id='word_1_366' title='bbox 2385 2055 2587 2125; x_wconf 85' lang='lat' dir='ltr'><strong>aliquid</strong></span> <span class='ocrx_word' id='word_1_367' title='bbox 2635 2055 2999 2125; x_wconf 83' lang='lat' dir='ltr'><strong>perceptione,</strong></span> <span class='ocrx_word' id='word_1_368' title='bbox 3052 2055 3143 2109; x_wconf 88' lang='lat' dir='ltr'><strong>sed</strong></span> <span class='ocrx_word' id='word_1_369' title='bbox 3182 2053 3372 2109; x_wconf 78' lang='lat' dir='ltr'><strong>falsum</strong></span> 
     </span>
    </p>
   </div>
   <div class='ocr_carea' id='block_1_52' title="bbox 1811 2145 3373 2216">
    <p class='ocr_par' dir='ltr' id='par_1_52' title="bbox 1811 2145 3373 2216">
     <span class='ocr_line' id='line_1_52' title="bbox 1811 2145 3373 2216; baseline 0 -17"><span class='ocrx_word' id='word_1_370' title='bbox 1811 2147 2064 2216; x_wconf 88' lang='lat' dir='ltr'><strong>quiddam</strong></span> <span class='ocrx_word' id='word_1_371' title='bbox 2113 2148 2355 2208; x_wconf 85' lang='lat' dir='ltr'><strong>omnino.</strong></span> <span class='ocrx_word' id='word_1_372' title='bbox 2418 2156 2474 2201; x_wconf 89' lang='lat' dir='ltr'><strong>et</strong></span> <span class='ocrx_word' id='word_1_373' title='bbox 2534 2147 2679 2215; x_wconf 90' lang='lat' dir='ltr'><strong>quod</strong></span> <span class='ocrx_word' id='word_1_374' title='bbox 2723 2160 2913 2202; x_wconf 82' lang='lat' dir='ltr'><strong>revera</strong></span> <span class='ocrx_word' id='word_1_375' title='bbox 2961 2160 3065 2201; x_wconf 94' lang='lat' dir='ltr'><strong>non</strong></span> <span class='ocrx_word' id='word_1_376' title='bbox 3112 2145 3373 2212; x_wconf 78' lang='lat' dir='ltr'><strong>exsistat,</strong></span> 
     </span>
    </p>
   </div>
   <div class='ocr_carea' id='block_1_53' title="bbox 1812 2237 3378 2306">
    <p class='ocr_par' dir='ltr' id='par_1_53' title="bbox 1812 2237 3378 2306">
     <span class='ocr_line' id='line_1_53' title="bbox 1812 2237 3378 2306; baseline 0.003 -17"><span class='ocrx_word' id='word_1_377' title='bbox 1812 2238 2261 2306; x_wconf 86' lang='lat' dir='ltr'><strong>quemadmodum</strong></span> <span class='ocrx_word' id='word_1_378' title='bbox 2294 2238 2347 2291; x_wconf 88' lang='lat' dir='ltr'><strong>in</strong></span> <span class='ocrx_word' id='word_1_379' title='bbox 2373 2237 2671 2291; x_wconf 76' lang='lat' dir='ltr'><strong>fabularum</strong></span> <span class='ocrx_word' id='word_1_380' title='bbox 2698 2239 3017 2294; x_wconf 85' lang='lat' dir='ltr'><strong>commentis</strong></span> <span class='ocrx_word' id='word_1_381' title='bbox 3042 2238 3282 2293; x_wconf 83' lang='lat' dir='ltr'><strong>centauri</strong></span> <span class='ocrx_word' id='word_1_382' title='bbox 3314 2252 3378 2294; x_wconf 86' lang='lat' dir='ltr'><strong>ac</strong></span> 
     </span>
    </p>
   </div>
   <div class='ocr_carea' id='block_1_54' title="bbox 1813 2328 3377 2399">
    <p class='ocr_par' dir='ltr' id='par_1_54' title="bbox 1813 2328 3377 2399">
     <span class='ocr_line' id='line_1_54' title="bbox 1813 2328 3377 2399; baseline 0.001 -16"><span class='ocrx_word' id='word_1_383' title='bbox 1813 2329 2080 2383; x_wconf 76' lang='lat' dir='ltr'><strong>chimtera:</strong></span> <span class='ocrx_word' id='word_1_384' title='bbox 2107 2328 2489 2399; x_wconf 77' lang='lat' dir='ltr'><strong>continguntur</strong></span> <span class='ocrx_word' id='word_1_385' title='bbox 2517 2348 2529 2383; x_wconf 88' lang='lat'><strong>:</strong></span> <span class='ocrx_word' id='word_1_386' title='bbox 2566 2331 2836 2398; x_wconf 91' lang='lat' dir='ltr'><strong>quomodo</strong></span> <span class='ocrx_word' id='word_1_387' title='bbox 2865 2328 3055 2382; x_wconf 77' lang='lat' dir='ltr'><strong>falsum</strong></span> <span class='ocrx_word' id='word_1_388' title='bbox 3089 2329 3214 2384; x_wconf 91' lang='lat' dir='ltr'><strong>illud</strong></span> <span class='ocrx_word' id='word_1_389' title='bbox 3235 2328 3377 2399; x_wconf 85' lang='lat' dir='ltr'><strong>quod</strong></span> 
     </span>
    </p>
   </div>
   <div class='ocr_carea' id='block_1_55' title="bbox 1814 2420 3373 2491">
    <p class='ocr_par' dir='ltr' id='par_1_55' title="bbox 1814 2420 3373 2491">
     <span class='ocr_line' id='line_1_55' title="bbox 1814 2420 3373 2491; baseline -0.001 -15"><span class='ocrx_word' id='word_1_390' title='bbox 1814 2421 2179 2491; x_wconf 77' lang='lat' dir='ltr'><strong>signiﬁcatum</strong></span> <span class='ocrx_word' id='word_1_391' title='bbox 2206 2434 2310 2486; x_wconf 87' lang='lat' dir='ltr'><strong>est,</strong></span> <span class='ocrx_word' id='word_1_392' title='bbox 2349 2437 2451 2475; x_wconf 88' lang='lat' dir='ltr'><strong>una</strong></span> <span class='ocrx_word' id='word_1_393' title='bbox 2487 2437 2608 2476; x_wconf 92' lang='lat' dir='ltr'><strong>cum</strong></span> <span class='ocrx_word' id='word_1_394' title='bbox 2643 2422 2833 2491; x_wconf 66' lang='lat' dir='ltr'><strong>linguae</strong></span> <span class='ocrx_word' id='word_1_395' title='bbox 2864 2435 2996 2475; x_wconf 87' lang='lat' dir='ltr'><strong>sono</strong></span> <span class='ocrx_word' id='word_1_396' title='bbox 3029 2420 3232 2484; x_wconf 90' lang='lat' dir='ltr'><strong>interit,</strong></span> <span class='ocrx_word' id='word_1_397' title='bbox 3252 2435 3373 2475; x_wconf 64' lang='lat' dir='ltr'><strong>eum</strong></span> 
     </span>
    </p>
   </div>
   <div class='ocr_carea' id='block_1_56' title="bbox 1816 2508 3379 2577">
    <p class='ocr_par' dir='ltr' id='par_1_56' title="bbox 1816 2508 3379 2577">
     <span class='ocr_line' id='line_1_56' title="bbox 1816 2508 3379 2577; baseline -0.003 -12"><span class='ocrx_word' id='word_1_398' title='bbox 1816 2512 1917 2565; x_wconf 83' lang='lat' dir='ltr'><strong>etsi</strong></span> <span class='ocrx_word' id='word_1_399' title='bbox 1950 2527 2051 2565; x_wconf 75' lang='lat' dir='ltr'><strong>vos</strong></span> <span class='ocrx_word' id='word_1_400' title='bbox 2088 2512 2310 2566; x_wconf 91' lang='lat' dir='ltr'><strong>omnino</strong></span> <span class='ocrx_word' id='word_1_401' title='bbox 2343 2512 2391 2564; x_wconf 88' lang='lat' dir='ltr'><strong>in</strong></span> <span class='ocrx_word' id='word_1_402' title='bbox 2436 2525 2614 2564; x_wconf 81' lang='lat' dir='ltr'><strong>aerem</strong></span> <span class='ocrx_word' id='word_1_403' title='bbox 2659 2508 2995 2575; x_wconf 80' lang='lat' dir='ltr'><strong>diﬂ‘unditur,</strong></span> <span class='ocrx_word' id='word_1_404' title='bbox 3027 2518 3204 2563; x_wconf 90' lang='lat' dir='ltr'><strong>tamen</strong></span> <span class='ocrx_word' id='word_1_405' title='bbox 3230 2508 3379 2577; x_wconf 79' lang='lat' dir='ltr'><strong>cogi-</strong></span> 
     </span>
    </p>
   </div>
   <div class='ocr_carea' id='block_1_57' title="bbox 1820 2600 3378 2671">
    <p class='ocr_par' dir='ltr' id='par_1_57' title="bbox 1820 2600 3378 2671">
     <span class='ocr_line' id='line_1_57' title="bbox 1820 2600 3378 2671; baseline -0.001 -13"><span class='ocrx_word' id='word_1_406' title='bbox 1820 2606 2055 2660; x_wconf 85' lang='lat' dir='ltr'><strong>tationes</strong></span> <span class='ocrx_word' id='word_1_407' title='bbox 2098 2604 2244 2659; x_wconf 70' lang='lat' dir='ltr'><strong>falsa:</strong></span> <span class='ocrx_word' id='word_1_408' title='bbox 2297 2614 2615 2659; x_wconf 86' lang='lat' dir='ltr'><strong>remaneant</strong></span> <span class='ocrx_word' id='word_1_409' title='bbox 2661 2603 2714 2659; x_wconf 92' lang='lat' dir='ltr'><strong>in</strong></span> <span class='ocrx_word' id='word_1_410' title='bbox 2764 2603 2983 2656; x_wconf 79' lang='lat' dir='ltr'><strong>animo?</strong></span> <span class='ocrx_word' id='word_1_411' title='bbox 3020 2600 3198 2671; x_wconf 75' lang='lat' dir='ltr'><strong>Neque</strong></span> <span class='ocrx_word' id='word_1_412' title='bbox 3236 2603 3378 2657; x_wconf 69' lang='lat' dir='ltr'><strong>enim</strong></span> 
     </span>
    </p>
   </div>
   <div class='ocr_carea' id='block_1_58' title="bbox 1816 2693 3383 2764">
    <p class='ocr_par' dir='ltr' id='par_1_58' title="bbox 1816 2693 3383 2764">
     <span class='ocr_line' id='line_1_58' title="bbox 1816 2693 3383 2764; baseline -0.001 -14"><span class='ocrx_word' id='word_1_413' title='bbox 1816 2697 1993 2750; x_wconf 89' lang='lat' dir='ltr'><strong>anima</strong></span> <span class='ocrx_word' id='word_1_414' title='bbox 2034 2712 2153 2764; x_wconf 73' lang='lat' dir='ltr'><strong>quae</strong></span> <span class='ocrx_word' id='word_1_415' title='bbox 2176 2695 2327 2751; x_wconf 82' lang='lat' dir='ltr'><strong>falsis</strong></span> <span class='ocrx_word' id='word_1_416' title='bbox 2364 2710 2592 2764; x_wconf 87' lang='lat' dir='ltr'><strong>prorsus</strong></span> <span class='ocrx_word' id='word_1_417' title='bbox 2621 2708 2686 2748; x_wconf 88' lang='lat' dir='ltr'><strong>ac</strong></span> <span class='ocrx_word' id='word_1_418' title='bbox 2718 2695 2871 2749; x_wconf 90' lang='lat' dir='ltr'><strong>vanis</strong></span> <span class='ocrx_word' id='word_1_419' title='bbox 2921 2693 3243 2747; x_wconf 87' lang='lat' dir='ltr'><strong>commentis</strong></span> <span class='ocrx_word' id='word_1_420' title='bbox 3268 2693 3383 2748; x_wconf 81' lang='lat' dir='ltr'><strong>sive</strong></span> 
     </span>
    </p>
   </div>
   <div class='ocr_carea' id='block_1_59' title="bbox 1819 2784 3385 2853">
    <p class='ocr_par' dir='ltr' id='par_1_59' title="bbox 1819 2784 3385 2853">
     <span class='ocr_line' id='line_1_59' title="bbox 1819 2784 3385 2853; baseline -0.005 -10"><span class='ocrx_word' id='word_1_421' title='bbox 1819 2790 1871 2843; x_wconf 89' lang='lat' dir='ltr'><strong>in</strong></span> <span class='ocrx_word' id='word_1_422' title='bbox 1897 2791 2234 2844; x_wconf 87' lang='lat' dir='ltr'><strong>somniorum</strong></span> <span class='ocrx_word' id='word_1_423' title='bbox 2272 2789 2423 2853; x_wconf 80' lang='lat' dir='ltr'><strong>visis,</strong></span> <span class='ocrx_word' id='word_1_424' title='bbox 2458 2789 2571 2842; x_wconf 90' lang='lat' dir='ltr'><strong>sive</strong></span> <span class='ocrx_word' id='word_1_425' title='bbox 2602 2787 2739 2841; x_wconf 88' lang='lat' dir='ltr'><strong>alias</strong></span> <span class='ocrx_word' id='word_1_426' title='bbox 2784 2787 2834 2840; x_wconf 91' lang='lat' dir='ltr'><strong>in</strong></span> <span class='ocrx_word' id='word_1_427' title='bbox 2881 2786 3032 2841; x_wconf 87' lang='lat' dir='ltr'><strong>vanis</strong></span> <span class='ocrx_word' id='word_1_428' title='bbox 3072 2784 3235 2839; x_wconf 82' lang='lat' dir='ltr'><strong>animi</strong></span> <span class='ocrx_word' id='word_1_429' title='bbox 3268 2798 3385 2837; x_wconf 74' lang='lat' dir='ltr'><strong>mo-</strong></span> 
     </span>
    </p>
   </div>
   <div class='ocr_carea' id='block_1_60' title="bbox 1822 2873 3383 2951">
    <p class='ocr_par' dir='ltr' id='par_1_60' title="bbox 1822 2873 3383 2951">
     <span class='ocr_line' id='line_1_60' title="bbox 1822 2873 3383 2951; baseline -0.006 -15"><span class='ocrx_word' id='word_1_430' title='bbox 1822 2882 2059 2937; x_wconf 89' lang='lat' dir='ltr'><strong>tionibus</strong></span> <span class='ocrx_word' id='word_1_431' title='bbox 2092 2881 2347 2951; x_wconf 87' lang='lat' dir='ltr'><strong>repletur,</strong></span> <span class='ocrx_word' id='word_1_432' title='bbox 2382 2895 2503 2935; x_wconf 91' lang='lat' dir='ltr'><strong>cum</strong></span> <span class='ocrx_word' id='word_1_433' title='bbox 2539 2878 2705 2934; x_wconf 88' lang='lat' dir='ltr'><strong>semel</strong></span> <span class='ocrx_word' id='word_1_434' title='bbox 2734 2878 2849 2933; x_wconf 65' lang='lat' dir='ltr'><strong>haec</strong></span> <span class='ocrx_word' id='word_1_435' title='bbox 2890 2878 2942 2930; x_wconf 87' lang='lat' dir='ltr'><strong>in</strong></span> <span class='ocrx_word' id='word_1_436' title='bbox 2976 2877 3234 2931; x_wconf 86' lang='lat' dir='ltr'><strong>memoria</strong></span> <span class='ocrx_word' id='word_1_437' title='bbox 3258 2873 3383 2928; x_wconf 89' lang='lat' dir='ltr'><strong>reti-</strong></span> 
     </span>
    </p>
   </div>
   <div class='ocr_carea' id='block_1_61' title="bbox 1821 2965 3383 3037">
    <p class='ocr_par' dir='ltr' id='par_1_61' title="bbox 1821 2965 3383 3037">
     <span class='ocr_line' id='line_1_61' title="bbox 1821 2965 3383 3037; baseline -0.004 -11"><span class='ocrx_word' id='word_1_438' title='bbox 1821 2974 2018 3035; x_wconf 87' lang='lat' dir='ltr'><strong>nuerit,</strong></span> <span class='ocrx_word' id='word_1_439' title='bbox 2048 2980 2101 3024; x_wconf 92' lang='lat' dir='ltr'><strong>et</strong></span> <span class='ocrx_word' id='word_1_440' title='bbox 2130 2969 2322 3025; x_wconf 86' lang='lat' dir='ltr'><strong>deinde</strong></span> <span class='ocrx_word' id='word_1_441' title='bbox 2346 2984 2441 3037; x_wconf 89' lang='lat' dir='ltr'><strong>per</strong></span> <span class='ocrx_word' id='word_1_442' title='bbox 2491 2982 2675 3022; x_wconf 75' lang='lat' dir='ltr'><strong>vocem</strong></span> <span class='ocrx_word' id='word_1_443' title='bbox 2710 2966 2901 3022; x_wconf 78' lang='lat' dir='ltr'><strong>cﬂ‘erre</strong></span> <span class='ocrx_word' id='word_1_444' title='bbox 2935 2965 3181 3026; x_wconf 88' lang='lat' dir='ltr'><strong>voluerit.</strong></span> <span class='ocrx_word' id='word_1_445' title='bbox 3220 2966 3383 3019; x_wconf 84' lang='lat' dir='ltr'><strong>etiam</strong></span> 
     </span>
    </p>
   </div>
   <div class='ocr_carea' id='block_1_62' title="bbox 1822 3060 3381 3132">
    <p class='ocr_par' dir='ltr' id='par_1_62' title="bbox 1822 3060 3381 3132">
     <span class='ocr_line' id='line_1_62' title="bbox 1822 3060 3381 3132; baseline -0.002 -17"><span class='ocrx_word' id='word_1_446' title='bbox 1822 3079 1927 3116; x_wconf 78' lang='lat' dir='ltr'><strong>una</strong></span> <span class='ocrx_word' id='word_1_447' title='bbox 1957 3077 2076 3116; x_wconf 89' lang='lat' dir='ltr'><strong>cum</strong></span> <span class='ocrx_word' id='word_1_448' title='bbox 2130 3061 2341 3132; x_wconf 88' lang='lat' dir='ltr'><strong>prolato</strong></span> <span class='ocrx_word' id='word_1_449' title='bbox 2373 3074 2621 3115; x_wconf 87' lang='lat' dir='ltr'><strong>sermone</strong></span> <span class='ocrx_word' id='word_1_450' title='bbox 2663 3060 2921 3130; x_wconf 74' lang='lat' dir='ltr'><strong>imagines</strong></span> <span class='ocrx_word' id='word_1_451' title='bbox 2958 3073 3137 3113; x_wconf 82' lang='lat' dir='ltr'><strong>rerum</strong></span> <span class='ocrx_word' id='word_1_452' title='bbox 3184 3071 3381 3113; x_wconf 86' lang='lat' dir='ltr'><strong>evane-</strong></span> 
     </span>
    </p>
   </div>
   <div class='ocr_carea' id='block_1_63' title="bbox 1823 3150 3371 3209">
    <p class='ocr_par' dir='ltr' id='par_1_63' title="bbox 1823 3150 3371 3209">
     <span class='ocr_line' id='line_1_63' title="bbox 1823 3150 3371 3209; baseline -0.004 0"><span class='ocrx_word' id='word_1_453' title='bbox 1823 3164 1999 3209; x_wconf 87' lang='lat' dir='ltr'><strong>scunt.</strong></span> <span class='ocrx_word' id='word_1_454' title='bbox 2023 3154 2230 3208; x_wconf 86' lang='lat' dir='ltr'><strong>Etenim</strong></span> <span class='ocrx_word' id='word_1_455' title='bbox 2258 3154 2299 3207; x_wconf 91' lang='lat' dir='ltr'><strong>si</strong></span> <span class='ocrx_word' id='word_1_456' title='bbox 2323 3161 2512 3205; x_wconf 85' lang='lat' dir='ltr'><strong>natura</strong></span> <span class='ocrx_word' id='word_1_457' title='bbox 2534 3151 2649 3207; x_wconf 82' lang='lat' dir='ltr'><strong>falsi</strong></span> <span class='ocrx_word' id='word_1_458' title='bbox 2685 3150 2842 3205; x_wconf 88' lang='lat' dir='ltr'><strong>simul</strong></span> <span class='ocrx_word' id='word_1_459' title='bbox 2863 3165 2984 3205; x_wconf 93' lang='lat' dir='ltr'><strong>cum</strong></span> <span class='ocrx_word' id='word_1_460' title='bbox 3016 3151 3193 3206; x_wconf 83' lang='lat' dir='ltr'><strong>verbis</strong></span> <span class='ocrx_word' id='word_1_461' title='bbox 3215 3150 3371 3203; x_wconf 86' lang='lat' dir='ltr'><strong>inter-</strong></span> 
     </span>
    </p>
   </div>
   <div class='ocr_carea' id='block_1_64' title="bbox 138 3226 1722 3315">
    <p class='ocr_par' dir='ltr' id='par_1_64' title="bbox 138 3226 1720 3315">
     <span class='ocr_line' id='line_1_64' title="bbox 138 3226 1720 3315; baseline 0.011 -30"><span class='ocrx_word' id='word_1_462' title='bbox 138 3229 209 3304; x_wconf 81' lang='grc' dir='ltr'><strong>ῆν</strong></span> <span class='ocrx_word' id='word_1_463' title='bbox 238 3234 305 3287; x_wconf 75' lang='grc' dir='ltr'><strong>τὰ</strong></span> <span class='ocrx_word' id='word_1_464' title='bbox 336 3226 501 3307; x_wconf 81' lang='grc' dir='ltr'>ψευδῆ</span> <span class='ocrx_word' id='word_1_465' title='bbox 538 3236 734 3305; x_wconf 82' lang='grc' dir='ltr'>λέγειν,</span> <span class='ocrx_word' id='word_1_466' title='bbox 777 3241 933 3312; x_wconf 79' lang='grc' dir='ltr'>εἴπερ</span> <span class='ocrx_word' id='word_1_467' title='bbox 965 3245 996 3312; x_wconf 83' lang='grc' dir='ltr'>ὴ</span> <span class='ocrx_word' id='word_1_468' title='bbox 1033 3244 1191 3310; x_wconf 83' lang='grc' dir='ltr'>φύσις</span> <span class='ocrx_word' id='word_1_469' title='bbox 1219 3244 1312 3299; x_wconf 88' lang='grc' dir='ltr'><strong>τοῦ</strong></span> <span class='ocrx_word' id='word_1_470' title='bbox 1344 3246 1570 3315; x_wconf 74' lang='grc' dir='ltr'>ψεύδους</span> <span class='ocrx_word' id='word_1_471' title='bbox 1607 3251 1720 3313; x_wconf 86' lang='grc' dir='ltr'>τοῖς</span> 
     </span>
    </p>
   </div>
   <div class='ocr_carea' id='block_1_65' title="bbox 1824 3226 3382 3315">
    <p class='ocr_par' dir='ltr' id='par_1_65' title="bbox 1826 3239 3382 3314">
     <span class='ocr_line' id='line_1_65' title="bbox 1826 3239 3382 3314; baseline -0.001 -15"><span class='ocrx_word' id='word_1_472' title='bbox 1826 3248 1949 3311; x_wconf 87' lang='lat' dir='ltr'><strong>iret,</strong></span> <span class='ocrx_word' id='word_1_473' title='bbox 2007 3258 2185 3314; x_wconf 67' lang='lat' dir='ltr'><strong>Operae</strong></span> <span class='ocrx_word' id='word_1_474' title='bbox 2248 3243 2477 3312; x_wconf 86' lang='lat' dir='ltr'><strong>pretium</strong></span> <span class='ocrx_word' id='word_1_475' title='bbox 2523 3250 2667 3296; x_wconf 89' lang='lat' dir='ltr'><strong>esset</strong></span> <span class='ocrx_word' id='word_1_476' title='bbox 2721 3241 2850 3296; x_wconf 81' lang='lat' dir='ltr'><strong>falsa</strong></span> <span class='ocrx_word' id='word_1_477' title='bbox 2904 3242 3100 3296; x_wconf 90' lang='lat' dir='ltr'><strong>dicere.</strong></span> <span class='ocrx_word' id='word_1_478' title='bbox 3151 3239 3255 3295; x_wconf 85' lang='lat' dir='ltr'><strong>Sed</strong></span> <span class='ocrx_word' id='word_1_479' title='bbox 3287 3244 3382 3297; x_wconf 82' lang='lat' dir='ltr'><strong>hoc</strong></span> 
     </span>
    </p>
   </div>
   <div class='ocr_carea' id='block_1_66' title="bbox 142 3327 1722 3409">
    <p class='ocr_par' dir='ltr' id='par_1_66' title="bbox 142 3327 1721 3409">
     <span class='ocr_line' id='line_1_66' title="bbox 142 3327 1721 3409; baseline 0.01 -31"><span class='ocrx_word' id='word_1_480' title='bbox 142 3327 497 3397; x_wconf 80' lang='grc' dir='ltr'>λαλουμένοις</span> <span class='ocrx_word' id='word_1_481' title='bbox 531 3330 995 3403; x_wconf 76' lang='grc' dir='ltr'><strong>συνδιεφθείρετο⁹</strong></span> <span class='ocrx_word' id='word_1_482' title='bbox 1019 3334 1131 3387; x_wconf 79' lang='grc' dir='ltr'>ἀλλ’</span> <span class='ocrx_word' id='word_1_483' title='bbox 1151 3336 1250 3389; x_wconf 82' lang='grc' dir='ltr'><strong>οὐκ</strong></span> <span class='ocrx_word' id='word_1_484' title='bbox 1274 3338 1394 3407; x_wconf 79' lang='grc' dir='ltr'>ἔχον</span> <span class='ocrx_word' id='word_1_485' title='bbox 1419 3340 1532 3391; x_wconf 74' lang='grc' dir='ltr'>ἐστὶ</span> <span class='ocrx_word' id='word_1_486' title='bbox 1561 3340 1721 3409; x_wconf 87' lang='grc' dir='ltr'>φύσιν</span> 
     </span>
    </p>
   </div>
   <div class='ocr_carea' id='block_1_67' title="bbox 1824 3327 3391 3409">
    <p class='ocr_par' dir='ltr' id='par_1_67' title="bbox 1826 3331 3391 3403">
     <span class='ocr_line' id='line_1_67' title="bbox 1826 3331 3391 3403; baseline -0.003 -12"><span class='ocrx_word' id='word_1_487' title='bbox 1826 3345 1973 3392; x_wconf 90' lang='lat' dir='ltr'><strong>certe</strong></span> <span class='ocrx_word' id='word_1_488' title='bbox 2000 3345 2246 3391; x_wconf 81' lang='lat' dir='ltr'><strong>naturam</strong></span> <span class='ocrx_word' id='word_1_489' title='bbox 2267 3350 2372 3389; x_wconf 91' lang='lat' dir='ltr'><strong>non</strong></span> <span class='ocrx_word' id='word_1_490' title='bbox 2397 3334 2575 3389; x_wconf 84' lang='lat' dir='ltr'><strong>habet.</strong></span> <span class='ocrx_word' id='word_1_491' title='bbox 2601 3332 3002 3403; x_wconf 78' lang='lat' dir='ltr'><strong>Reliquumjam</strong></span> <span class='ocrx_word' id='word_1_492' title='bbox 3024 3331 3185 3387; x_wconf 79' lang='lat' dir='ltr'><strong>fuerit</strong></span> <span class='ocrx_word' id='word_1_493' title='bbox 3206 3344 3391 3388; x_wconf 83' lang='lat' dir='ltr'><strong>osten-</strong></span> 
     </span>
    </p>
   </div>
   <div class='ocr_carea' id='block_1_68' title="bbox 142 3421 1722 3500">
    <p class='ocr_par' dir='ltr' id='par_1_68' title="bbox 142 3421 1722 3500">
     <span class='ocr_line' id='line_1_68' title="bbox 142 3421 1722 3500; baseline 0.007 -26"><span class='ocrx_word' id='word_1_494' title='bbox 142 3421 307 3475; x_wconf 87' lang='grc' dir='ltr'>τοῦτό</span> <span class='ocrx_word' id='word_1_495' title='bbox 341 3438 404 3491; x_wconf 92' lang='grc' dir='ltr'><strong>γε</strong></span> <span class='ocrx_word' id='word_1_496' title='bbox 450 3422 581 3492; x_wconf 73' lang='grc'><strong>(29).</strong></span> <span class='ocrx_word' id='word_1_497' title='bbox 630 3424 947 3479; x_wconf 84' lang='grc' dir='ltr'>’Υπόλοιπον</span> <span class='ocrx_word' id='word_1_498' title='bbox 976 3426 1020 3479; x_wconf 90' lang='grc' dir='ltr'>δ’</span> <span class='ocrx_word' id='word_1_499' title='bbox 1053 3426 1118 3481; x_wconf 81' lang='grc' dir='ltr'><strong>ἂν</strong></span> <span class='ocrx_word' id='word_1_500' title='bbox 1150 3430 1231 3500; x_wconf 73' lang='grc' dir='ltr'>εἴη</span> <span class='ocrx_word' id='word_1_501' title='bbox 1276 3429 1569 3494; x_wconf 87' lang='grc' dir='ltr'>δεικνύναι,</span> <span class='ocrx_word' id='word_1_502' title='bbox 1606 3433 1722 3496; x_wconf 90' lang='grc' dir='ltr'><strong>πῶς</strong></span> 
     </span>
    </p>
   </div>
   <div class='ocr_carea' id='block_1_69' title="bbox 1824 3421 3390 3500">
    <p class='ocr_par' dir='ltr' id='par_1_69' title="bbox 1827 3425 3390 3496">
     <span class='ocr_line' id='line_1_69' title="bbox 1827 3425 3390 3496; baseline -0.003 -13"><span class='ocrx_word' id='word_1_503' title='bbox 1827 3428 1977 3492; x_wconf 90' lang='lat' dir='ltr'><strong>dere,</strong></span> <span class='ocrx_word' id='word_1_504' title='bbox 2025 3428 2295 3496; x_wconf 89' lang='lat' dir='ltr'><strong>quomodo</strong></span> <span class='ocrx_word' id='word_1_505' title='bbox 2338 3436 2391 3481; x_wconf 90' lang='lat' dir='ltr'><strong>et</strong></span> <span class='ocrx_word' id='word_1_506' title='bbox 2430 3427 2625 3496; x_wconf 87' lang='lat' dir='ltr'><strong>quibus</strong></span> <span class='ocrx_word' id='word_1_507' title='bbox 2663 3427 2714 3479; x_wconf 90' lang='lat' dir='ltr'><strong>in</strong></span> <span class='ocrx_word' id='word_1_508' title='bbox 2755 3426 2914 3480; x_wconf 82' lang='lat' dir='ltr'><strong>rebus</strong></span> <span class='ocrx_word' id='word_1_509' title='bbox 2946 3425 3281 3480; x_wconf 90' lang='lat' dir='ltr'><strong>consuetudo</strong></span> <span class='ocrx_word' id='word_1_510' title='bbox 3307 3426 3390 3479; x_wconf 90' lang='lat' dir='ltr'><strong>di-</strong></span> 
     </span>
    </p>
   </div>
   <div class='ocr_carea' id='block_1_70' title="bbox 150 3513 1727 3595">
    <p class='ocr_par' dir='ltr' id='par_1_70' title="bbox 150 3513 1727 3595">
     <span class='ocr_line' id='line_1_70' title="bbox 150 3513 1727 3595; baseline 0.008 -31"><span class='ocrx_word' id='word_1_511' title='bbox 150 3513 255 3582; x_wconf 82' lang='grc' dir='ltr'>μὲν</span> <span class='ocrx_word' id='word_1_512' title='bbox 288 3514 321 3585; x_wconf 80' lang='grc' dir='ltr'>ἠ</span> <span class='ocrx_word' id='word_1_513' title='bbox 372 3514 646 3585; x_wconf 83' lang='grc' dir='ltr'>συνήθεια,</span> <span class='ocrx_word' id='word_1_514' title='bbox 682 3517 776 3569; x_wconf 74' lang='grc' dir='ltr'>καὶ</span> <span class='ocrx_word' id='word_1_515' title='bbox 816 3518 907 3571; x_wconf 74' lang='grc' dir='ltr'><strong>ἐπὶ</strong></span> <span class='ocrx_word' id='word_1_516' title='bbox 934 3518 1102 3572; x_wconf 89' lang='grc' dir='ltr'>ποίων</span> <span class='ocrx_word' id='word_1_517' title='bbox 1132 3521 1471 3593; x_wconf 84' lang='grc' dir='ltr'>πραγμάτων</span> <span class='ocrx_word' id='word_1_518' title='bbox 1504 3526 1569 3595; x_wconf 76' lang='grc' dir='ltr'>τῇ</span> <span class='ocrx_word' id='word_1_519' title='bbox 1602 3522 1727 3576; x_wconf 79' lang='grc' dir='ltr'>ἐπι-</span> 
     </span>
    </p>
   </div>
   <div class='ocr_carea' id='block_1_71' title="bbox 146 3606 1727 3688">
    <p class='ocr_par' dir='ltr' id='par_1_71' title="bbox 146 3606 1727 3688">
     <span class='ocr_line' id='line_1_71' title="bbox 146 3606 1727 3688; baseline 0.009 -32"><span class='ocrx_word' id='word_1_520' title='bbox 146 3606 290 3673; x_wconf 73' lang='grc' dir='ltr'>νοίᾳ</span> <span class='ocrx_word' id='word_1_521' title='bbox 324 3608 554 3678; x_wconf 81' lang='grc' dir='ltr'>χρῆται·</span> <span class='ocrx_word' id='word_1_522' title='bbox 590 3608 706 3673; x_wconf 87' lang='grc' dir='ltr'><strong>πῶς</strong></span> <span class='ocrx_word' id='word_1_523' title='bbox 730 3609 785 3662; x_wconf 85' lang='grc' dir='ltr'>δὲ</span> <span class='ocrx_word' id='word_1_524' title='bbox 814 3611 878 3665; x_wconf 86' lang='grc' dir='ltr'>τὰ</span> <span class='ocrx_word' id='word_1_525' title='bbox 902 3611 1018 3666; x_wconf 84' lang='grc' dir='ltr'>Θεῖα</span> <span class='ocrx_word' id='word_1_526' title='bbox 1046 3613 1201 3688; x_wconf 84' lang='grc' dir='ltr'>λόγια</span> <span class='ocrx_word' id='word_1_527' title='bbox 1231 3614 1326 3686; x_wconf 72' lang='grc' dir='ltr'>τὴν</span> <span class='ocrx_word' id='word_1_528' title='bbox 1343 3617 1534 3687; x_wconf 86' lang='grc' dir='ltr'>χρῆσιν</span> <span class='ocrx_word' id='word_1_529' title='bbox 1560 3617 1727 3688; x_wconf 83' lang='grc' dir='ltr'>αὐτῆς</span> 
     </span>
    </p>
   </div>
   <div class='ocr_carea' id='block_1_72' title="bbox 148 3686 1724 3781">
    <p class='ocr_par' dir='ltr' id='par_1_72' title="bbox 148 3686 1724 3781">
     <span class='ocr_line' id='line_1_72' title="bbox 148 3686 1724 3781; baseline 0.006 -31"><span class='ocrx_word' id='word_1_530' title='bbox 148 3700 509 3770; x_wconf 75' lang='grc' dir='ltr'>παρεδέξατο.</span> <span class='ocrx_word' id='word_1_531' title='bbox 558 3702 802 3773; x_wconf 85' lang='grc' dir='ltr'>Ὀρῶμεν</span> <span class='ocrx_word' id='word_1_532' title='bbox 848 3704 1044 3769; x_wconf 88' lang='grc' dir='ltr'>τοίνυν,</span> <span class='ocrx_word' id='word_1_533' title='bbox 1080 3686 1161 3759; x_wconf 66' lang='grc' dir='ltr'>ὅτι</span> <span class='ocrx_word' id='word_1_534' title='bbox 1205 3706 1261 3760; x_wconf 84' lang='grc' dir='ltr'><strong>ἐν</strong></span> <span class='ocrx_word' id='word_1_535' title='bbox 1312 3686 1410 3778; x_wconf 82' lang='grc' dir='ltr'><strong>μὲν</strong></span> <span class='ocrx_word' id='word_1_536' title='bbox 1452 3711 1517 3779; x_wconf 79' lang='grc' dir='ltr'>τῇ</span> <span class='ocrx_word' id='word_1_537' title='bbox 1573 3686 1724 3781; x_wconf 79' lang='grc' dir='ltr'>κοινῇ</span> 
     </span>
    </p>
   </div>
   <div class='ocr_carea' id='block_1_73' title="bbox 148 3791 1727 3863">
    <p class='ocr_par' dir='ltr' id='par_1_73' title="bbox 148 3791 1727 3863">
     <span class='ocr_line' id='line_1_73' title="bbox 148 3791 1727 3863; baseline 0.006 -21"><span class='ocrx_word' id='word_1_538' title='bbox 148 3792 350 3861; x_wconf 75' lang='grc' dir='ltr'>χρήσει</span> <span class='ocrx_word' id='word_1_539' title='bbox 383 3791 449 3844; x_wconf 84' lang='grc' dir='ltr'>τὰ</span> <span class='ocrx_word' id='word_1_540' title='bbox 486 3795 603 3854; x_wconf 82' lang='grc' dir='ltr'>ταῖς</span> <span class='ocrx_word' id='word_1_541' title='bbox 636 3791 858 3863; x_wconf 85' lang='grc' dir='ltr'>ἀθρόαις</span> <span class='ocrx_word' id='word_1_542' title='bbox 890 3796 1163 3858; x_wconf 78' lang='grc' dir='ltr'>ἐπιϐολαῖς</span> <span class='ocrx_word' id='word_1_543' title='bbox 1204 3797 1297 3851; x_wconf 88' lang='grc' dir='ltr'><strong>τοῦ</strong></span> <span class='ocrx_word' id='word_1_544' title='bbox 1339 3798 1427 3851; x_wconf 90' lang='grc' dir='ltr'><strong>νοῦ</strong></span> <span class='ocrx_word' id='word_1_545' title='bbox 1464 3798 1608 3852; x_wconf 83' lang='grc' dir='ltr'><strong>ἁπλᾶ</strong></span> <span class='ocrx_word' id='word_1_546' title='bbox 1636 3798 1727 3851; x_wconf 88' lang='grc' dir='ltr'>δο-</span> 
     </span>
    </p>
   </div>
   <div class='ocr_carea' id='block_1_74' title="bbox 150 3878 1729 3956">
    <p class='ocr_par' dir='ltr' id='par_1_74' title="bbox 150 3878 1729 3956">
     <span class='ocr_line' id='line_1_74' title="bbox 150 3878 1729 3956; baseline 0.005 -21"><span class='ocrx_word' id='word_1_547' title='bbox 150 3880 358 3935; x_wconf 88' lang='grc' dir='ltr'>κοῦντα</span> <span class='ocrx_word' id='word_1_548' title='bbox 388 3878 524 3936; x_wconf 72' lang='grc' dir='ltr'>εἶναι</span> <span class='ocrx_word' id='word_1_549' title='bbox 559 3885 650 3938; x_wconf 76' lang='grc' dir='ltr'><strong>καὶ</strong></span> <span class='ocrx_word' id='word_1_550' title='bbox 692 3886 921 3956; x_wconf 73' lang='grc' dir='ltr'>μοναχὰ,</span> <span class='ocrx_word' id='word_1_551' title='bbox 970 3890 1089 3950; x_wconf 86' lang='grc' dir='ltr'>ταῖς</span> <span class='ocrx_word' id='word_1_552' title='bbox 1133 3887 1188 3940; x_wconf 82' lang='grc' dir='ltr'>δὲ</span> <span class='ocrx_word' id='word_1_553' title='bbox 1221 3888 1362 3941; x_wconf 81' lang='grc' dir='ltr'>κατὰ</span> <span class='ocrx_word' id='word_1_554' title='bbox 1413 3889 1606 3942; x_wconf 78' lang='grc' dir='ltr'>λεπτὸν</span> <span class='ocrx_word' id='word_1_555' title='bbox 1645 3889 1729 3955; x_wconf 78' lang='grc' dir='ltr'>ἐξ·</span> 
     </span>
    </p>
   </div>
   <div class='ocr_carea' id='block_1_75' title="bbox 149 3973 1729 4051">
    <p class='ocr_par' dir='ltr' id='par_1_75' title="bbox 149 3973 1729 4051">
     <span class='ocr_line' id='line_1_75' title="bbox 149 3973 1729 4051; baseline 0.006 -27"><span class='ocrx_word' id='word_1_556' title='bbox 149 3973 378 4027; x_wconf 74' lang='grc' dir='ltr'>ετάσεσι</span> <span class='ocrx_word' id='word_1_557' title='bbox 410 3975 626 4028; x_wconf 82' lang='grc' dir='ltr'>ποικίλα</span> <span class='ocrx_word' id='word_1_558' title='bbox 659 3978 975 4048; x_wconf 87' lang='grc' dir='ltr'>φαινόμενα,</span> <span class='ocrx_word' id='word_1_559' title='bbox 995 3979 1089 4030; x_wconf 75' lang='grc' dir='ltr'>καὶ</span> <span class='ocrx_word' id='word_1_560' title='bbox 1121 3978 1289 4032; x_wconf 83' lang='grc' dir='ltr'>πολλὰ</span> <span class='ocrx_word' id='word_1_561' title='bbox 1314 3979 1424 4050; x_wconf 81' lang='grc'><strong>(50)</strong></span> <span class='ocrx_word' id='word_1_562' title='bbox 1454 3978 1626 4033; x_wconf 90' lang='grc' dir='ltr'>ταῦτα</span> <span class='ocrx_word' id='word_1_563' title='bbox 1651 3978 1729 4051; x_wconf 85' lang='grc' dir='ltr'>τῷ</span> 
     </span>
    </p>
   </div>
   <div class='ocr_carea' id='block_1_76' title="bbox 149 4064 1727 4144">
    <p class='ocr_par' dir='ltr' id='par_1_76' title="bbox 149 4064 1727 4144">
     <span class='ocr_line' id='line_1_76' title="bbox 149 4064 1727 4144; baseline 0.007 -26"><span class='ocrx_word' id='word_1_564' title='bbox 149 4064 232 4134; x_wconf 82' lang='grc' dir='ltr'>νῷ</span> <span class='ocrx_word' id='word_1_565' title='bbox 266 4064 636 4136; x_wconf 83' lang='grc' dir='ltr'>διαιρούμενα,</span> <span class='ocrx_word' id='word_1_566' title='bbox 669 4068 880 4140; x_wconf 80' lang='grc' dir='ltr'>ἐπινοίᾳ</span> <span class='ocrx_word' id='word_1_567' title='bbox 910 4070 1044 4143; x_wconf 81' lang='grc' dir='ltr'>μόνῃ</span> <span class='ocrx_word' id='word_1_568' title='bbox 1078 4068 1321 4142; x_wconf 84' lang='grc' dir='ltr'>διαιρετὰ</span> <span class='ocrx_word' id='word_1_569' title='bbox 1360 4071 1571 4141; x_wconf 88' lang='grc' dir='ltr'>λέγεται</span> <span class='ocrx_word' id='word_1_570' title='bbox 1594 4072 1727 4144; x_wconf 68' lang='lat'><strong>(5|).</strong></span> 
     </span>
    </p>
   </div>
   <div class='ocr_carea' id='block_1_77' title="bbox 252 4237 1725 4308">
    <p class='ocr_par' dir='ltr' id='par_1_77' title="bbox 252 4237 1725 4308">
     <span class='ocr_line' id='line_1_77' title="bbox 252 4237 1725 4308; baseline 0.004 -16"><span class='ocrx_word' id='word_1_571' title='bbox 252 4237 346 4308; x_wconf 73' lang='grc'><strong>26)</strong></span> <span class='ocrx_word' id='word_1_572' title='bbox 372 4238 545 4293; x_wconf 86' lang='lat' dir='ltr'><strong>Editio</strong></span> <span class='ocrx_word' id='word_1_573' title='bbox 582 4241 753 4296; x_wconf 85' lang='lat' dir='ltr'><strong>Paris.</strong></span> <span class='ocrx_word' id='word_1_574' title='bbox 774 4244 962 4297; x_wconf 76' lang='grc' dir='ltr'>οὐσίαν</span> <span class='ocrx_word' id='word_1_575' title='bbox 988 4240 1123 4297; x_wconf 75' lang='grc' dir='ltr'>εἶναι</span> <span class='ocrx_word' id='word_1_576' title='bbox 1151 4243 1243 4297; x_wconf 86' lang='grc' dir='ltr'><strong>τοῦ</strong></span> <span class='ocrx_word' id='word_1_577' title='bbox 1276 4244 1432 4300; x_wconf 88' lang='grc' dir='ltr'>Θεοῦ.</span> <span class='ocrx_word' id='word_1_578' title='bbox 1461 4244 1725 4307; x_wconf 77' lang='grc' dir='ltr'>111ιιά,τοῦ</span> 
     </span>
    </p>
   </div>
   <div class='ocr_carea' id='block_1_78' title="bbox 152 4310 1727 4373">
    <p class='ocr_par' dir='ltr' id='par_1_78' title="bbox 152 4310 1727 4373">
     <span class='ocr_line' id='line_1_78' title="bbox 152 4310 1727 4373; baseline 0.005 -11"><span class='ocrx_word' id='word_1_579' title='bbox 152 4310 321 4373; x_wconf 85' lang='grc' dir='ltr'>Θεοῦ,</span> <span class='ocrx_word' id='word_1_580' title='bbox 351 4312 497 4363; x_wconf 83' lang='lat' dir='ltr'><strong>deest</strong></span> <span class='ocrx_word' id='word_1_581' title='bbox 520 4312 569 4360; x_wconf 89' lang='lat' dir='ltr'><strong>in</strong></span> <span class='ocrx_word' id='word_1_582' title='bbox 603 4327 734 4365; x_wconf 79' lang='lat' dir='ltr'><strong>mss.</strong></span> <span class='ocrx_word' id='word_1_583' title='bbox 760 4325 811 4365; x_wconf 80' lang='lat' dir='ltr'><strong>et</strong></span> <span class='ocrx_word' id='word_1_584' title='bbox 840 4317 888 4367; x_wconf 91' lang='lat' dir='ltr'><strong>in</strong></span> <span class='ocrx_word' id='word_1_585' title='bbox 921 4315 1154 4369; x_wconf 85' lang='lat' dir='ltr'><strong>editione</strong></span> <span class='ocrx_word' id='word_1_586' title='bbox 1190 4315 1318 4369; x_wconf 82' lang='lat' dir='ltr'><strong>Ven.</strong></span> <span class='ocrx_word' id='word_1_587' title='bbox 1352 4316 1528 4370; x_wconf 80' lang='lat' dir='ltr'><strong>Nolim</strong></span> <span class='ocrx_word' id='word_1_588' title='bbox 1550 4329 1727 4371; x_wconf 83' lang='lat' dir='ltr'><strong>tamen</strong></span> 
     </span>
    </p>
   </div>
   <div class='ocr_carea' id='block_1_79' title="bbox 154 4380 1437 4448">
    <p class='ocr_par' dir='ltr' id='par_1_79' title="bbox 154 4380 1437 4448">
     <span class='ocr_line' id='line_1_79' title="bbox 154 4380 1437 4448; baseline 0.009 -21"><span class='ocrx_word' id='word_1_589' title='bbox 154 4391 542 4448; x_wconf 74' lang='lat' dir='ltr'><strong>expungantur</strong></span> <span class='ocrx_word' id='word_1_590' title='bbox 570 4380 649 4433; x_wconf 65' lang='grc' dir='ltr'><strong>1ιὶιέ</strong></span> <span class='ocrx_word' id='word_1_591' title='bbox 674 4397 853 4444; x_wconf 78' lang='lat' dir='ltr'><strong>voces,</strong></span> <span class='ocrx_word' id='word_1_592' title='bbox 892 4385 991 4437; x_wconf 84' lang='lat' dir='ltr'><strong>nisi</strong></span> <span class='ocrx_word' id='word_1_593' title='bbox 1026 4386 1437 4438; x_wconf 81' lang='lat' dir='ltr'><strong>subaudiantur.</strong></span> 
     </span>
    </p>
   </div>
   <div class='ocr_carea' id='block_1_80' title="bbox 1830 3516 3389 3588">
    <p class='ocr_par' dir='ltr' id='par_1_80' title="bbox 1830 3516 3389 3588">
     <span class='ocr_line' id='line_1_80' title="bbox 1830 3516 3389 3588; baseline -0.001 -13"><span class='ocrx_word' id='word_1_594' title='bbox 1830 3520 2014 3576; x_wconf 91' lang='lat' dir='ltr'><strong>ctione</strong></span> <span class='ocrx_word' id='word_1_595' title='bbox 2041 3520 2395 3588; x_wconf 77' lang='lat' dir='ltr'><strong>perceptionis</strong></span> <span class='ocrx_word' id='word_1_596' title='bbox 2431 3528 2635 3580; x_wconf 87' lang='lat' dir='ltr'><strong>utatur.</strong></span> <span class='ocrx_word' id='word_1_597' title='bbox 2661 3527 2717 3572; x_wconf 89' lang='lat' dir='ltr'><strong>et</strong></span> <span class='ocrx_word' id='word_1_598' title='bbox 2759 3517 3029 3585; x_wconf 90' lang='lat' dir='ltr'><strong>quomodo</strong></span> <span class='ocrx_word' id='word_1_599' title='bbox 3056 3518 3235 3574; x_wconf 85' lang='lat' dir='ltr'><strong>divina</strong></span> <span class='ocrx_word' id='word_1_600' title='bbox 3267 3516 3389 3573; x_wconf 81' lang='lat' dir='ltr'><strong>Eio-</strong></span> 
     </span>
    </p>
   </div>
   <div class='ocr_carea' id='block_1_81' title="bbox 1832 3606 3391 3681">
    <p class='ocr_par' dir='ltr' id='par_1_81' title="bbox 1832 3606 3391 3681">
     <span class='ocr_line' id='line_1_81' title="bbox 1832 3606 3391 3681; baseline -0.004 -14"><span class='ocrx_word' id='word_1_601' title='bbox 1832 3614 1957 3681; x_wconf 85' lang='lat' dir='ltr'><strong>quia</strong></span> <span class='ocrx_word' id='word_1_602' title='bbox 1983 3627 2140 3667; x_wconf 89' lang='lat' dir='ltr'><strong>usum</strong></span> <span class='ocrx_word' id='word_1_603' title='bbox 2176 3612 2293 3681; x_wconf 83' lang='lat' dir='ltr'><strong>ejus</strong></span> <span class='ocrx_word' id='word_1_604' title='bbox 2330 3611 2692 3679; x_wconf 82' lang='lat' dir='ltr'><strong>susceperint.</strong></span> <span class='ocrx_word' id='word_1_605' title='bbox 2745 3608 3001 3664; x_wconf 79' lang='lat' dir='ltr'><strong>Videmus</strong></span> <span class='ocrx_word' id='word_1_606' title='bbox 3033 3607 3216 3678; x_wconf 88' lang='lat' dir='ltr'><strong>igitur,</strong></span> <span class='ocrx_word' id='word_1_607' title='bbox 3248 3606 3391 3677; x_wconf 88' lang='lat' dir='ltr'><strong>quod</strong></span> 
     </span>
    </p>
   </div>
   <div class='ocr_carea' id='block_1_82' title="bbox 1833 3698 3390 3774">
    <p class='ocr_par' dir='ltr' id='par_1_82' title="bbox 1833 3698 3390 3774">
     <span class='ocr_line' id='line_1_82' title="bbox 1833 3698 3390 3774; baseline -0.006 -14"><span class='ocrx_word' id='word_1_608' title='bbox 1833 3706 1886 3761; x_wconf 90' lang='lat' dir='ltr'><strong>iu</strong></span> <span class='ocrx_word' id='word_1_609' title='bbox 1923 3704 2194 3761; x_wconf 90' lang='lat' dir='ltr'><strong>communi</strong></span> <span class='ocrx_word' id='word_1_610' title='bbox 2219 3704 2435 3774; x_wconf 90' lang='lat' dir='ltr'><strong>quidem</strong></span> <span class='ocrx_word' id='word_1_611' title='bbox 2468 3718 2590 3769; x_wconf 90' lang='lat' dir='ltr'><strong>usu,</strong></span> <span class='ocrx_word' id='word_1_612' title='bbox 2623 3717 2741 3773; x_wconf 72' lang='lat' dir='ltr'><strong>qua:</strong></span> <span class='ocrx_word' id='word_1_613' title='bbox 2770 3701 2948 3755; x_wconf 88' lang='lat' dir='ltr'><strong>subito</strong></span> <span class='ocrx_word' id='word_1_614' title='bbox 2968 3699 3165 3754; x_wconf 89' lang='lat' dir='ltr'><strong>mentis</strong></span> <span class='ocrx_word' id='word_1_615' title='bbox 3187 3698 3390 3765; x_wconf 85' lang='lat' dir='ltr'><strong>impetu</strong></span> 
     </span>
    </p>
   </div>
   <div class='ocr_carea' id='block_1_83' title="bbox 1831 3792 3390 3867">
    <p class='ocr_par' dir='ltr' id='par_1_83' title="bbox 1831 3792 3390 3867">
     <span class='ocr_line' id='line_1_83' title="bbox 1831 3792 3390 3867; baseline -0.006 -16"><span class='ocrx_word' id='word_1_616' title='bbox 1831 3796 2094 3867; x_wconf 86' lang='lat' dir='ltr'><strong>simplicia</strong></span> <span class='ocrx_word' id='word_1_617' title='bbox 2126 3811 2246 3851; x_wconf 86' lang='lat' dir='ltr'><strong>esse</strong></span> <span class='ocrx_word' id='word_1_618' title='bbox 2299 3792 2552 3849; x_wconf 88' lang='lat' dir='ltr'><strong>videntur</strong></span> <span class='ocrx_word' id='word_1_619' title='bbox 2594 3809 2656 3848; x_wconf 87' lang='lat' dir='ltr'><strong>ac</strong></span> <span class='ocrx_word' id='word_1_620' title='bbox 2700 3794 2878 3855; x_wconf 90' lang='lat' dir='ltr'><strong>unica,</strong></span> <span class='ocrx_word' id='word_1_621' title='bbox 2925 3798 3187 3861; x_wconf 90' lang='lat' dir='ltr'><strong>apparent</strong></span> <span class='ocrx_word' id='word_1_622' title='bbox 3213 3798 3390 3842; x_wconf 88' lang='lat' dir='ltr'><strong>tamen</strong></span> 
     </span>
    </p>
   </div>
   <div class='ocr_carea' id='block_1_84' title="bbox 1830 3879 3390 3957">
    <p class='ocr_par' dir='ltr' id='par_1_84' title="bbox 1830 3879 3390 3957">
     <span class='ocr_line' id='line_1_84' title="bbox 1830 3879 3390 3957; baseline -0.004 -16"><span class='ocrx_word' id='word_1_623' title='bbox 1830 3887 1981 3941; x_wconf 83' lang='lat' dir='ltr'><strong>varia</strong></span> <span class='ocrx_word' id='word_1_624' title='bbox 2029 3896 2152 3957; x_wconf 90' lang='lat' dir='ltr'><strong>post</strong></span> <span class='ocrx_word' id='word_1_625' title='bbox 2184 3895 2493 3942; x_wconf 83' lang='lat' dir='ltr'><strong>accuratam</strong></span> <span class='ocrx_word' id='word_1_626' title='bbox 2549 3885 2970 3955; x_wconf 87' lang='lat' dir='ltr'><strong>indagationem,</strong></span> <span class='ocrx_word' id='word_1_627' title='bbox 3015 3881 3309 3951; x_wconf 66' lang='lat' dir='ltr'><strong>praesertim</strong></span> <span class='ocrx_word' id='word_1_628' title='bbox 3346 3879 3390 3935; x_wconf 88' lang='lat' dir='ltr'><strong>si</strong></span> 
     </span>
    </p>
   </div>
   <div class='ocr_carea' id='block_1_85' title="bbox 1831 3971 3392 4047">
    <p class='ocr_par' dir='ltr' id='par_1_85' title="bbox 1831 3971 3392 4047">
     <span class='ocr_line' id='line_1_85' title="bbox 1831 3971 3392 4047; baseline -0.006 -14"><span class='ocrx_word' id='word_1_629' title='bbox 1831 3978 1928 4033; x_wconf 89' lang='lat' dir='ltr'><strong>has</strong></span> <span class='ocrx_word' id='word_1_630' title='bbox 1960 3979 2155 4032; x_wconf 88' lang='lat' dir='ltr'><strong>multas</strong></span> <span class='ocrx_word' id='word_1_631' title='bbox 2212 3990 2399 4047; x_wconf 84' lang='lat' dir='ltr'><strong>partes</strong></span> <span class='ocrx_word' id='word_1_632' title='bbox 2450 3992 2603 4030; x_wconf 89' lang='lat' dir='ltr'><strong>mens</strong></span> <span class='ocrx_word' id='word_1_633' title='bbox 2651 3974 2880 4038; x_wconf 83' lang='lat' dir='ltr'><strong>dividat,</strong></span> <span class='ocrx_word' id='word_1_634' title='bbox 2920 3989 2982 4029; x_wconf 86' lang='lat' dir='ltr'><strong>ea</strong></span> <span class='ocrx_word' id='word_1_635' title='bbox 3033 3974 3241 4028; x_wconf 85' lang='lat' dir='ltr'><strong>ratione</strong></span> <span class='ocrx_word' id='word_1_636' title='bbox 3281 3971 3392 4027; x_wconf 82' lang='lat' dir='ltr'><strong>sola</strong></span> 
     </span>
    </p>
   </div>
   <div class='ocr_carea' id='block_1_86' title="bbox 1834 4064 3395 4135">
    <p class='ocr_par' dir='ltr' id='par_1_86' title="bbox 1834 4064 3395 4135">
     <span class='ocr_line' id='line_1_86' title="bbox 1834 4064 3395 4135; baseline -0.005 -10"><span class='ocrx_word' id='word_1_637' title='bbox 1834 4069 2123 4125; x_wconf 85' lang='lat' dir='ltr'><strong>divisibilia</strong></span> <span class='ocrx_word' id='word_1_638' title='bbox 2176 4084 2297 4124; x_wconf 87' lang='lat' dir='ltr'><strong>esse</strong></span> <span class='ocrx_word' id='word_1_639' title='bbox 2350 4068 2621 4123; x_wconf 88' lang='lat' dir='ltr'><strong>dicantur.</strong></span> <span class='ocrx_word' id='word_1_640' title='bbox 2688 4064 2928 4135; x_wconf 75' lang='lat' dir='ltr'><strong>Exempli</strong></span> <span class='ocrx_word' id='word_1_641' title='bbox 2982 4079 3167 4129; x_wconf 85' lang='lat' dir='ltr'><strong>causa,</strong></span> <span class='ocrx_word' id='word_1_642' title='bbox 3199 4076 3395 4133; x_wconf 83' lang='lat' dir='ltr'><strong>corpus</strong></span> 
     </span>
    </p>
   </div>
   <div class='ocr_carea' id='block_1_87' title="bbox 1833 4239 3397 4328">
    <p class='ocr_par' dir='ltr' id='par_1_87' title="bbox 1833 4239 3397 4328">
     <span class='ocr_line' id='line_1_87' title="bbox 1833 4239 3397 4328; baseline -0.001 -31"><span class='ocrx_word' id='word_1_643' title='bbox 1833 4246 2071 4328; x_wconf 79' lang='lat' dir='ltr'><strong>quinque</strong></span> <span class='ocrx_word' id='word_1_644' title='bbox 2088 4261 2197 4328; x_wconf 85' lang='lat' dir='ltr'><strong>non</strong></span> <span class='ocrx_word' id='word_1_645' title='bbox 2221 4245 2503 4308; x_wconf 91' lang='lat' dir='ltr'><strong>dissident,</strong></span> <span class='ocrx_word' id='word_1_646' title='bbox 2541 4244 2640 4299; x_wconf 89' lang='lat' dir='ltr'><strong>nisi</strong></span> <span class='ocrx_word' id='word_1_647' title='bbox 2665 4243 2808 4313; x_wconf 88' lang='lat' dir='ltr'><strong>quod</strong></span> <span class='ocrx_word' id='word_1_648' title='bbox 2836 4256 2936 4297; x_wconf 80' lang='lat' dir='ltr'><strong>vox</strong></span> <span class='ocrx_word' id='word_1_649' title='bbox 2988 4239 3197 4312; x_wconf 79' lang='grc' dir='ltr'>ψευδῶν</span> <span class='ocrx_word' id='word_1_650' title='bbox 3235 4242 3289 4294; x_wconf 90' lang='lat' dir='ltr'><strong>ln</strong></span> <span class='ocrx_word' id='word_1_651' title='bbox 3318 4239 3397 4295; x_wconf 87' lang='lat' dir='ltr'><strong>eis</strong></span> 
     </span>
    </p>
   </div>
   <div class='ocr_carea' id='block_1_88' title="bbox 1835 4319 3397 4455">
    <p class='ocr_par' dir='ltr' id='par_1_88' title="bbox 1835 4319 3397 4455">
     <span class='ocr_line' id='line_1_88' title="bbox 1835 4319 2188 4371; baseline -0.006 0"><span class='ocrx_word' id='word_1_652' title='bbox 1835 4319 2188 4371; x_wconf 89' lang='lat' dir='ltr'><strong>desideretur.</strong></span> 
     </span>
     <span class='ocr_line' id='line_1_89' title="bbox 1910 4380 3397 4455; baseline -0.001 -18"><span class='ocrx_word' id='word_1_653' title='bbox 1910 4385 2022 4455; x_wconf 69' lang='lat'><strong>(29)</strong></span> <span class='ocrx_word' id='word_1_654' title='bbox 2061 4384 2174 4449; x_wconf 91' lang='lat' dir='ltr'><strong>llla,</strong></span> <span class='ocrx_word' id='word_1_655' title='bbox 2206 4385 2318 4438; x_wconf 86' lang='grc' dir='ltr'>ἀλλ’</span> <span class='ocrx_word' id='word_1_656' title='bbox 2378 4384 2477 4438; x_wconf 81' lang='grc' dir='ltr'><strong>οὐκ</strong></span> <span class='ocrx_word' id='word_1_657' title='bbox 2532 4383 2673 4454; x_wconf 78' lang='grc' dir='ltr'>ἔχον,</span> <span class='ocrx_word' id='word_1_658' title='bbox 2719 4391 2849 4455; x_wconf 63' lang='grc' dir='ltr'>οἱα,</span> <span class='ocrx_word' id='word_1_659' title='bbox 2882 4380 3273 4450; x_wconf 79' lang='lat' dir='ltr'><strong>Trapezuntius</strong></span> <span class='ocrx_word' id='word_1_660' title='bbox 3306 4380 3397 4455; x_wconf 77' lang='lat' dir='ltr'><strong>sic</strong></span> 
     </span>
    </p>
   </div>
   <div class='ocr_carea' id='block_1_89' title="bbox 238 4450 1722 4544">
    <p class='ocr_par' dir='ltr' id='par_1_89' title="bbox 238 4450 1722 4544">
     <span class='ocr_line' id='line_1_90' title="bbox 238 4450 1722 4544; baseline 0.005 -43"><span class='ocrx_word' id='word_1_661' title='bbox 238 4450 536 4544; x_wconf 36' lang='grc' dir='ltr'>ςὶῖζίξεε..</span> <span class='ocrx_word' id='word_1_662' title='bbox 577 4453 763 4505; x_wconf 85' lang='lat' dir='ltr'><strong>tertius</strong></span> <span class='ocrx_word' id='word_1_663' title='bbox 809 4454 1022 4544; x_wconf 59' lang='grc' dir='ltr'>ἐπινοίρι</span> <span class='ocrx_word' id='word_1_664' title='bbox 1064 4456 1389 4538; x_wconf 61' lang='grc' dir='ltr'>Θεωρητέον.</span> <span class='ocrx_word' id='word_1_665' title='bbox 1416 4454 1573 4544; x_wconf 50' lang='lat' dir='ltr'><strong>.Cum</strong></span> <span class='ocrx_word' id='word_1_666' title='bbox 1624 4470 1722 4510; x_wconf 78' lang='lat' dir='ltr'><strong>vox</strong></span> 
     </span>
    </p>
   </div>
   <div class='ocr_carea' id='block_1_90' title="bbox 1824 4450 3390 4544">
    <p class='ocr_par' dir='ltr' id='par_1_90' title="bbox 1835 4450 3390 4544">
     <span class='ocr_line' id='line_1_91' title="bbox 1835 4450 3390 4544; baseline -0.003 -37"><span class='ocrx_word' id='word_1_667' title='bbox 1835 4450 2113 4510; x_wconf 78' lang='lat' dir='ltr'><strong>verterat:</strong></span> <span class='ocrx_word' id='word_1_668' title='bbox 2151 4455 2274 4511; x_wconf 82' lang='lat' dir='ltr'><strong>Non</strong></span> <span class='ocrx_word' id='word_1_669' title='bbox 2326 4468 2400 4511; x_wconf 78' lang='lat' dir='ltr'><strong>est</strong></span> <span class='ocrx_word' id='word_1_670' title='bbox 2437 4457 2520 4544; x_wconf 59' lang='lat' dir='ltr'><strong>hic</strong></span> <span class='ocrx_word' id='word_1_671' title='bbox 2562 4450 3073 4544; x_wconf 52' lang='lat' dir='ltr'><strong>&#39;istiusnreilnﬁtura</strong></span> <span class='ocrx_word' id='word_1_672' title='bbox 3109 4465 3273 4544; x_wconf 41' lang='lat' dir='ltr'><strong>{quin</strong></span> <span class='ocrx_word' id='word_1_673' title='bbox 3306 4451 3390 4503; x_wconf 86' lang='lat' dir='ltr'><strong>itt-</strong></span> 
     </span>
    </p>
   </div>
   <div class='ocr_carea' id='block_1_91' title="bbox 157 4520 1726 4589">
    <p class='ocr_par' dir='ltr' id='par_1_91' title="bbox 157 4520 1726 4589">
     <span class='ocr_line' id='line_1_92' title="bbox 157 4520 1726 4589; baseline 0.004 -16"><span class='ocrx_word' id='word_1_674' title='bbox 157 4520 385 4573; x_wconf 80' lang='grc' dir='ltr'>ἐπίνοια</span> <span class='ocrx_word' id='word_1_675' title='bbox 411 4522 606 4587; x_wconf 66' lang='lat' dir='ltr'><strong>saepius</strong></span> <span class='ocrx_word' id='word_1_676' title='bbox 634 4536 906 4583; x_wconf 85' lang='lat' dir='ltr'><strong>occurrat.</strong></span> <span class='ocrx_word' id='word_1_677' title='bbox 953 4520 1187 4579; x_wconf 66' lang='lat' dir='ltr'><strong>al&#39;iemmi</strong></span> <span class='ocrx_word' id='word_1_678' title='bbox 1212 4520 1315 4577; x_wconf 82' lang='lat' dir='ltr'><strong>non</strong></span> <span class='ocrx_word' id='word_1_679' title='bbox 1343 4527 1574 4589; x_wconf 85' lang='lat' dir='ltr'><strong>videtur,</strong></span> <span class='ocrx_word' id='word_1_680' title='bbox 1606 4540 1726 4579; x_wconf 88' lang='lat' dir='ltr'><strong>eam</strong></span> 
     </span>
    </p>
   </div>
   <div class='ocr_carea' id='block_1_92' title="bbox 157 4591 1733 4665">
    <p class='ocr_par' dir='ltr' id='par_1_92' title="bbox 157 4591 1733 4665">
     <span class='ocr_line' id='line_1_93' title="bbox 157 4591 1733 4665; baseline 0.004 -24"><span class='ocrx_word' id='word_1_681' title='bbox 157 4591 367 4665; x_wconf 67' lang='lat' dir='ltr'><strong>paucis</strong></span> <span class='ocrx_word' id='word_1_682' title='bbox 386 4592 675 4657; x_wconf 81' lang='lat' dir='ltr'><strong>explicare.</strong></span> <span class='ocrx_word' id='word_1_683' title='bbox 712 4592 873 4665; x_wconf 83' lang='lat' dir='ltr'><strong>Igitur</strong></span> <span class='ocrx_word' id='word_1_684' title='bbox 900 4610 1027 4649; x_wconf 67' lang='lat' dir='ltr'><strong>vove</strong></span> <span class='ocrx_word' id='word_1_685' title='bbox 1067 4595 1280 4648; x_wconf 91' lang='grc' dir='ltr'>ἐπίνοια</span> <span class='ocrx_word' id='word_1_686' title='bbox 1315 4596 1608 4649; x_wconf 87' lang='lat' dir='ltr'><strong>Eunomius</strong></span> <span class='ocrx_word' id='word_1_687' title='bbox 1632 4596 1733 4656; x_wconf 34' lang='lat' dir='ltr'><strong>.in-</strong></span> 
     </span>
    </p>
   </div>
   <div class='ocr_carea' id='block_1_93' title="bbox 158 4660 1734 4734">
    <p class='ocr_par' dir='ltr' id='par_1_93' title="bbox 158 4660 1734 4734">
     <span class='ocr_line' id='line_1_94' title="bbox 158 4660 1734 4734; baseline 0.002 -20"><span class='ocrx_word' id='word_1_688' title='bbox 158 4660 446 4734; x_wconf 82' lang='lat' dir='ltr'><strong>telligebat</strong></span> <span class='ocrx_word' id='word_1_689' title='bbox 482 4665 675 4717; x_wconf 89' lang='lat' dir='ltr'><strong>mentis</strong></span> <span class='ocrx_word' id='word_1_690' title='bbox 703 4660 954 4734; x_wconf 71' lang='lat' dir='ltr'><strong>cogitata,</strong></span> <span class='ocrx_word' id='word_1_691' title='bbox 994 4666 1245 4719; x_wconf 83' lang='lat' dir='ltr'><strong>subtilem</strong></span> <span class='ocrx_word' id='word_1_692' title='bbox 1293 4666 1577 4733; x_wconf 82' lang='lat' dir='ltr'><strong>quamdam</strong></span> <span class='ocrx_word' id='word_1_693' title='bbox 1620 4666 1734 4717; x_wconf 87' lang='lat' dir='ltr'><strong>ani-</strong></span> 
     </span>
    </p>
   </div>
   <div class='ocr_carea' id='block_1_94' title="bbox 160 4731 1736 4799">
    <p class='ocr_par' dir='ltr' id='par_1_94' title="bbox 160 4731 1736 4799">
     <span class='ocr_line' id='line_1_95' title="bbox 160 4731 1736 4799; baseline 0.002 -15"><span class='ocrx_word' id='word_1_694' title='bbox 160 4731 237 4785; x_wconf 89' lang='lat' dir='ltr'><strong>mi</strong></span> <span class='ocrx_word' id='word_1_695' title='bbox 271 4734 693 4799; x_wconf 86' lang='lat' dir='ltr'><strong>perceptionem,</strong></span> <span class='ocrx_word' id='word_1_696' title='bbox 732 4731 838 4787; x_wconf 73' lang='lat' dir='ltr'><strong>uuo</strong></span> <span class='ocrx_word' id='word_1_697' title='bbox 868 4736 1049 4793; x_wconf 86' lang='lat' dir='ltr'><strong>verbo,</strong></span> <span class='ocrx_word' id='word_1_698' title='bbox 1096 4738 1236 4789; x_wconf 90' lang='lat' dir='ltr'><strong>hunc</strong></span> <span class='ocrx_word' id='word_1_699' title='bbox 1268 4731 1507 4788; x_wconf 68' lang='lat' dir='ltr'><strong>uestrum</strong></span> <span class='ocrx_word' id='word_1_700' title='bbox 1543 4735 1736 4789; x_wconf 82' lang='lat' dir='ltr'><strong>intelli-</strong></span> 
     </span>
    </p>
   </div>
   <div class='ocr_carea' id='block_1_95' title="bbox 158 4802 1734 4875">
    <p class='ocr_par' dir='ltr' id='par_1_95' title="bbox 158 4802 1734 4875">
     <span class='ocr_line' id='line_1_96' title="bbox 158 4802 1734 4875; baseline 0 -19"><span class='ocrx_word' id='word_1_701' title='bbox 158 4802 327 4872; x_wconf 84' lang='lat' dir='ltr'><strong>gendi</strong></span> <span class='ocrx_word' id='word_1_702' title='bbox 360 4802 596 4875; x_wconf 81' lang='lat' dir='ltr'><strong>modum,</strong></span> <span class='ocrx_word' id='word_1_703' title='bbox 631 4820 737 4870; x_wconf 87' lang='lat' dir='ltr'><strong>quo</strong></span> <span class='ocrx_word' id='word_1_704' title='bbox 763 4821 849 4859; x_wconf 79' lang='lat' dir='ltr'><strong>res</strong></span> <span class='ocrx_word' id='word_1_705' title='bbox 891 4807 1254 4875; x_wconf 84' lang='lat' dir='ltr'><strong>metaphysice</strong></span> <span class='ocrx_word' id='word_1_706' title='bbox 1280 4804 1690 4859; x_wconf 83' lang='lat' dir='ltr'><strong>consideramus</strong></span> <span class='ocrx_word' id='word_1_707' title='bbox 1720 4821 1734 4856; x_wconf 87' lang='lat'><strong>:</strong></span> 
     </span>
    </p>
   </div>
   <div class='ocr_carea' id='block_1_96' title="bbox 158 4870 1739 4945">
    <p class='ocr_par' dir='ltr' id='par_1_96' title="bbox 158 4870 1739 4945">
     <span class='ocr_line' id='line_1_97' title="bbox 158 4870 1739 4945; baseline 0.004 -22"><span class='ocrx_word' id='word_1_708' title='bbox 158 4870 335 4945; x_wconf 61' lang='lat' dir='ltr'><strong>Quam</strong></span> <span class='ocrx_word' id='word_1_709' title='bbox 372 4870 610 4945; x_wconf 84' lang='lat' dir='ltr'><strong>ultimam</strong></span> <span class='ocrx_word' id='word_1_710' title='bbox 641 4876 911 4929; x_wconf 88' lang='lat' dir='ltr'><strong>notionem</strong></span> <span class='ocrx_word' id='word_1_711' title='bbox 952 4870 1191 4930; x_wconf 81' lang='lat' dir='ltr'><strong>omnium</strong></span> <span class='ocrx_word' id='word_1_712' title='bbox 1251 4875 1586 4945; x_wconf 89' lang='lat' dir='ltr'><strong>aptissimam</strong></span> <span class='ocrx_word' id='word_1_713' title='bbox 1618 4892 1739 4931; x_wconf 85' lang='lat' dir='ltr'><strong>esse</strong></span> 
     </span>
    </p>
   </div>
   <div class='ocr_carea' id='block_1_97' title="bbox 161 4944 1741 5013">
    <p class='ocr_par' dir='ltr' id='par_1_97' title="bbox 161 4944 1741 5013">
     <span class='ocr_line' id='line_1_98' title="bbox 161 4944 1741 5013; baseline -0.001 -15"><span class='ocrx_word' id='word_1_714' title='bbox 161 4944 503 5013; x_wconf 78' lang='lat' dir='ltr'><strong>arbitramur</strong></span> <span class='ocrx_word' id='word_1_715' title='bbox 522 4944 588 4993; x_wconf 85' lang='lat' dir='ltr'><strong>ad</strong></span> <span class='ocrx_word' id='word_1_716' title='bbox 622 4945 1005 4999; x_wconf 81' lang='lat' dir='ltr'><strong>declarandum</strong></span> <span class='ocrx_word' id='word_1_717' title='bbox 1039 4945 1197 5013; x_wconf 84' lang='lat' dir='ltr'><strong>hujus</strong></span> <span class='ocrx_word' id='word_1_718' title='bbox 1222 4944 1367 5001; x_wconf 82' lang='lat' dir='ltr'><strong>vocis</strong></span> <span class='ocrx_word' id='word_1_719' title='bbox 1395 4962 1574 5001; x_wconf 89' lang='lat' dir='ltr'><strong>usum.</strong></span> <span class='ocrx_word' id='word_1_720' title='bbox 1599 4947 1741 5012; x_wconf 86' lang='lat' dir='ltr'><strong>Qua-</strong></span> 
     </span>
    </p>
   </div>
   <div class='ocr_carea' id='block_1_98' title="bbox 161 5010 1740 5085">
    <p class='ocr_par' dir='ltr' id='par_1_98' title="bbox 161 5010 1740 5085">
     <span class='ocr_line' id='line_1_99' title="bbox 161 5010 1740 5085; baseline -0.001 -18"><span class='ocrx_word' id='word_1_721' title='bbox 161 5027 386 5080; x_wconf 84' lang='lat' dir='ltr'><strong>cunque</strong></span> <span class='ocrx_word' id='word_1_722' title='bbox 418 5010 576 5085; x_wconf 78' lang='lat' dir='ltr'><strong>igitur</strong></span> <span class='ocrx_word' id='word_1_723' title='bbox 599 5030 728 5067; x_wconf 89' lang='lat' dir='ltr'><strong>voce</strong></span> <span class='ocrx_word' id='word_1_724' title='bbox 768 5018 831 5068; x_wconf 84' lang='lat' dir='ltr'><strong>ad</strong></span> <span class='ocrx_word' id='word_1_725' title='bbox 863 5031 1055 5069; x_wconf 82' lang='lat' dir='ltr'><strong>nomen</strong></span> <span class='ocrx_word' id='word_1_726' title='bbox 1089 5010 1302 5070; x_wconf 80' lang='grc' dir='ltr'>ἐπίνοια</span> <span class='ocrx_word' id='word_1_727' title='bbox 1330 5010 1740 5085; x_wconf 78' lang='lat' dir='ltr'><strong>exprimendum</strong></span> 
     </span>
    </p>
   </div>
   <div class='ocr_carea' id='block_1_99' title="bbox 163 5081 1743 5150">
    <p class='ocr_par' dir='ltr' id='par_1_99' title="bbox 163 5081 1743 5150">
     <span class='ocr_line' id='line_1_100' title="bbox 163 5081 1743 5150; baseline 0.005 -19"><span class='ocrx_word' id='word_1_728' title='bbox 163 5097 413 5145; x_wconf 80' lang='lat' dir='ltr'><strong>utamur,</strong></span> <span class='ocrx_word' id='word_1_729' title='bbox 438 5081 555 5150; x_wconf 81' lang='lat' dir='ltr'><strong>ejus</strong></span> <span class='ocrx_word' id='word_1_730' title='bbox 613 5098 772 5149; x_wconf 80' lang='lat' dir='ltr'><strong>quam</strong></span> <span class='ocrx_word' id='word_1_731' title='bbox 834 5087 1067 5141; x_wconf 77' lang='lat' dir='ltr'><strong>diximus</strong></span> <span class='ocrx_word' id='word_1_732' title='bbox 1136 5081 1743 5143; x_wconf 46' lang='lat' dir='ltr'><strong>ttOtionis&#39;memiuisse</strong></span> 
     </span>
    </p>
   </div>
   <div class='ocr_carea' id='block_1_100' title="bbox 160 5157 737 5223">
    <p class='ocr_par' dir='ltr' id='par_1_100' title="bbox 160 5157 737 5223">
     <span class='ocr_line' id='line_1_101' title="bbox 160 5157 737 5223; baseline -0.005 -14"><span class='ocrx_word' id='word_1_733' title='bbox 160 5169 355 5223; x_wconf 66' lang='lat' dir='ltr'><strong>operte</strong></span> <span class='ocrx_word' id='word_1_734' title='bbox 386 5157 613 5223; x_wconf 76' lang='lat' dir='ltr'><strong>pretium</strong></span> <span class='ocrx_word' id='word_1_735' title='bbox 637 5164 737 5206; x_wconf 83' lang='lat' dir='ltr'><strong>est.</strong></span> 
     </span>
    </p>
   </div>
   <div class='ocr_carea' id='block_1_101' title="bbox 242 5221 1744 5293">
    <p class='ocr_par' dir='ltr' id='par_1_101' title="bbox 242 5221 1744 5293">
     <span class='ocr_line' id='line_1_102' title="bbox 242 5221 1744 5293; baseline 0.003 -18"><span class='ocrx_word' id='word_1_736' title='bbox 242 5224 382 5290; x_wconf 71' lang='lat'><strong>(27&#39;)</strong></span> <span class='ocrx_word' id='word_1_737' title='bbox 410 5221 558 5276; x_wconf 86' lang='lat' dir='ltr'><strong>Unus</strong></span> <span class='ocrx_word' id='word_1_738' title='bbox 586 5228 749 5277; x_wconf 79' lang='lat' dir='ltr'><strong>codex</strong></span> <span class='ocrx_word' id='word_1_739' title='bbox 796 5235 883 5279; x_wconf 86' lang='lat' dir='ltr'><strong>aut</strong></span> <span class='ocrx_word' id='word_1_740' title='bbox 922 5226 1056 5281; x_wconf 86' lang='lat' dir='ltr'><strong>alter</strong></span> <span class='ocrx_word' id='word_1_741' title='bbox 1083 5242 1204 5281; x_wconf 89' lang='lat' dir='ltr'><strong>cum</strong></span> <span class='ocrx_word' id='word_1_742' title='bbox 1248 5236 1476 5293; x_wconf 89' lang='lat' dir='ltr'><strong>utraque</strong></span> <span class='ocrx_word' id='word_1_743' title='bbox 1506 5227 1744 5281; x_wconf 75' lang='lat' dir='ltr'><strong>editione</strong></span> 
     </span>
    </p>
   </div>
   <div class='ocr_carea' id='block_1_102' title="bbox 164 5293 1748 5366">
    <p class='ocr_par' dir='ltr' id='par_1_102' title="bbox 164 5293 1748 5366">
     <span class='ocr_line' id='line_1_103' title="bbox 164 5293 1748 5366; baseline -0.001 -18"><span class='ocrx_word' id='word_1_744' title='bbox 164 5293 384 5366; x_wconf 55' lang='lat' dir='ltr'><strong>rubere</strong></span> <span class='ocrx_word' id='word_1_745' title='bbox 410 5295 993 5366; x_wconf 56' lang='grc' dir='ltr'>σημαῖνον,⁷ριιοιιιοάο</span> <span class='ocrx_word' id='word_1_746' title='bbox 1022 5298 1074 5348; x_wconf 82' lang='lat' dir='ltr'><strong>id</strong></span> <span class='ocrx_word' id='word_1_747' title='bbox 1130 5300 1266 5366; x_wconf 84' lang='lat' dir='ltr'><strong>quod</strong></span> <span class='ocrx_word' id='word_1_748' title='bbox 1315 5313 1421 5349; x_wconf 87' lang='lat' dir='ltr'><strong>rem</strong></span> <span class='ocrx_word' id='word_1_749' title='bbox 1462 5298 1649 5363; x_wconf 81' lang='lat' dir='ltr'><strong>{altam</strong></span> <span class='ocrx_word' id='word_1_750' title='bbox 1675 5297 1748 5349; x_wconf 84' lang='lat' dir='ltr'><strong>si-</strong></span> 
     </span>
    </p>
   </div>
   <div class='ocr_carea' id='block_1_103' title="bbox 164 5364 1745 5437">
    <p class='ocr_par' dir='ltr' id='par_1_103' title="bbox 164 5364 1745 5437">
     <span class='ocr_line' id='line_1_104' title="bbox 164 5364 1745 5437; baseline -0.001 -20"><span class='ocrx_word' id='word_1_751' title='bbox 164 5364 419 5437; x_wconf 81' lang='lat' dir='ltr'><strong>gniﬁcat,</strong></span> <span class='ocrx_word' id='word_1_752' title='bbox 447 5365 604 5437; x_wconf 55' lang='lat' dir='ltr'><strong>sint&quot;!</strong></span> <span class='ocrx_word' id='word_1_753' title='bbox 657 5382 772 5437; x_wconf 70' lang='lat' dir='ltr'><strong>cum</strong></span> <span class='ocrx_word' id='word_1_754' title='bbox 810 5366 1003 5433; x_wconf 63' lang='lat' dir='ltr'><strong>linguae</strong></span> <span class='ocrx_word' id='word_1_755' title='bbox 1036 5364 1160 5420; x_wconf 79' lang='lat' dir='ltr'><strong>sono</strong></span> <span class='ocrx_word' id='word_1_756' title='bbox 1204 5369 1379 5421; x_wconf 82' lang='lat' dir='ltr'><strong>interit</strong></span> <span class='ocrx_word' id='word_1_757' title='bbox 1403 5367 1425 5419; x_wconf 84' lang='lat'><strong><em>?</em></strong></span> <span class='ocrx_word' id='word_1_758' title='bbox 1453 5367 1555 5420; x_wconf 82' lang='lat' dir='ltr'><strong>Alii</strong></span> <span class='ocrx_word' id='word_1_759' title='bbox 1586 5369 1745 5435; x_wconf 88' lang='lat' dir='ltr'><strong>quin—</strong></span> 
     </span>
    </p>
   </div>
   <div class='ocr_carea' id='block_1_104' title="bbox 164 5433 1750 5507">
    <p class='ocr_par' dir='ltr' id='par_1_104' title="bbox 164 5433 1750 5507">
     <span class='ocr_line' id='line_1_105' title="bbox 164 5433 1750 5507; baseline 0 -20"><span class='ocrx_word' id='word_1_760' title='bbox 164 5433 282 5505; x_wconf 56' lang='lat' dir='ltr'><strong>ilue</strong></span> <span class='ocrx_word' id='word_1_761' title='bbox 308 5442 439 5487; x_wconf 74' lang='lat' dir='ltr'><strong>ms‘s.</strong></span> <span class='ocrx_word' id='word_1_762' title='bbox 468 5433 597 5507; x_wconf 79' lang='grc' dir='ltr'><strong>πῶς</strong></span> <span class='ocrx_word' id='word_1_763' title='bbox 626 5435 697 5507; x_wconf 48' lang='grc' dir='ltr'><strong>’τδῄ</strong></span> <span class='ocrx_word' id='word_1_764' title='bbox 737 5438 1153 5507; x_wconf 86' lang='grc' dir='ltr'>σημαινόμενον.</span> <span class='ocrx_word' id='word_1_765' title='bbox 1198 5446 1303 5493; x_wconf 87' lang='lat' dir='ltr'><strong>etc.</strong></span> <span class='ocrx_word' id='word_1_766' title='bbox 1346 5433 1619 5500; x_wconf 80' lang='lat' dir='ltr'><strong>Quomodo</strong></span> <span class='ocrx_word' id='word_1_767' title='bbox 1644 5437 1750 5504; x_wconf 79' lang='lat' dir='ltr'><strong>[ul-</strong></span> 
     </span>
    </p>
   </div>
   <div class='ocr_carea' id='block_1_105' title="bbox 165 5505 1743 5628">
    <p class='ocr_par' dir='ltr' id='par_1_105' title="bbox 165 5505 1743 5628">
     <span class='ocr_line' id='line_1_106' title="bbox 165 5505 1743 5628; baseline -0.001 -68"><span class='ocrx_word' id='word_1_768' title='bbox 165 5521 293 5560; x_wconf 82' lang='lat' dir='ltr'><strong>sum</strong></span> <span class='ocrx_word' id='word_1_769' title='bbox 316 5505 476 5628; x_wconf 51' lang='lat' dir='ltr'><strong>2’quod</strong></span> <span class='ocrx_word' id='word_1_770' title='bbox 525 5505 885 5575; x_wconf 77' lang='lat' dir='ltr'><strong>signiﬁcatur,</strong></span> <span class='ocrx_word' id='word_1_771' title='bbox 928 5505 1033 5560; x_wconf 63' lang='lat' dir='ltr'><strong>uita</strong></span> <span class='ocrx_word' id='word_1_772' title='bbox 1079 5523 1194 5561; x_wconf 79' lang='lat' dir='ltr'><strong>cum</strong></span> <span class='ocrx_word' id='word_1_773' title='bbox 1232 5507 1423 5577; x_wconf 76' lang='lat' dir='ltr'><strong>lingua:</strong></span> <span class='ocrx_word' id='word_1_774' title='bbox 1476 5523 1604 5560; x_wconf 79' lang='lat' dir='ltr'><strong>sono</strong></span> <span class='ocrx_word' id='word_1_775' title='bbox 1663 5509 1743 5559; x_wconf 82' lang='lat' dir='ltr'><strong>in-</strong></span> 
     </span>
     <span class='ocr_line' id='line_1_107' title="bbox 167 5584 303 5628; baseline -0.015 0"><span class='ocrx_word' id='word_1_776' title='bbox 167 5584 303 5628; x_wconf 74' lang='lat' dir='ltr'><strong>terit</strong></span> 
     </span>
    </p>
   </div>
   <div class='ocr_carea' id='block_1_106' title="bbox 167 5584 303 5631">
    <p class='ocr_par' dir='ltr' id='par_1_106' title="bbox 167 5584 303 5631">
     <span class='ocr_line' id='line_1_108' title="bbox 167 5584 303 5631; baseline -0.037 0"><span class='ocrx_word' id='word_1_777' title='bbox 167 5584 303 5631; x_wconf 74' lang='lat' dir='ltr'><strong>terit</strong></span> 
     </span>
    </p>
   </div>
   <div class='ocr_carea' id='block_1_107' title="bbox 250 5644 1741 5716">
    <p class='ocr_par' dir='ltr' id='par_1_107' title="bbox 250 5644 1741 5716">
     <span class='ocr_line' id='line_1_109' title="bbox 250 5644 1741 5716; baseline 0.001 -19"><span class='ocrx_word' id='word_1_778' title='bbox 250 5645 347 5714; x_wconf 75' lang='lat'><strong>(‘28</strong></span> <span class='ocrx_word' id='word_1_779' title='bbox 399 5644 572 5716; x_wconf 83' lang='lat' dir='ltr'><strong>Editiu</strong></span> <span class='ocrx_word' id='word_1_780' title='bbox 596 5656 823 5714; x_wconf 87' lang='lat' dir='ltr'><strong>utraque</strong></span> <span class='ocrx_word' id='word_1_781' title='bbox 844 5664 963 5701; x_wconf 90' lang='lat' dir='ltr'><strong>cum</strong></span> <span class='ocrx_word' id='word_1_782' title='bbox 999 5646 1127 5716; x_wconf 79' lang='lat' dir='ltr'><strong>Reg.</strong></span> <span class='ocrx_word' id='word_1_783' title='bbox 1160 5647 1346 5716; x_wconf 85' lang='lat' dir='ltr'><strong>quinto</strong></span> <span class='ocrx_word' id='word_1_784' title='bbox 1373 5647 1479 5701; x_wconf 89' lang='grc' dir='ltr'><strong>τῶν</strong></span> <span class='ocrx_word' id='word_1_785' title='bbox 1505 5646 1560 5699; x_wconf 86' lang='grc' dir='ltr'>δὲ</span> <span class='ocrx_word' id='word_1_786' title='bbox 1613 5646 1741 5715; x_wconf 74' lang='grc' dir='ltr'>ψευ-</span> 
     </span>
    </p>
   </div>
   <div class='ocr_carea' id='block_1_108' title="bbox 167 5714 1752 5788">
    <p class='ocr_par' dir='ltr' id='par_1_108' title="bbox 167 5714 1752 5788">
     <span class='ocr_line' id='line_1_110' title="bbox 167 5714 1752 5788; baseline 0.001 -18"><span class='ocrx_word' id='word_1_787' title='bbox 167 5714 596 5788; x_wconf 12' lang='grc' dir='ltr'>δῶνγόνομάτων</span> <span class='ocrx_word' id='word_1_788' title='bbox 648 5714 1101 5787; x_wconf 64' lang='grc' dir='ltr'>ἐναπομενόντωνξ</span> <span class='ocrx_word' id='word_1_789' title='bbox 1160 5714 1318 5772; x_wconf 77' lang='lat' dir='ltr'><strong>male.</strong></span> <span class='ocrx_word' id='word_1_790' title='bbox 1369 5720 1497 5788; x_wconf 68' lang='lat' dir='ltr'><strong>lieg.</strong></span> <span class='ocrx_word' id='word_1_791' title='bbox 1530 5714 1752 5784; x_wconf 78' lang='lat' dir='ltr'><strong>quartus</strong></span> 
     </span>
    </p>
   </div>
   <div class='ocr_carea' id='block_1_109' title="bbox 171 5786 1748 5860">
    <p class='ocr_par' dir='ltr' id='par_1_109' title="bbox 171 5786 1748 5860">
     <span class='ocr_line' id='line_1_111' title="bbox 171 5786 1748 5860; baseline -0.001 -18"><span class='ocrx_word' id='word_1_792' title='bbox 171 5787 393 5860; x_wconf 73' lang='grc' dir='ltr'>ψευδῶν</span> <span class='ocrx_word' id='word_1_793' title='bbox 424 5786 708 5855; x_wconf 79' lang='grc' dir='ltr'>νοημάτων</span> <span class='ocrx_word' id='word_1_794' title='bbox 757 5786 1195 5857; x_wconf 71' lang='grc' dir='ltr'>ἐναπομενόντων</span> <span class='ocrx_word' id='word_1_795' title='bbox 1225 5806 1237 5818; x_wconf 87' lang='grc'><strong>·</strong></span> <span class='ocrx_word' id='word_1_796' title='bbox 1268 5804 1294 5841; x_wconf 90' lang='lat' dir='ltr'><strong>a</strong></span> <span class='ocrx_word' id='word_1_797' title='bbox 1325 5806 1430 5859; x_wconf 68' lang='lat' dir='ltr'><strong>quo</strong></span> <span class='ocrx_word' id='word_1_798' title='bbox 1454 5786 1637 5843; x_wconf 75' lang='lat' dir='ltr'><strong>codice</strong></span> <span class='ocrx_word' id='word_1_799' title='bbox 1663 5789 1748 5841; x_wconf 86' lang='lat' dir='ltr'><strong>alii</strong></span> 
     </span>
    </p>
   </div>
   <div class='ocr_carea' id='block_1_110' title="bbox 1836 4521 3397 4595">
    <p class='ocr_par' dir='ltr' id='par_1_110' title="bbox 1836 4521 3397 4595">
     <span class='ocr_line' id='line_1_112' title="bbox 1836 4521 3397 4595; baseline -0.005 -16"><span class='ocrx_word' id='word_1_800' title='bbox 1836 4529 2151 4595; x_wconf 87' lang='lat' dir='ltr'><strong>terpretatio</strong></span> <span class='ocrx_word' id='word_1_801' title='bbox 2170 4541 2289 4580; x_wconf 88' lang='lat' dir='ltr'><strong>cum</strong></span> <span class='ocrx_word' id='word_1_802' title='bbox 2327 4544 2430 4581; x_wconf 88' lang='lat' dir='ltr'><strong>non</strong></span> <span class='ocrx_word' id='word_1_803' title='bbox 2460 4525 2691 4595; x_wconf 83' lang='lat' dir='ltr'><strong>placeret</strong></span> <span class='ocrx_word' id='word_1_804' title='bbox 2717 4523 3063 4595; x_wconf 82' lang='lat' dir='ltr'><strong>Combelisio,</strong></span> <span class='ocrx_word' id='word_1_805' title='bbox 3082 4521 3176 4595; x_wconf 75' lang='lat' dir='ltr'><strong>vir</strong></span> <span class='ocrx_word' id='word_1_806' title='bbox 3206 4521 3397 4595; x_wconf 68' lang='lat' dir='ltr'><strong>doctus</strong></span> 
     </span>
    </p>
   </div>
   <div class='ocr_carea' id='block_1_111' title="bbox 1837 4589 3395 4662">
    <p class='ocr_par' dir='ltr' id='par_1_111' title="bbox 1837 4589 3395 4662">
     <span class='ocr_line' id='line_1_113' title="bbox 1837 4589 3395 4662; baseline -0.004 -12"><span class='ocrx_word' id='word_1_807' title='bbox 1837 4589 2244 4650; x_wconf 42' lang='lat' dir='ltr'><strong>ita-emendavit</strong></span> <span class='ocrx_word' id='word_1_808' title='bbox 2271 4611 2285 4649; x_wconf 86' lang='lat'><strong>:</strong></span> <span class='ocrx_word' id='word_1_809' title='bbox 2313 4596 2381 4651; x_wconf 80' lang='lat' dir='ltr'><strong>At</strong></span> <span class='ocrx_word' id='word_1_810' title='bbox 2413 4589 2473 4647; x_wconf 46' lang='lat' dir='ltr'><strong>id&#39;</strong></span> <span class='ocrx_word' id='word_1_811' title='bbox 2498 4594 2613 4660; x_wconf 76' lang='lat' dir='ltr'><strong>ﬁeri</strong></span> <span class='ocrx_word' id='word_1_812' title='bbox 2635 4595 2829 4662; x_wconf 79' lang='lat' dir='ltr'><strong>nequit,</strong></span> <span class='ocrx_word' id='word_1_813' title='bbox 2854 4590 3168 4658; x_wconf 75' lang='lat' dir='ltr'><strong>impossibile</strong></span> <span class='ocrx_word' id='word_1_814' title='bbox 3183 4599 3278 4643; x_wconf 80' lang='lat' dir='ltr'><strong>est.</strong></span> <span class='ocrx_word' id='word_1_815' title='bbox 3315 4589 3395 4643; x_wconf 75' lang='lat' dir='ltr'><strong>Ad</strong></span> 
     </span>
    </p>
   </div>
   <div class='ocr_carea' id='block_1_112' title="bbox 1838 4661 3399 4721">
    <p class='ocr_par' dir='ltr' id='par_1_112' title="bbox 1838 4661 3399 4721">
     <span class='ocr_line' id='line_1_114' title="bbox 1838 4661 3399 4721; baseline -0.004 -3"><span class='ocrx_word' id='word_1_816' title='bbox 1838 4669 2057 4721; x_wconf 88' lang='lat' dir='ltr'><strong>verbum</strong></span> <span class='ocrx_word' id='word_1_817' title='bbox 2087 4667 2560 4721; x_wconf 79' lang='lat' dir='ltr'><strong>interpretabimur</strong></span> <span class='ocrx_word' id='word_1_818' title='bbox 2596 4681 2609 4717; x_wconf 91' lang='lat'><strong>:</strong></span> <span class='ocrx_word' id='word_1_819' title='bbox 2646 4661 2747 4717; x_wconf 72' lang='lat' dir='ltr'><strong>Sed</strong></span> <span class='ocrx_word' id='word_1_820' title='bbox 2779 4661 2874 4715; x_wconf 83' lang='lat' dir='ltr'><strong>hoc</strong></span> <span class='ocrx_word' id='word_1_821' title='bbox 2914 4678 3014 4713; x_wconf 79' lang='lat' dir='ltr'><strong>non</strong></span> <span class='ocrx_word' id='word_1_822' title='bbox 3067 4661 3202 4713; x_wconf 84' lang='lat' dir='ltr'><strong>ham:</strong></span> <span class='ocrx_word' id='word_1_823' title='bbox 3242 4669 3399 4717; x_wconf 72' lang='lat' dir='ltr'><strong>natu-</strong></span> 
     </span>
    </p>
   </div>
   <div class='ocr_carea' id='block_1_113' title="bbox 1840 4730 3400 4795">
    <p class='ocr_par' dir='ltr' id='par_1_113' title="bbox 1840 4730 3400 4795">
     <span class='ocr_line' id='line_1_115' title="bbox 1840 4730 3400 4795; baseline -0.004 -6"><span class='ocrx_word' id='word_1_824' title='bbox 1840 4752 1953 4789; x_wconf 85' lang='lat' dir='ltr'><strong>ram</strong></span> <span class='ocrx_word' id='word_1_825' title='bbox 1998 4738 2168 4789; x_wconf 82' lang='lat' dir='ltr'><strong>habet.</strong></span> <span class='ocrx_word' id='word_1_826' title='bbox 2204 4730 2314 4791; x_wconf 86' lang='lat' dir='ltr'><strong>Hoc</strong></span> <span class='ocrx_word' id='word_1_827' title='bbox 2343 4747 2425 4791; x_wconf 87' lang='lat' dir='ltr'><strong>est</strong></span> <span class='ocrx_word' id='word_1_828' title='bbox 2464 4754 2477 4790; x_wconf 89' lang='lat'><strong>:</strong></span> <span class='ocrx_word' id='word_1_829' title='bbox 2523 4733 2858 4789; x_wconf 81' lang='lat' dir='ltr'><strong>Mendacium</strong></span> <span class='ocrx_word' id='word_1_830' title='bbox 2889 4744 2997 4782; x_wconf 82' lang='lat' dir='ltr'><strong>non</strong></span> <span class='ocrx_word' id='word_1_831' title='bbox 3052 4730 3158 4783; x_wconf 85' lang='lat' dir='ltr'><strong>tale</strong></span> <span class='ocrx_word' id='word_1_832' title='bbox 3211 4739 3314 4795; x_wconf 86' lang='lat' dir='ltr'><strong>est,</strong></span> <span class='ocrx_word' id='word_1_833' title='bbox 3341 4738 3400 4783; x_wconf 76' lang='lat' dir='ltr'><strong>ut</strong></span> 
     </span>
    </p>
   </div>
   <div class='ocr_carea' id='block_1_114' title="bbox 1841 4799 3400 4879">
    <p class='ocr_par' dir='ltr' id='par_1_114' title="bbox 1841 4799 3400 4879">
     <span class='ocr_line' id='line_1_116' title="bbox 1841 4799 3400 4879; baseline -0.006 -18"><span class='ocrx_word' id='word_1_834' title='bbox 1841 4809 1911 4879; x_wconf 88' lang='lat' dir='ltr'><strong>sit</strong></span> <span class='ocrx_word' id='word_1_835' title='bbox 1932 4805 2278 4879; x_wconf 84' lang='grc' dir='ltr'>ἀνύπαρκτον</span> <span class='ocrx_word' id='word_1_836' title='bbox 2302 4808 2579 4879; x_wconf 75' lang='lat' dir='ltr'><strong>quiddam,</strong></span> <span class='ocrx_word' id='word_1_837' title='bbox 2614 4804 2978 4879; x_wconf 65' lang='lat' dir='ltr'><strong>consistetque</strong></span> <span class='ocrx_word' id='word_1_838' title='bbox 3004 4799 3174 4879; x_wconf 66' lang='lat' dir='ltr'><strong>solum</strong></span> <span class='ocrx_word' id='word_1_839' title='bbox 3217 4799 3273 4879; x_wconf 77' lang='lat' dir='ltr'><strong>in</strong></span> <span class='ocrx_word' id='word_1_840' title='bbox 3304 4814 3400 4879; x_wconf 73' lang='lat' dir='ltr'><strong>no—</strong></span> 
     </span>
    </p>
   </div>
   <div class='ocr_carea' id='block_1_115' title="bbox 1845 4870 3399 4945">
    <p class='ocr_par' dir='ltr' id='par_1_115' title="bbox 1845 4870 3399 4945">
     <span class='ocr_line' id='line_1_117' title="bbox 1845 4870 3399 4945; baseline -0.003 -16"><span class='ocrx_word' id='word_1_841' title='bbox 1845 4878 1987 4929; x_wconf 84' lang='lat' dir='ltr'><strong>miue</strong></span> <span class='ocrx_word' id='word_1_842' title='bbox 2015 4886 2069 4930; x_wconf 91' lang='lat' dir='ltr'><strong>et</strong></span> <span class='ocrx_word' id='word_1_843' title='bbox 2090 4870 2409 4945; x_wconf 69' lang='lat' dir='ltr'><strong>prolatione.</strong></span> <span class='ocrx_word' id='word_1_844' title='bbox 2443 4876 2633 4930; x_wconf 80' lang='lat' dir='ltr'><strong>Melius</strong></span> <span class='ocrx_word' id='word_1_845' title='bbox 2672 4875 2901 4945; x_wconf 66' lang='lat' dir='ltr'><strong>[artesae</strong></span> <span class='ocrx_word' id='word_1_846' title='bbox 2922 4882 2973 4924; x_wconf 84' lang='lat' dir='ltr'><strong>et</strong></span> <span class='ocrx_word' id='word_1_847' title='bbox 3002 4870 3296 4938; x_wconf 82' lang='lat' dir='ltr'><strong>simplicius</strong></span> <span class='ocrx_word' id='word_1_848' title='bbox 3320 4870 3399 4924; x_wconf 83' lang='lat' dir='ltr'><strong>sic</strong></span> 
     </span>
    </p>
   </div>
   <div class='ocr_carea' id='block_1_116' title="bbox 1843 4943 2959 5012">
    <p class='ocr_par' dir='ltr' id='par_1_116' title="bbox 1843 4943 2959 5012">
     <span class='ocr_line' id='line_1_118' title="bbox 1843 4943 2959 5012; baseline -0.006 -12"><span class='ocrx_word' id='word_1_849' title='bbox 1843 4943 2187 5012; x_wconf 80' lang='lat' dir='ltr'><strong>interpretari</strong></span> <span class='ocrx_word' id='word_1_850' title='bbox 2222 4949 2347 5003; x_wconf 90' lang='lat' dir='ltr'><strong>licet</strong></span> <span class='ocrx_word' id='word_1_851' title='bbox 2377 4963 2391 5000; x_wconf 91' lang='lat'>:</span> <span class='ocrx_word' id='word_1_852' title='bbox 2427 4945 2530 5001; x_wconf 89' lang='lat' dir='ltr'><strong>Sed</strong></span> <span class='ocrx_word' id='word_1_853' title='bbox 2562 4946 2614 4995; x_wconf 83' lang='lat' dir='ltr'><strong>id</strong></span> <span class='ocrx_word' id='word_1_854' title='bbox 2639 4959 2739 4995; x_wconf 84' lang='lat' dir='ltr'><strong>non</strong></span> <span class='ocrx_word' id='word_1_855' title='bbox 2763 4943 2835 4994; x_wconf 88' lang='lat' dir='ltr'><strong>ita</strong></span> <span class='ocrx_word' id='word_1_856' title='bbox 2864 4951 2959 4995; x_wconf 79' lang='lat' dir='ltr'><strong>est.</strong></span> 
     </span>
    </p>
   </div>
   <div class='ocr_carea' id='block_1_117' title="bbox 1915 5007 3400 5097">
    <p class='ocr_par' dir='ltr' id='par_1_117' title="bbox 1915 5007 3400 5097">
     <span class='ocr_line' id='line_1_119' title="bbox 1915 5007 3400 5097; baseline -0.003 -27"><span class='ocrx_word' id='word_1_857' title='bbox 1915 5007 2026 5097; x_wconf 71' lang='grc' dir='ltr'><strong>(ᾆο)</strong></span> <span class='ocrx_word' id='word_1_858' title='bbox 2068 5016 2370 5097; x_wconf 79' lang='lat' dir='ltr'><strong>Legendum</strong></span> <span class='ocrx_word' id='word_1_859' title='bbox 2412 5013 2629 5067; x_wconf 84' lang='grc' dir='ltr'>ποικίλα</span> <span class='ocrx_word' id='word_1_860' title='bbox 2687 5012 2987 5093; x_wconf 85' lang='grc' dir='ltr'>φαινόμενα</span> 
     </span>
    </p>
   </div>
   <div class='ocr_carea' id='block_1_118' title="bbox 1853 5080 3401 5156">
    <p class='ocr_par' dir='ltr' id='par_1_118' title="bbox 1853 5080 3401 5156">
     <span class='ocr_line' id='line_1_120' title="bbox 1853 5080 3401 5156; baseline -0.006 -17"><span class='ocrx_word' id='word_1_861' title='bbox 1853 5080 2099 5141; x_wconf 67' lang='lat' dir='ltr'><strong>Videmus</strong></span> <span class='ocrx_word' id='word_1_862' title='bbox 2142 5080 2302 5156; x_wconf 73' lang='lat' dir='ltr'><strong>igitur</strong></span> <span class='ocrx_word' id='word_1_863' title='bbox 2346 5090 2399 5139; x_wconf 85' lang='lat' dir='ltr'><strong>in</strong></span> <span class='ocrx_word' id='word_1_864' title='bbox 2441 5080 2709 5137; x_wconf 77' lang='lat' dir='ltr'><strong>communi</strong></span> <span class='ocrx_word' id='word_1_865' title='bbox 2738 5080 2980 5151; x_wconf 24' lang='lat' dir='ltr'><strong>ttsu‘qute</strong></span> <span class='ocrx_word' id='word_1_866' title='bbox 3013 5080 3181 5156; x_wconf 77' lang='lat' dir='ltr'><strong>subito</strong></span> <span class='ocrx_word' id='word_1_867' title='bbox 3218 5080 3401 5131; x_wconf 75' lang='lat' dir='ltr'><strong>nte-uis</strong></span> 
     </span>
    </p>
   </div>
   <div class='ocr_carea' id='block_1_119' title="bbox 1847 5151 3401 5229">
    <p class='ocr_par' dir='ltr' id='par_1_119' title="bbox 1847 5151 3401 5229">
     <span class='ocr_line' id='line_1_121' title="bbox 1847 5151 3401 5229; baseline -0.008 -19"><span class='ocrx_word' id='word_1_868' title='bbox 1847 5159 2037 5225; x_wconf 84' lang='lat' dir='ltr'><strong>impetu</strong></span> <span class='ocrx_word' id='word_1_869' title='bbox 2069 5151 2323 5227; x_wconf 63' lang='lat' dir='ltr'><strong>simplicia</strong></span> <span class='ocrx_word' id='word_1_870' title='bbox 2352 5158 2589 5229; x_wconf 73' lang='lat' dir='ltr'><strong>vitientur</strong></span> <span class='ocrx_word' id='word_1_871' title='bbox 2612 5164 2661 5208; x_wconf 86' lang='lat' dir='ltr'><strong>et</strong></span> <span class='ocrx_word' id='word_1_872' title='bbox 2697 5156 2875 5229; x_wconf 72' lang='lat' dir='ltr'><strong>unica,</strong></span> <span class='ocrx_word' id='word_1_873' title='bbox 2903 5151 3209 5229; x_wconf 44' lang='lat' dir='ltr'><strong>accuratius.</strong></span> <span class='ocrx_word' id='word_1_874' title='bbox 3228 5161 3401 5229; x_wconf 61' lang='lat' dir='ltr'><strong>autem</strong></span> 
     </span>
    </p>
   </div>
   <div class='ocr_carea' id='block_1_120' title="bbox 1846 5219 3403 5297">
    <p class='ocr_par' dir='ltr' id='par_1_120' title="bbox 1846 5219 3403 5297">
     <span class='ocr_line' id='line_1_122' title="bbox 1846 5219 3403 5297; baseline -0.009 -12"><span class='ocrx_word' id='word_1_875' title='bbox 1846 5219 2329 5297; x_wconf 52' lang='lat' dir='ltr'><strong>inquirendo&#39;oarm</strong></span> <span class='ocrx_word' id='word_1_876' title='bbox 2362 5221 2409 5281; x_wconf 75' lang='lat' dir='ltr'><strong>ei</strong></span> <span class='ocrx_word' id='word_1_877' title='bbox 2461 5227 2728 5297; x_wconf 12' lang='lat' dir='ltr'><strong>ntultai,__et1</strong></span> <span class='ocrx_word' id='word_1_878' title='bbox 2766 5223 2892 5297; x_wconf 62' lang='lat' dir='ltr'><strong>dum</strong></span> <span class='ocrx_word' id='word_1_879' title='bbox 2926 5229 3111 5297; x_wconf 51' lang='lat' dir='ltr'><strong>pacate</strong></span> <span class='ocrx_word' id='word_1_880' title='bbox 3156 5219 3403 5297; x_wconf 52' lang='lat' dir='ltr'><strong>dividun-</strong></span> 
     </span>
    </p>
   </div>
   <div class='ocr_carea' id='block_1_121' title="bbox 1850 5287 3401 5365">
    <p class='ocr_par' dir='ltr' id='par_1_121' title="bbox 1850 5287 3401 5365">
     <span class='ocr_line' id='line_1_123' title="bbox 1850 5287 3401 5365; baseline -0.006 -16"><span class='ocrx_word' id='word_1_881' title='bbox 1850 5287 1956 5359; x_wconf 68' lang='lat' dir='ltr'><strong>tur,</strong></span> <span class='ocrx_word' id='word_1_882' title='bbox 1991 5299 2102 5352; x_wconf 82' lang='lat' dir='ltr'><strong>sola</strong></span> <span class='ocrx_word' id='word_1_883' title='bbox 2122 5298 2438 5365; x_wconf 83' lang='lat' dir='ltr'><strong>cogitatione</strong></span> <span class='ocrx_word' id='word_1_884' title='bbox 2470 5292 2906 5365; x_wconf 61' lang='lat' dir='ltr'><strong>divisibiliqﬁici.</strong></span> <span class='ocrx_word' id='word_1_885' title='bbox 2926 5288 3092 5344; x_wconf 81' lang='lat' dir='ltr'><strong>Paulo</strong></span> <span class='ocrx_word' id='word_1_886' title='bbox 3114 5298 3237 5359; x_wconf 87' lang='lat' dir='ltr'><strong>post</strong></span> <span class='ocrx_word' id='word_1_887' title='bbox 3260 5289 3313 5342; x_wconf 76' lang='grc' dir='ltr'><strong>(Ι.</strong></span> <span class='ocrx_word' id='word_1_888' title='bbox 3343 5287 3401 5349; x_wconf 72' lang='grc'>2,</span> 
     </span>
    </p>
   </div>
   <div class='ocr_carea' id='block_1_122' title="bbox 1851 5361 2945 5437">
    <p class='ocr_par' dir='ltr' id='par_1_122' title="bbox 1851 5361 2945 5437">
     <span class='ocr_line' id='line_1_124' title="bbox 1851 5361 2945 5437; baseline -0.006 -17"><span class='ocrx_word' id='word_1_889' title='bbox 1851 5367 1965 5437; x_wconf 79' lang='lat' dir='ltr'><strong>lege</strong></span> <span class='ocrx_word' id='word_1_890' title='bbox 1995 5370 2112 5422; x_wconf 79' lang='grc' dir='ltr'>κατ’</span> <span class='ocrx_word' id='word_1_891' title='bbox 2133 5361 2373 5421; x_wconf 80' lang='grc' dir='ltr'>ἐπίνοιαν</span> <span class='ocrx_word' id='word_1_892' title='bbox 2404 5363 2703 5437; x_wconf 74' lang='grc' dir='ltr'>καὶταῦτα.</span> <span class='ocrx_word' id='word_1_893' title='bbox 2736 5361 2945 5437; x_wconf 62' lang='lat' dir='ltr'><strong>Matuta.</strong></span> 
     </span>
    </p>
   </div>
   <div class='ocr_carea' id='block_1_123' title="bbox 1921 5426 3405 5509">
    <p class='ocr_par' dir='ltr' id='par_1_123' title="bbox 1921 5426 3405 5509">
     <span class='ocr_line' id='line_1_125' title="bbox 1921 5426 3405 5509; baseline -0.009 -18"><span class='ocrx_word' id='word_1_894' title='bbox 1921 5426 2032 5509; x_wconf 59' lang='lat' dir='ltr'><strong>Z5!)</strong></span> <span class='ocrx_word' id='word_1_895' title='bbox 2076 5441 2204 5507; x_wconf 78' lang='lat' dir='ltr'><strong>Reg.</strong></span> <span class='ocrx_word' id='word_1_896' title='bbox 2257 5442 2487 5509; x_wconf 70' lang='lat' dir='ltr'><strong>tertius,</strong></span> <span class='ocrx_word' id='word_1_897' title='bbox 2519 5434 2728 5504; x_wconf 70' lang='grc' dir='ltr'>ἐπινοίᾳ</span> <span class='ocrx_word' id='word_1_898' title='bbox 2769 5432 2904 5503; x_wconf 79' lang='grc' dir='ltr'>μόνῃ</span> <span class='ocrx_word' id='word_1_899' title='bbox 2963 5428 3213 5509; x_wconf 79' lang='grc' dir='ltr'>θεωρητὰ</span> <span class='ocrx_word' id='word_1_900' title='bbox 3241 5426 3405 5509; x_wconf 35' lang='grc' dir='ltr'>’λέγι-</span> 
     </span>
    </p>
   </div>
   <div class='ocr_carea' id='block_1_124' title="bbox 1852 5497 3399 5571">
    <p class='ocr_par' dir='ltr' id='par_1_124' title="bbox 1852 5497 3399 5571">
     <span class='ocr_line' id='line_1_126' title="bbox 1852 5497 3399 5571; baseline -0.01 -7"><span class='ocrx_word' id='word_1_901' title='bbox 1852 5497 1960 5571; x_wconf 79' lang='grc' dir='ltr'>ταὶ,</span> <span class='ocrx_word' id='word_1_902' title='bbox 2017 5497 2224 5561; x_wconf 59' lang='lat' dir='ltr'><strong>ratione</strong></span> <span class='ocrx_word' id='word_1_903' title='bbox 2277 5510 2388 5562; x_wconf 80' lang='lat' dir='ltr'><strong>sola</strong></span> <span class='ocrx_word' id='word_1_904' title='bbox 2436 5497 2849 5560; x_wconf 51' lang='lat' dir='ltr'><strong>dicuntur&#39;eise</strong></span> <span class='ocrx_word' id='word_1_905' title='bbox 2879 5497 3399 5569; x_wconf 58' lang='lat' dir='ltr'><strong>&quot;comprehertsibtlia.</strong></span> 
     </span>
    </p>
   </div>
   <div class='ocr_carea' id='block_1_125' title="bbox 1854 5574 3400 5648">
    <p class='ocr_par' dir='ltr' id='par_1_125' title="bbox 1854 5574 3400 5648">
     <span class='ocr_line' id='line_1_127' title="bbox 1854 5574 3400 5648; baseline -0.008 -15"><span class='ocrx_word' id='word_1_906' title='bbox 1854 5582 1953 5633; x_wconf 81' lang='lat' dir='ltr'><strong>Alii</strong></span> <span class='ocrx_word' id='word_1_907' title='bbox 1978 5595 2071 5635; x_wconf 77' lang='lat' dir='ltr'><strong>sex</strong></span> <span class='ocrx_word' id='word_1_908' title='bbox 2106 5594 2233 5633; x_wconf 90' lang='lat' dir='ltr'><strong>mss.</strong></span> <span class='ocrx_word' id='word_1_909' title='bbox 2269 5589 2323 5630; x_wconf 88' lang='lat' dir='ltr'><strong>et</strong></span> <span class='ocrx_word' id='word_1_910' title='bbox 2344 5588 2571 5645; x_wconf 79' lang='lat' dir='ltr'><strong>utraque</strong></span> <span class='ocrx_word' id='word_1_911' title='bbox 2603 5576 2766 5648; x_wconf 81' lang='lat' dir='ltr'><strong>editio</strong></span> <span class='ocrx_word' id='word_1_912' title='bbox 2800 5588 2991 5642; x_wconf 82' lang='lat' dir='ltr'><strong>tnaguo</strong></span> <span class='ocrx_word' id='word_1_913' title='bbox 3016 5574 3157 5648; x_wconf 77' lang='lat' dir='ltr'><strong>inter</strong></span> <span class='ocrx_word' id='word_1_914' title='bbox 3185 5582 3400 5648; x_wconf 46' lang='lat' dir='ltr'><strong>seton.-</strong></span> 
     </span>
    </p>
   </div>
   <div class='ocr_carea' id='block_1_126' title="bbox 1852 5636 3408 5720">
    <p class='ocr_par' dir='ltr' id='par_1_126' title="bbox 1852 5636 3408 5720">
     <span class='ocr_line' id='line_1_128' title="bbox 1852 5636 3408 5720; baseline -0.009 -15"><span class='ocrx_word' id='word_1_915' title='bbox 1852 5666 2009 5705; x_wconf 75' lang='lat' dir='ltr'><strong>sensu</strong></span> <span class='ocrx_word' id='word_1_916' title='bbox 2040 5648 2249 5719; x_wconf 73' lang='grc' dir='ltr'>ἐπινοίᾳ</span> <span class='ocrx_word' id='word_1_917' title='bbox 2276 5649 2410 5720; x_wconf 81' lang='grc' dir='ltr'>μόνῃ</span> <span class='ocrx_word' id='word_1_918' title='bbox 2429 5636 2684 5720; x_wconf 71' lang='grc' dir='ltr'>διαιρετὰ</span> <span class='ocrx_word' id='word_1_919' title='bbox 2702 5636 2933 5713; x_wconf 75' lang='grc' dir='ltr'>λέγεταῖ,</span> <span class='ocrx_word' id='word_1_920' title='bbox 2969 5643 3166 5696; x_wconf 82' lang='lat' dir='ltr'><strong>ratione</strong></span> <span class='ocrx_word' id='word_1_921' title='bbox 3194 5638 3306 5693; x_wconf 75' lang='lat' dir='ltr'><strong>sola</strong></span> <span class='ocrx_word' id='word_1_922' title='bbox 3331 5636 3408 5692; x_wconf 63' lang='lat' dir='ltr'><strong>diu</strong></span> 
     </span>
    </p>
   </div>
   <div class='ocr_carea' id='block_1_127' title="bbox 1852 5718 2512 5775">
    <p class='ocr_par' dir='ltr' id='par_1_127' title="bbox 1852 5718 2512 5775">
     <span class='ocr_line' id='line_1_129' title="bbox 1852 5718 2512 5775; baseline 0 -2"><span class='ocrx_word' id='word_1_923' title='bbox 1852 5730 2039 5774; x_wconf 82' lang='lat' dir='ltr'><strong>cuntur</strong></span> <span class='ocrx_word' id='word_1_924' title='bbox 2067 5737 2174 5775; x_wconf 72' lang='lat' dir='ltr'><strong>esse</strong></span> <span class='ocrx_word' id='word_1_925' title='bbox 2212 5718 2512 5773; x_wconf 65' lang='lat' dir='ltr'><strong>dit-istoilia.</strong></span> 
     </span>
    </p>
   </div>
  </div>
