4058 6320
155 379 262 432 523

1259 370 1638 428 ADV'ERSUS
1675 368 2041 427 EUNOMIUM
2084 367 2212 422 LIB.
2255 361 2294 419 I.

3291 371 3392 430 595

136 501 425 572 ᾁυώνυμός
450 517 532 562 τις
556 498 652 552 ὢν·
687 498 747 551 οὐ
779 498 886 570 γὰρ
921 497 1098 553 πάντα
1133 496 1198 549 τὰ
1224 497 1460 566 ὀνόματα
1483 498 1561 559 είς
1585 512 1715 548 ταυ-

1831 499 1918 547 bus
1947 491 2200 560 praeditus
2229 504 2333 544 non
2362 498 2476 553 est;
2499 503 2597 544 nec
2627 490 2768 543 enim
2791 491 3008 545 nomina
3043 493 3220 547 omnia
3257 495 3395 549 inter

149 595 241 647 τὸν
269 592 514 662 ἀλλήλοις
554 592 727 662 φέρει.
755 590 916 642 Ἀλλο
948 589 1055 660 γὰρ
1077 589 1138 641 τὸ
1171 588 1564 658 σημαινόμενον
1604 605 1714 655 φω-

159 689 258 751 τὺς,
287 688 377 739 καὶ
415 684 541 739 ἄλλο
569 684 836 756 ἀμπέλου,
864 685 955 737 καὶ
983 681 1111 736 ἄλλο
1141 681 1285 746 ὁδοῦ,
1315 681 1407 733 κα)¹
1445 679 1572 733 ἄλλο
1599 697 1716 731 ποι-

153 781 330 849 μένος.
378 778 514 832 Ἀλλ’
552 779 609 832 ἓν
641 778 714 832 ὢν
758 777 900 831 κατά
939 776 999 829 τὸ
1045 776 1422 845 ὑποκείμενον,
1473 773 1567 827 καὶ
1619 773 1716 843 μία

149 871 304 924 οὐσία
317 872 406 923 καὶ
420 870 561 940 ἁπλῆ
575 871 669 923 κα).
681 868 987 930 ἀσύνθετος,
1003 866 1188 919 ἄλλοτε
1205 867 1376 930 ἄλλως
1396 866 1581 920 ἐαυτὸν
1604 864 1718 917 ὀνο-

155 967 333 1036 μάζει,
351 969 468 1029 ταῖς
488 965 749 1026 ἐπινοίαις
770 962 1128 1034 διαφερούσας
1152 962 1393 1032 ἀλλήλων
1415 960 1513 1022 τὰς
1547 976 1716 1031 προσ-

158 1060 376 1130 ηγορίας
395 1059 527 1129 μεθα
535 1077 565 1129 ρ
573 1057 882 1129 μοζόμενος.
896 1056 1052 1109 Κατὰ
1069 1056 1140 1124 γά
1151 1073 1181 1127 ρ
1198 1055 1294 1125 τὴν
1306 1054 1412 1107 τῶν
1429 1053 1718 1132 ἐνεργειῶν

151 1147 434 1220 διαφορὰν,
481 1148 573 1201 καὶ
617 1146 714 1216 τὴν
751 1146 887 1218 πρὸς
928 1145 996 1198 τὰ
1035 1144 1468 1216 εὐεργετούμενα
1514 1144 1716 1212 σχέσιν,

152 1241 380 1310 διάφορα
409 1235 581 1305 ἑαυτῷ
623 1237 716 1288 καὶ
748 1236 816 1287 τὰ
842 1235 1080 1304 ὀνόματα
1102 1235 1326 1288 τίθεται.
1350 1233 1468 1298 Φῶς
1494 1233 1592 1304 μὲν
1612 1233 1720 1304 γὰρ

153 1333 340 1386 ἑαυτὸν
375 1331 465 1384 τοῦ
513 1332 715 1400 κόσμου
750 1329 918 1397 λέγει,
950 1330 1010 1382 τό
1030 1346 1087 1380 τε
1123 1329 1413 1398 ἀπρόσιτον
1443 1327 1544 1396 τῆς
1569 1329 1626 1378 ἐν
1653 1329 1720 1398 τῇ

153 1422 534 1493 Θεότητιδὸξης
564 1421 639 1493 τῷ
666 1423 887 1493 ὀνόματι
916 1420 1087 1490 τούτῳ
1116 1419 1504 1490 διασημαίνων,
1525 1419 1618 1472 καὶ
1649 1419 1724 1482 ὡς

152 1521 222 1587 τῇ
250 1516 590 1587 λαμπρότητι
622 1515 722 1586 τῆς
750 1514 1003 1582 γνώσεως
1039 1513 1163 1575 τοὺς
1199 1512 1639 1582 κεκαθαρμένους
1666 1510 1724 1563 τὸ

149 1612 309 1679 ὄμμα
333 1607 431 1676 τῆς
451 1607 623 1678 ψυχῆς
653 1604 1008 1673 καταυγάζων
1028 1620 1045 1635 ⁸
1073 1603 1316 1675 ἄμπελον
1370 1603 1448 1666 δὲ,
1480 1603 1554 1666 ὡς
1597 1604 1724 1664 τοὺς

152 1702 212 1751 ἐν
255 1700 400 1770 αὐτῷ
433 1700 574 1754 κατά
615 1702 712 1772 τὴν
743 1700 926 1752 πίστιν
975 1698 1376 1769 ἐρῥιζωμένους
1423 1698 1509 1748 ἐπ’
1549 1695 1724 1766 ἔργων

148 1792 370 1861 ἀγαθῶν
393 1795 786 1865 καρποφορίαις
814 1793 1108 1862 ἐκτρέφων·
1135 1792 1294 1860 ἄρτον
1324 1789 1398 1855 δὲ,
1427 1788 1502 1850 ὡς
1534 1790 1727 1840 οἰκειο-

1817 601 1875 640 se
1890 585 2249 655 signiﬁcatum
2266 582 2510 636 eumdem
2531 597 2638 652 pra:
2661 598 2717 636 se
2738 583 2932 637 ferunt.
2949 582 3235 640 Enimvero
3252 585 3394 639 aliud

1817 675 1928 737 lux,
1973 677 2115 729 aliud
2153 675 2298 737 vitis,
2351 674 2495 726 aliud
2547 676 2652 738 via,
2687 674 2827 726 aliud
2873 686 3056 742 pastor
3100 676 3394 745 signiﬁcat.

1821 768 1926 822 Sed
1953 783 2074 822 cum
2102 783 2262 820 unum
2289 766 2358 821 sit
2399 766 2691 820 secundum
2732 766 3053 835 subjectum,
3087 767 3265 836 sitque
3291 785 3394 830 una

1819 861 2114 916 substantia
2153 860 2413 929 simplex,
2443 869 2497 914 et
2539 875 2645 912 non
2693 859 3022 927 composita,
3049 859 3182 912 alias
3237 860 3397 915 aliter

1820 968 1877 1007 se
1920 955 2033 1021 ipse
2092 952 2364 1015 nominat,
2397 953 2640 1006 diversas
2697 952 3087 1021 appellationes
3144 952 3284 1006 inter
3335 966 3395 1008 se

1820 1046 2028 1099 ratione
2094 1043 2411 1098 dissidentes
2466 1044 2567 1098 sibi
2629 1046 2728 1113 ipsi
2789 1045 3218 1100 accommodans.
3261 1042 3394 1097 Nam

1821 1153 1917 1206 pro
1946 1138 2320 1207 operationmn
2377 1137 2714 1199 diversitate,
2741 1147 2795 1192 et
2842 1152 2939 1207 pro
2977 1152 3039 1190 ea
3082 1133 3394 1191 habitudine

1819 1245 1980 1298 quam
2015 1231 2080 1283 ad
2113 1245 2174 1284 ea
2214 1229 2398 1294 habet,
2425 1245 2542 1297 qua:
2591 1229 2865 1284 beneﬁciis
2909 1231 3026 1300 ejus
3070 1229 3392 1294 aﬂiciuntur,

1823 1325 2035 1379 diversa
2064 1339 2278 1392 quoque
2309 1323 2413 1377 sibi
2441 1323 2659 1377 nomina
2710 1325 2956 1393 imponit.
2987 1323 3119 1377 Nam
3150 1323 3271 1378 ideo
3309 1339 3396 1378 se-

1823 1415 1998 1483 ipsum
2032 1415 2201 1468 lucem
2235 1413 2420 1467 mundi
2470 1414 2618 1477 dicit,
2650 1413 2790 1483 quod
2832 1414 3026 1482 partim
3060 1415 3394 1469 inaccessam

1824 1507 2037 1561 deitatis
2079 1506 2409 1575 majestatem
2464 1506 2565 1561 hoc
2606 1507 2821 1562 nomine
2858 1506 3120 1576 signiﬁcet
3145 1545 3161 1568 ,
3198 1509 3395 1577 partim

1823 1602 1966 1668 quod
2021 1600 2306 1667 splendore
2346 1601 2584 1655 scientia:
2635 1615 2728 1654 eos
2782 1600 2872 1667 qui
2929 1608 3178 1670 purgatos
3229 1600 3395 1653 animi

1826 1692 2011 1746 oculos
2039 1692 2254 1753 habent,
2287 1691 2571 1745 illuminet.
2607 1690 2783 1746 Vitem
2814 1708 2976 1758 vero,
3007 1694 3146 1762 quod
3172 1708 3267 1748 eos
3301 1695 3396 1763 qui

1827 1783 1879 1835 in
1906 1797 1970 1836 eo
2015 1797 2110 1850 per
2139 1783 2295 1836 ﬁdem
2357 1782 2567 1836 radices
2605 1797 2850 1852 egerunt,
2875 1782 3136 1839 bonorum
3173 1801 3394 1854 operum

152 1884 289 1953 τάτη
323 1888 492 1956 τροφὴ
525 1885 740 1952 λογικοῦ
791 1886 1090 1952 τυγχάνων,
1145 1881 1220 1952 τῷ
1265 1881 1574 1950 διακρατεῖν
1625 1881 1722 1949 τὴν

1831 1873 2102 1930 fertilitate
2148 1877 2406 1930 enutriat.
2464 1875 2662 1930 Panem
2719 1888 2919 1940 autem,
2958 1878 3102 1948 quod
3142 1879 3210 1933 sit
3247 1879 3399 1934 cibus

153 1977 411 2029 σύστασιν
431 1979 532 2046 τῆς
564 1979 759 2048 ψυχῆς,
788 1979 879 2029 καὶ
903 1977 964 2028 τὸ
996 1976 1189 2044 ἰδίωμα
1219 1974 1385 2042 αὐτῆς
1416 1969 1720 2036 διασώζειν,

152 2069 485 2141 ἀναπληρῶν
515 2070 625 2138 (58)
662 2070 746 2121 ἀεὶ
772 2069 898 2138 παρ’
923 2066 1114 2118 ἑαυτοῦ
1143 2065 1202 2117 τὸ
1230 2064 1424 2127 ἐνδέον,
1462 2063 1556 2116 κα)⁸
1589 2063 1725 2134 πρὸς

151 2161 253 2232 τὴν
305 2163 362 2227 ἐξ
409 2162 628 2228 ἀλογίας
680 2159 1030 2230 ἐγγινομένην
1085 2157 1396 2230 ἀρρωστίαν
1452 2157 1553 2209 οὐκ
1621 2155 1725 2208 ἐῶν

151 2254 518 2323 ὑποφέρεσθαι
561 2253 690 2322 (59).
724 2253 834 2306 Καὶ
880 2252 1050 2315 οῦτως
1085 2253 1148 2304 ἄν
1188 2270 1271 2314 τις
1305 2252 1412 2304 τῶν
1445 2251 1725 2320 ὀνομάτων

150 2344 382 2395 Ξκαστον
414 2343 681 2411 ἐφοδεύων
723 2344 971 2406 ποικίλας
1011 2342 1161 2412 εὖροι
1201 2343 1298 2404 τὰς
1339 2343 1579 2403 ἐπινοίας
1608 2342 1724 2402 ἐνὸς

152 2434 388 2486 ἑκάστου
427 2433 519 2485 τοῦ
559 2434 697 2486 κατά
730 2434 826 2505 τὴν
855 2434 1039 2485 οὐσίαν
1079 2435 1191 2494 τοῖς
1227 2433 1390 2484 πᾶσιν
1433 2432 1724 2500 ὑποκειμέ-

152 2543 270 2578 νου.
323 2525 416 2588 Τίς
455 2523 546 2578 οὖν
589 2526 729 2578 οὕτω
775 2525 869 2594 τὴν
912 2524 1161 2593 γλῶσσαν
1213 2524 1348 2595 πρὸς
1382 2522 1725 2594 βλασφημίαν

151 2618 441 2688 ἡκόνηται,
488 2618 626 2669 ὥστε
661 2616 922 2685 τολμῆσαι
974 2618 1147 2668 εἰπεῖν
1195 2619 1312 2680 ταῖς
1374 2620 1578 2685 φωναῖς
1630 2615 1728 2680 τὰς

153 2711 400 2772 ἐπινοίας
433 2708 630 2770 ταύτας
666 2707 1101 2773 συνδιαλόεσθαι;
1142 2710 1207 2762 Τί
1247 2705 1337 2762 οὖν
1367 2710 1562 2763 ἄτοπον
1589 2708 1728 2762 οὕτω

153 2803 254 2855 καὶ
285 2802 375 2854 ἐπὶ
407 2800 496 2852 τοῦ
531 2799 665 2852 Θεοῦ
707 2801 815 2853 τῶν
847 2801 983 2854 ὅλων
1031 2801 1404 2872 λαμῦἀνεσθαί
1438 2818 1558 2855 τινα
1608 2801 1726 2854 κατ’

156 2896 425 2959 ἐπίνοιαν,
469 2895 560 2946 καὶ
606 2895 736 2948 αὐτὸ
777 2895 933 2947 τοῦτο
985 2896 1199 2966 πρῶτον
1241 2895 1389 2966 (40),
1437 2896 1563 2966 περὶ
1600 2887 1659 2946 οὗ
1700 2896 1728 2945 ὁ

157 2988 382 3056 σύμπας
411 2989 540 3057 ἡμῖν
571 2987 849 3055 κεκίνηται
875 2987 1063 3054 λόγοςς
1097 2988 1413 3058 Εὑρήσομεν
1440 2985 1546 3055 γὰρ
1575 2984 1729 3036 οὐδα-

160 3081 282 3150 μῶς
300 3079 498 3150 ἑτέρως
518 3079 808 3148 λεγόμενον
837 3079 897 3130 τὸ
916 3079 1264 3147 ἀγέινητον.
1300 3077 1606 3147 Ἀιρίὶαρτον
1623 3076 1730 3148 γὰρ

157 3171 279 3240 (41)
306 3172 398 3223 καὶ
433 3171 724 3239 ἀγέννητον
749 3167 884 3222 εἶναι
912 3170 1000 3221 τὸν
1033 3169 1162 3221 Θεὸν
1197 3169 1300 3221 τῶν
1325 3169 1456 3221 ὅλων
1480 3169 1728 3242 λέγομεν,

156 3263 305 3316 κατὰ
347 3261 630 3330 διαφόρους
673 3260 925 3323 ἐπιϐολὰς
957 3266 1066 3323 τοῖς
1095 3261 1318 3330 ὀνόμασι
1334 3261 1542 3326 τούτοις
1575 3281 1733 3333 προσ-

156 3349 533 3419 αγορεύοντες.
555 3349 720 3401 ’Ὅταν
769 3352 866 3420 μὲν
895 3350 1001 3419 γὰρ
1031 3356 1109 3414 εἰς
1138 3353 1261 3415 τοῦς
1282 3352 1507 3406 κατόπιν
1535 3355 1733 3418 αἰῶνας

157 3436 580 3506 ἀποὸλέψιυμεν,
619 3439 1131 3507 ὑπερεκπῖπτουσαν
1165 3441 1348 3510 πάσης
1381 3443 1554 3512 ἀρχῆς
1583 3445 1733 3515 εὑρί-

159 3544 388 3591 σκοντες
422 3528 518 3599 τὴν
546 3527 688 3600 ζωὴν
716 3529 808 3582 τοῦ
850 3530 1005 3596 Θεοῦ,
1051 3533 1341 3603 ἀγέννητον
1389 3533 1548 3586 αὑτὸν
1581 3534 1734 3602 λέγο-

163 3637 269 3688 μεν
289 3638 300 3648 ·
333 3621 460 3674 ὅταν
487 3621 542 3674 δὲ
572 3626 682 3685 τοῖς
709 3624 1096 3694 ἐπερχομένοις
1127 3625 1286 3678 αἰῶσι
1312 3627 1400 3679 τὸν
1421 3626 1543 3679 νοῦν
1573 3629 1736 3681 ἐπεκ-

155 3712 447 3782 τείνωμεν,
483 3715 573 3767 τὸν
611 3715 859 3785 ἀόριστον
884 3717 994 3785 (42)
1026 3719 1120 3772 καὶ
1156 3720 1402 3790 ἄπειρον,
1438 3720 1528 3773 καὶ
1562 3721 1735 3774 οὐδενὶ

157 3803 309 3856 τέλει
359 3807 701 3877 καταληπτὸν
752 3811 1226 3881 προσαγορεύομεν
1295 3812 1591 3885 ἄφθαρτον.
1652 3815 1736 3877 Ὡς

158 3891 260 3949 οῦν
303 3895 364 3947 τδ
397 3897 745 3969 ἀτελεύτητον
787 3899 884 3969 τῆς
916 3901 1060 3971 ζωῆς
1095 3903 1206 3972 (45)
1264 3898 1737 3976 ἀφθαρτον,ὀῦτιι›

161 3987 224 4040 τὸ
265 3987 496 4057 ἄναρχον
547 3990 716 4060 αὐτῆς
749 3990 1037 4061 ἀγέννητον
1066 3993 1398 4064 ὠνομάσῡη,⁹
1431 3999 1496 4066 τῇ
1530 3997 1738 4067 ἐπινοίᾳ,

161 4079 517 4148 Οεωρούντων
537 4084 568 4150 ἡ
577 4082 693 4150 μῶν
715 4083 968 4154 ἑκάτερα.
1004 4084 1098 4148 Τίς
1121 4083 1210 4139 οῦν
1235 4088 1448 4158 ἀντερεῖ
1476 4087 1630 4156 λόγος
1647 4091 1740 4141 καὶ

161 4173 498 4226 ἐπινοεῖσθαι
527 4175 633 4226 τῶν
671 4177 947 4247 ὀνομάτων
976 4178 1177 4233 τούτων
1201 4181 1475 4252 ἑκάτερον,
1495 4184 1587 4235 καὶ
1614 4185 1740 4253 ὁμο-

160 4265 358 4334 λογίαν
401 4261 538 4319 εἷναι
571 4266 662 4320 τοῦ
699 4268 818 4320 κατ’
855 4268 1113 4339 ἀλήθειαν
1143 4269 1218 4341 τῷ
1251 4271 1370 4342 Θεῷ
1408 4275 1736 4344 προσόντος;

171 4359 237 4411 Ὀ
255 4357 397 4421 δὲὼς
419 4359 699 4430 μαχόμενα
720 4359 892 4413 ταῦτα
909 4363 1001 4414 καὶ
1016 4363 1116 4415 ἀσύ
1126 4363 1303 4432 μϐατα
1337 4366 1610 4430 παντελῶς
1629 4368 1739 4438 (44)

161 4451 264 4504 ἀπ’
287 4450 527 4520 ἀλλήλων
563 4451 830 4522 διίστησι·
863 4454 943 4511 τὸ,
975 4457 1028 4507 τί
1061 4457 1176 4508 κατ’
1212 4458 1454 4513 ἐπίνοιαν
1487 4461 1543 4512 τὶ
1585 4461 1739 4529 λέγε-

1825 1969 2016 2021 mentis
2062 1970 2294 2022 tnaxime
2336 1969 2620 2039 proprius,
2656 1974 2854 2038 quippe
2877 1971 2984 2039 .qui
3039 1971 3233 2025 anima:
3285 1980 3398 2025 sta-

1827 2071 1935 2114 tum
1971 2061 2239 2116 sustineat
2265 2072 2426 2132 atque
2459 2066 2845 2132 proprietatem
2880 2063 2996 2130 ejus
3026 2074 3328 2128 conservet,
3348 2064 3398 2117 id

1825 2157 1966 2225 quod
1994 2157 2149 2210 deest
2194 2155 2414 2226 explens
2461 2171 2673 2226 semper
2718 2158 2782 2210 de
2824 2158 3021 2224 seipse,
3065 2172 3164 2212 nec
3198 2157 3398 2211 sensim

1827 2248 2003 2301 delabi
2034 2251 2218 2302 sinens
2249 2250 2313 2302 ad
2349 2264 2468 2302 eam
2510 2265 2629 2319 quae
2656 2267 2717 2304 ex
2761 2249 2986 2304 rationis
3017 2249 3196 2320 inopia
3219 2264 3402 2305 emer-

1825 2340 1902 2410 git
1934 2338 2323 2394 inﬁrmitatem.
2353 2341 2502 2407 Quod
2535 2343 2578 2394 si
2606 2341 2870 2410 quispiam
2919 2343 2989 2395 ita
3033 2342 3250 2397 nomina
3290 2342 3403 2397 sin-

1824 2432 1948 2501 gula
1974 2442 2272 2502 percurrat,
2293 2435 2529 2488 rationes
2554 2433 2732 2488 varias
2759 2434 3002 2488 invenire
3024 2434 3242 2503 poterit,
3264 2443 3400 2487 tam-

1825 2526 1925 2580 etsi
1950 2526 2240 2580 secundum
2267 2527 2621 2580 substantiam
2657 2542 2816 2580 unum
2848 2535 2902 2580 et
2927 2525 3065 2580 idem
3102 2525 3399 2594 subjeCtum

1826 2627 1910 2673 est
1943 2617 2214 2671 omnibus.
2255 2617 2388 2684 Quis
2425 2619 2589 2689 igitur
2629 2618 2707 2674 sic
2737 2628 2976 2688 paratam
3037 2617 3104 2674 ad
3139 2618 3404 2687 blasphe-

1829 2710 2082 2764 mandum
2141 2711 2302 2766 habet
2350 2711 2608 2781 linguam,
2651 2722 2709 2766 ut
2744 2713 2923 2766 dicere
2975 2713 3192 2775 audeat,
3241 2711 3403 2768 simul

1827 2815 1947 2852 cum
1980 2803 2200 2856 vocibus
2226 2803 2321 2856 bas
2371 2801 2741 2871 perceptiones
2784 2803 3002 2857 interire
3025 2803 3048 2857 'I
3069 2803 3207 2870 Quid
3241 2801 3404 2873 igitur

1827 2891 2044 2944 absurdi
2068 2901 2168 2958 est,
2195 2892 2259 2946 ad
2285 2893 2427 2947 hunc
2457 2893 2617 2946 etiam
2653 2894 2867 2946 modmn
2891 2894 2960 2949 de
2992 2895 3099 2949 Deo
3122 2894 3404 2948 universo-

1831 2998 1944 3036 rum
1967 2982 2383 3054 219qumdam
2408 2985 2701 3038 secundum
2720 2984 3116 3053 perceptionem
3135 2984 3330 3054 accipi,
3348 2994 3404 3039 et

1833 3077 1933 3128 hoc
1969 3075 2138 3141 ipsum
2170 3073 2422 3143 primum,
2455 3075 2522 3128 de
2553 3089 2658 3144 quo
2693 3076 2848 3130 nobis
2892 3085 3000 3132 tota
3045 3078 3290 3133 instituta
3321 3091 3407 3135 est

1834 3167 2159 3236 disputatio?
2186 3166 2460 3238 Nusquam
2483 3170 2624 3224 enim
2663 3173 2995 3240 reperiemus
3023 3189 3208 3230 vocem
3240 3175 3403 3241 hanc,

1834 3258 2322 3325 ingenerationem,
2375 3259 2533 3312 aliter
2609 3262 2880 3330 usurpari.
2941 3262 3404 3331 lncorruptibilem

1833 3363 2067 3416 namque
2099 3363 2160 3401 ac
2206 3348 2504 3419 ingenitum
2547 3350 2712 3405 Deum
2751 3354 3126 3408 universorum
3152 3355 3403 3419 dicimus,

1833 3455 1952 3494 eum
1981 3456 2077 3510 pro
2103 3441 2316 3498 diversa
2352 3445 2570 3500 notione
2596 3446 2680 3500 his
2723 3445 3029 3502 nominibus
3052 3447 3405 3518 appellantes.

1834 3533 1964 3588 Cum
1994 3537 2137 3590 enim
2163 3537 2215 3591 in
2250 3546 2522 3593 transacta
2543 3539 2656 3607 jam
2684 3539 2881 3592 smeula
2917 3540 3256 3607 respicimus,
3287 3540 3409 3595 Dei-

1835 3644 1938 3698 que
1971 3631 2079 3682 vita
2109 3631 2429 3700 principium
2457 3646 2615 3686 omne
2648 3647 2907 3702 superare
2936 3649 2965 3686 a
3001 3633 3156 3688 nobis
3192 3634 3407 3689 inveni-

1838 3731 1957 3788 tur,
1983 3731 2109 3777 tunc
2139 3725 2433 3793 ingenitum
2482 3726 2652 3791 ipsum
2704 3725 2975 3781 dicimus:
3016 3743 3137 3782 cum
3184 3741 3312 3783 vero
3351 3729 3405 3783 in

1839 3815 2016 3871 futura
2064 3818 2256 3872 sazcula
2311 3818 2692 3886 cogitationem
2728 3820 3089 3886 extendimus,
3126 3835 3273 3888 eum,
3308 3837 3406 3878 ceu

1840 3907 2103 3965 inﬁnitum
2152 3925 2214 3964 ac
2250 3910 2590 3979 immensum,
2617 3928 2714 3967 nec
2757 3913 2864 3967 ullo
2904 3913 3008 3968 ﬁne
3053 3916 3409 3985 comprehen-

1839 4016 1976 4065 sum,
2011 4016 2264 4056 vocamus
2295 4002 2769 4073 incorruptibilem.
2804 4006 3262 4072 Quemadmodum
3311 4007 3409 4075 igi-

1841 4101 1927 4144 tur
1956 4092 2060 4145 vita
2092 4091 2195 4148 ﬁne
2222 4109 2414 4151 carens
2430 4098 2625 4152 dicitur
2653 4098 3135 4167 iucorruptihilitas
3168 4117 3182 4152 :
3213 4099 3285 4153 ita
3309 4115 3405 4154 ea-

1839 4184 1957 4238 dem
1998 4187 2244 4257 priucipii
2275 4203 2467 4258 expers
2507 4201 2732 4244 vocatur
2765 4190 3118 4259 ingeneratio,
3141 4198 3250 4243 tum
3281 4206 3406 4245 cum

1839 4288 2068 4349 utraque
2095 4296 2191 4350 per
2218 4292 2450 4337 mentem
2478 4285 2838 4353 speculamur.
2871 4283 2984 4349 Qua
3009 4283 3171 4352 igitur
3199 4284 3409 4339 ratione

1841 4375 2144 4443 ttegahitur,
2179 4384 2231 4429 et
2285 4376 2398 4429 haec
2453 4388 2680 4444 utraque
2734 4377 2950 4431 nomina
3002 4377 3324 4448 excogitari,
3354 4387 3410 4432 ct

1842 4464 1957 4533 ejus
1985 4466 2127 4535 quod
2161 4481 2344 4519 revera
2379 4467 2485 4520 Deo
2526 4468 2665 4521 inest
2703 4467 3098 4523 confessionem
3127 4470 3294 4525 esse?
3317 4469 3411 4523 Ille

164 4542 318 4607 σθαι,
347 4543 441 4594 καὶ
468 4543 530 4595 τὸ
557 4543 905 4615 ἀποπληροῦν
924 4546 1000 4615 τῷ
1021 4547 1137 4617 Θεῷ
1163 4548 1272 4618 (45)
1305 4553 1401 4620 τὴν
1430 4553 1523 4606 τοῦ
1554 4551 1690 4606 εἶναι
1716 4556 1728 4607 ί

1845 4574 1971 4614 vero
2005 4569 2257 4629 tauquam
2299 4560 2344 4613 si
2373 4559 2485 4614 bare
2517 4560 2658 4616 inter
2687 4576 2745 4617 se
2773 4572 3093 4631 pugnarent,
3128 4577 3230 4618 nec
3269 4562 3409 4617 inter

163 4636 318 4687 ἐστιν
345 4635 374 4685 6
381 4634 653 4704 μολογίαν.

1847 4663 1906 4703 se
1933 4649 2207 4704 conciliari
2247 4648 2354 4702 ullo
2385 4651 2542 4704 modo
2581 4659 2822 4721 possent,
2851 4652 3076 4707 alterum
3121 4653 3189 4706 ab
3236 4653 3409 4708 altero

164 4729 1054 4794 dirimit:inﬁciaturvidelicet,et
1078 4732 1276 4803 aliquid
1297 4734 1398 4789 dici
1421 4736 1572 4805 juxta
1602 4737 1766 4791 animi
1808 4743 2226 4812 perceptionem,
2287 4750 2343 4797 et
2391 4757 2487 4810 per
2515 4744 2619 4797 hoc
2651 4743 2824 4812 ipsum
2875 4743 2983 4798 Deo
3028 4742 3262 4811 persolvi
3296 4744 3412 4814 ejus

161 4819 314 4889 quod
347 4827 432 4871 est
465 4822 876 4876 confessionem.

391 4995 610 5076 Xeteres
638 5001 982 5076 aliqu_ot__libri
1017 5006 1107 5057 καὶ
1130 5005 1476 5076 ἀναπληρων.

245 5070 365 5139 (59)
390 5068 531 5148 βξίξιί
581 5085 702 5148 cum
731 5068 906 5126 iCoib.
951 5083 1004 5126 et
1030 5076 1190 5148 Reg.
1224 5068 1410 5148 quin-to
1444 5077 1740 5148 ⁸ἀποφέρε-

166 5141 341 5216 ρθ-αιη
381 5140 486 5216 Alii
543 5139 781 5216 quinque
822 5158 960 5216 mss.
1019 5139 1409 5216 ὑποῷέρεσθαι.
1443 5146 1559 5202 Mox
1590 5139 1739 5201 'eiliti

163 5212 293 5274 ἐνὸς
322 5210 576 5264 ἑκάστου.
610 5208 719 5262 Vox
740 5211 966 5265 ἑκάστου
1001 5208 1150 5268 deest
1181 5208 1231 5267 in
1259 5217 1436 5269 nniltis
1466 5233 1596 5272 mss.

244 5281 361 5350 (40)
419 5281 559 5334 Editi
595 5291 647 5333 et
693 5279 827 5348 Reg.
887 5284 1154 5337 secundus
1199 5285 1292 5336 καὶ
1337 5286 1468 5339 αὐτὸ
1502 5287 1656 5340 τοῦτο
1680 5288 1741 5341 τὸ

160 5351 469 5421 ἀγέννητον
502 5351 739 5424 πρῶτον.
775 5353 926 5418 illud,
953 5353 1013 5406 τὸ
1060 5355 1373 5424 ἀγέννητον,
1426 5358 1737 5421 delevit-tus,

164 5423 408 5500 aliorum
443 5435 536 5476 sex
564 5422 807 5476 codicum
835 5434 888 5476 et
917 5422 1167 5480 editionis
1210 5422 1343 5479 Ven.
1365 5431 1738 5482 auctoritatem

161 5500 371 5545 SCCUII.

243 5559 501 5630 (H)llla,
538 5562 847 5636 'Apliqpcov
874 5563 1002 5635 γάρ,
1049 5577 1179 5629 etc.,
1229 5565 1393 5621 refert
1450 5567 1743 5636 Gregorius

161 5630 472 5704 Nysaenusl
499 5630 735 5704 tomoill,
772 5630 895 5702 pag.
953 5630 1079 5695 824,
1136 5652 1303 5704 eaque
1344 5630 1603 5692 adversus
1652 5655 1742 5693 ca-

157 5700 683 5774 lum_n_ias_Eunomii
717 5700 877 5774 docte
899 5717 952 5758 et
986 5700 1491 5774 copiose’defendit.

238 5769 356 5838 (42)
403 5771 542 5827 Editi
598 5781 652 5826 et
711 5773 844 5846 Reg.
911 5769 1131 5848 quintus
1175 5778 1267 5832 τὸν
1324 5778 1598 5851 ἀόριστον.
1637 5779 1740 5835 Alii

1850 5007 2087 5080 quinque
2144 5022 2274 5080 mss.
2313 5007 2374 5062 τὸ
2401 5008 2686 5080 ἀόριστον.
2715 5007 2917 5063 ibidem
2957 5007 3216 5080 scriptum
3259 5007 3414 5080 inveg

1851 5078 2079 5150 niturgin
2119 5079 2286 5133 tribus
2316 5078 2854 5150 ςοόίοἱίιιιςᾶληπτον
2885 5093 2981 5150 pro
3009 5079 3234 5150 ἄπειρον
3270 5096 3285 5110 ·
3316 5079 3410 5133 sed

1847 5162 1946 5221 ypx
1982 5148 2208 5221 ἄπειρον
2241 5151 2436 5219 legitur
2458 5153 2509 5203 in
2539 5149 2658 5202 aliis
2685 5148 2813 5209 mss.
2839 5159 2896 5202 et
2923 5149 2987 5221 in,
3013 5148 3423 5221 ipsoGregorio.

1846 5215 2128 5289 Nysseno,’
2165 5215 2526 5288 licet'alioqui
2558 5235 2662 5272 non
2694 5234 2908 5289 seraper
2955 5219 3147 5273 iisdem
3187 5215 3409 5275 vocibus

1847 5299 2050 5353 utatur,
2085 5290 2278 5359 quibus
2319 5290 2568 5359 Basilius.

1918 5359 2030 5432 (45)
2056 5356 2291 5432 Aittiqui
2318 5371 2428 5413 tres
2454 5358 2584 5432 libri
2603 5358 2972 5432 redditae-rev
2993 5359 3091 5430 τῆς
3117 5357 3285 5432 ζωῆς.
3306 5356 3410 5432 lbi-

1844 5428 1965 5486 detn
2005 5428 2131 5483 editi
2163 5431 2228 5483 τὸ
2261 5430 2492 5501 ἄναρχον
2527 5428 2783 5484 αὑτοῦ....
2834 5428 3295 5501 ἐπιθεωρούντων.
3341 5429 3411 5484 At

1844 5516 1976 5555 Inss.
2003 5501 2099 5563 ita,
2138 5511 2193 5553 ut
2220 5501 2506 5556 edidimus.

1917 5570 2026 5642 (44)
2060 5571 2503 5642 Editiontraque
2540 5587 2661 5625 cum
2723 5569 2850 5639 Reg.
2893 5572 3078 5639 quinto
3105 5571 3198 5642 καὶ
3234 5568 3408 5642 ἀσύμ-

1845 5639 2016 5696 σαντα
2071 5639 2373 5704 παντελῶς.
2424 5641 2529 5696 Alii
2579 5657 2674 5695 sex
2733 5657 2862 5696 mss.
2913 5642 3007 5695 καὶ
3067 5639 3357 5711 ἀσύμβατα
3388 5675 3410 5706 ,

1847 5721 2014 5766 τεειει.

1916 5782 2030 5853 (45)
2057 5779 2198 5838 Ειιίιὶ
2225 5781 2315 5836 τοῦ
2350 5780 2505 5837 Θεοῦ.
2543 5781 2688 5839 Libri
2725 5791 2932 5838 veteres
2959 5781 3034 5854 τῷ
3055 5781 3194 5853 Θεῷ.
