  <div class='ocr_page' id='page_1' title='image "/cluster/home/n/w/nwhite01/storage/ocr_20150623/29/pst.000005712274/668.png"; bbox 0 0 4058 6320; ppageno 0'>
   <div class='ocr_carea' id='block_1_1' title="bbox 143 315 278 370">
    <p class='ocr_par' dir='ltr' id='par_1_1' title="bbox 143 315 278 370">
     <span class='ocr_line' id='line_1_1' title="bbox 143 315 278 370; baseline 0.044 -6"><span class='ocrx_word' id='word_1_1' title='bbox 143 315 278 370; x_wconf 59' lang='grc' dir='ltr'><strong>τρε)</strong></span> 
     </span>
    </p>
   </div>
   <div class='ocr_carea' id='block_1_2' title="bbox 1258 330 2277 395">
    <p class='ocr_par' dir='ltr' id='par_1_2' title="bbox 1258 330 2277 395">
     <span class='ocr_line' id='line_1_2' title="bbox 1258 330 2277 395; baseline 0.012 -13"><span class='ocrx_word' id='word_1_2' title='bbox 1258 330 1624 389; x_wconf 70' lang='grc' dir='ltr'><strong>ΑΜἘΒΞυΒ</strong></span> <span class='ocrx_word' id='word_1_3' title='bbox 1664 336 2027 394; x_wconf 70' lang='grc' dir='ltr'><strong>ΕΠΝΟΜΙΠΜ</strong></span> <span class='ocrx_word' id='word_1_4' title='bbox 2069 339 2193 394; x_wconf 85' lang='lat' dir='ltr'><strong>LIB.</strong></span> <span class='ocrx_word' id='word_1_5' title='bbox 2236 340 2277 395; x_wconf 91' lang='grc'><strong>1.</strong></span> 
     </span>
    </p>
   </div>
   <div class='ocr_carea' id='block_1_3' title="bbox 3288 353 3393 407">
    <p class='ocr_par' dir='ltr' id='par_1_3' title="bbox 3288 353 3393 407">
     <span class='ocr_line' id='line_1_3' title="bbox 3288 353 3393 407; baseline 0.01 -3"><span class='ocrx_word' id='word_1_6' title='bbox 3288 353 3393 407; x_wconf 72' lang='grc' dir='ltr'><strong>5Ἴο</strong></span> 
     </span>
    </p>
   </div>
   <div class='ocr_carea' id='block_1_4' title="bbox 157 430 1709 531">
    <p class='ocr_par' dir='ltr' id='par_1_4' title="bbox 157 430 1709 531">
     <span class='ocr_line' id='line_1_4' title="bbox 157 430 1709 531; baseline 0.016 -51"><span class='ocrx_word' id='word_1_7' title='bbox 157 430 231 531; x_wconf 66' lang='lat'><strong>:1?</strong></span> <span class='ocrx_word' id='word_1_8' title='bbox 242 431 321 499; x_wconf 74' lang='grc' dir='ltr'><strong>γώ</strong></span> <span class='ocrx_word' id='word_1_9' title='bbox 343 435 476 501; x_wconf 73' lang='grc' dir='ltr'>ειμι,</span> <span class='ocrx_word' id='word_1_10' title='bbox 530 436 624 489; x_wconf 79' lang='grc' dir='ltr'>καὶ</span> <span class='ocrx_word' id='word_1_11' title='bbox 665 438 774 491; x_wconf 80' lang='grc' dir='ltr'><strong>οὐκ</strong></span> <span class='ocrx_word' id='word_1_12' title='bbox 826 439 1173 513; x_wconf 75' lang='grc' dir='ltr'>ἠλλοίωμαι,</span> <span class='ocrx_word' id='word_1_13' title='bbox 1206 448 1264 501; x_wconf 78' lang='grc' dir='ltr'>τὸ</span> <span class='ocrx_word' id='word_1_14' title='bbox 1291 450 1376 502; x_wconf 81' lang='grc' dir='ltr'><strong>ἀεὶ</strong></span> <span class='ocrx_word' id='word_1_15' title='bbox 1412 451 1603 504; x_wconf 82' lang='grc' dir='ltr'>ταυτὸν</span> <span class='ocrx_word' id='word_1_16' title='bbox 1638 454 1709 505; x_wconf 68' lang='grc' dir='ltr'>κα⁴</span> 
     </span>
    </p>
   </div>
   <div class='ocr_carea' id='block_1_5' title="bbox 1811 430 3390 531">
    <p class='ocr_par' dir='ltr' id='par_1_5' title="bbox 1832 442 3390 531">
     <span class='ocr_line' id='line_1_5' title="bbox 1832 442 3390 531; baseline 0.008 -26"><span class='ocrx_word' id='word_1_17' title='bbox 1832 455 2077 508; x_wconf 83' lang='lat' dir='ltr'><strong>audimus</strong></span> <span class='ocrx_word' id='word_1_18' title='bbox 2116 456 2256 524; x_wconf 89' lang='lat' dir='ltr'><strong>quod</strong></span> <span class='ocrx_word' id='word_1_19' title='bbox 2310 452 2494 507; x_wconf 78' lang='lat' dir='ltr'><strong>Posuit</strong></span> <span class='ocrx_word' id='word_1_20' title='bbox 2548 442 2779 511; x_wconf 78' lang='lat' dir='ltr'><strong>tenebras</strong></span> <span class='ocrx_word' id='word_1_21' title='bbox 2816 458 3091 514; x_wconf 81' lang='lat' dir='ltr'><strong>latibulum</strong></span> <span class='ocrx_word' id='word_1_22' title='bbox 3146 464 3390 531; x_wconf 80' lang='lat' dir='ltr'><strong>suum“,</strong></span> 
     </span>
    </p>
   </div>
   <div class='ocr_carea' id='block_1_6' title="bbox 140 517 1721 606">
    <p class='ocr_par' dir='ltr' id='par_1_6' title="bbox 140 517 1721 606">
     <span class='ocr_line' id='line_1_6' title="bbox 140 517 1721 606; baseline 0.016 -37"><span class='ocrx_word' id='word_1_23' title='bbox 140 517 431 589; x_wconf 70' lang='grc' dir='ltr'>ἄτρεπτον</span> <span class='ocrx_word' id='word_1_24' title='bbox 479 523 577 593; x_wconf 83' lang='grc' dir='ltr'><strong>τῆς</strong></span> <span class='ocrx_word' id='word_1_25' title='bbox 632 524 776 589; x_wconf 83' lang='grc' dir='ltr'><strong>θείας</strong></span> <span class='ocrx_word' id='word_1_26' title='bbox 814 530 999 594; x_wconf 88' lang='grc' dir='ltr'>οὐσίας</span> <span class='ocrx_word' id='word_1_27' title='bbox 1040 535 1408 606; x_wconf 75' lang='grc' dir='ltr'>μανθάνομεν.</span> <span class='ocrx_word' id='word_1_28' title='bbox 1460 539 1581 603; x_wconf 81' lang='grc' dir='ltr'><strong>Πῶς</strong></span> <span class='ocrx_word' id='word_1_29' title='bbox 1630 537 1721 594; x_wconf 83' lang='grc' dir='ltr'><strong>οὖν</strong></span> 
     </span>
    </p>
   </div>
   <div class='ocr_carea' id='block_1_7' title="bbox 137 611 1721 701">
    <p class='ocr_par' dir='ltr' id='par_1_7' title="bbox 137 611 1721 701">
     <span class='ocr_line' id='line_1_7' title="bbox 137 611 1721 701; baseline 0.016 -41"><span class='ocrx_word' id='word_1_30' title='bbox 137 611 287 701; x_wconf 63' lang='grc' dir='ltr'>οὐχ)</span> <span class='ocrx_word' id='word_1_31' title='bbox 316 614 479 681; x_wconf 84' lang='grc' dir='ltr'>μανία</span> <span class='ocrx_word' id='word_1_32' title='bbox 504 617 697 687; x_wconf 76' lang='grc' dir='ltr'>σαφὴς,</span> <span class='ocrx_word' id='word_1_33' title='bbox 722 619 795 690; x_wconf 86' lang='grc' dir='ltr'>μὴ</span> <span class='ocrx_word' id='word_1_34' title='bbox 825 619 953 674; x_wconf 76' lang='grc' dir='ltr'>ἴδιον</span> <span class='ocrx_word' id='word_1_35' title='bbox 975 626 1361 697; x_wconf 84' lang='grc' dir='ltr'><strong>σημαινόμενον</strong></span> <span class='ocrx_word' id='word_1_36' title='bbox 1387 630 1596 701; x_wconf 81' lang='grc' dir='ltr'><strong>ἑκάστῳ</strong></span> <span class='ocrx_word' id='word_1_37' title='bbox 1616 633 1721 685; x_wconf 81' lang='grc' dir='ltr'><strong>τῶν</strong></span> 
     </span>
    </p>
   </div>
   <div class='ocr_carea' id='block_1_8' title="bbox 141 700 1721 795">
    <p class='ocr_par' dir='ltr' id='par_1_8' title="bbox 141 700 1721 795">
     <span class='ocr_line' id='line_1_8' title="bbox 141 700 1721 795; baseline 0.018 -45"><span class='ocrx_word' id='word_1_38' title='bbox 141 700 441 771; x_wconf 80' lang='grc' dir='ltr'>ὀνομάτων</span> <span class='ocrx_word' id='word_1_39' title='bbox 490 708 884 782; x_wconf 81' lang='grc' dir='ltr'>ὑποϐεϐλῆσθαι</span> <span class='ocrx_word' id='word_1_40' title='bbox 946 714 1142 782; x_wconf 81' lang='grc' dir='ltr'>λέγειν,</span> <span class='ocrx_word' id='word_1_41' title='bbox 1207 718 1371 783; x_wconf 82' lang='grc' dir='ltr'>ἀλλὰ,</span> <span class='ocrx_word' id='word_1_42' title='bbox 1425 700 1577 792; x_wconf 63' lang='grc' dir='ltr'>παρὰ</span> <span class='ocrx_word' id='word_1_43' title='bbox 1624 724 1721 795; x_wconf 80' lang='grc' dir='ltr'>τὴν</span> 
     </span>
    </p>
   </div>
   <div class='ocr_carea' id='block_1_9' title="bbox 140 794 1715 885">
    <p class='ocr_par' dir='ltr' id='par_1_9' title="bbox 140 794 1715 885">
     <span class='ocr_line' id='line_1_9' title="bbox 140 794 1715 885; baseline 0.017 -41"><span class='ocrx_word' id='word_1_44' title='bbox 140 794 444 865; x_wconf 79' lang='grc' dir='ltr'>ἐνέργειαν</span> <span class='ocrx_word' id='word_1_45' title='bbox 468 799 600 870; x_wconf 79' lang='grc'>(55),</span> <span class='ocrx_word' id='word_1_46' title='bbox 642 804 813 856; x_wconf 83' lang='grc' dir='ltr'>πάντα</span> <span class='ocrx_word' id='word_1_47' title='bbox 841 807 1035 859; x_wconf 84' lang='grc' dir='ltr'>ταυτὸν</span> <span class='ocrx_word' id='word_1_48' title='bbox 1062 808 1313 864; x_wconf 81' lang='grc' dir='ltr'>δύνασθαι</span> <span class='ocrx_word' id='word_1_49' title='bbox 1346 813 1589 885; x_wconf 81' lang='grc' dir='ltr'>ἀλλήλοις</span> <span class='ocrx_word' id='word_1_50' title='bbox 1640 794 1715 870; x_wconf 60' lang='grc' dir='ltr'><strong>δέ-</strong></span> 
     </span>
    </p>
   </div>
   <div class='ocr_carea' id='block_1_10' title="bbox 145 887 1719 976">
    <p class='ocr_par' dir='ltr' id='par_1_10' title="bbox 145 887 1719 976">
     <span class='ocr_line' id='line_1_10' title="bbox 145 887 1719 976; baseline 0.017 -40"><span class='ocrx_word' id='word_1_51' title='bbox 145 887 447 957; x_wconf 77' lang='grc' dir='ltr'>ορὶζεσθαι</span> <span class='ocrx_word' id='word_1_52' title='bbox 474 892 541 944; x_wconf 79' lang='grc' dir='ltr'>τὰ</span> <span class='ocrx_word' id='word_1_53' title='bbox 564 894 832 965; x_wconf 79' lang='grc' dir='ltr'>ὀνόματα;</span> <span class='ocrx_word' id='word_1_54' title='bbox 862 899 1090 953; x_wconf 80' lang='grc' dir='ltr'><strong>Ἔπειτα</strong></span> <span class='ocrx_word' id='word_1_55' title='bbox 1121 903 1214 953; x_wconf 81' lang='grc' dir='ltr'>ἐὰν</span> <span class='ocrx_word' id='word_1_56' title='bbox 1232 904 1321 955; x_wconf 76' lang='grc' dir='ltr'><strong>καὶ</strong></span> <span class='ocrx_word' id='word_1_57' title='bbox 1342 905 1518 976; x_wconf 81' lang='grc' dir='ltr'>δῶμεν</span> <span class='ocrx_word' id='word_1_58' title='bbox 1546 908 1719 972; x_wconf 75' lang='grc' dir='ltr'>τοῦτο,</span> 
     </span>
    </p>
   </div>
   <div class='ocr_carea' id='block_1_11' title="bbox 140 980 1718 1067">
    <p class='ocr_par' dir='ltr' id='par_1_11' title="bbox 140 980 1718 1067">
     <span class='ocr_line' id='line_1_11' title="bbox 140 980 1718 1067; baseline 0.017 -39"><span class='ocrx_word' id='word_1_59' title='bbox 140 980 426 1034; x_wconf 73' lang='grc' dir='ltr'>οὐδὀὖτω</span> <span class='ocrx_word' id='word_1_60' title='bbox 446 984 601 1037; x_wconf 80' lang='grc' dir='ltr'>πλέον</span> <span class='ocrx_word' id='word_1_61' title='bbox 630 988 807 1051; x_wconf 78' lang='grc' dir='ltr'>αὐτοῖς</span> <span class='ocrx_word' id='word_1_62' title='bbox 826 990 941 1042; x_wconf 84' lang='grc' dir='ltr'>οὐδὲ</span> <span class='ocrx_word' id='word_1_63' title='bbox 975 994 1053 1055; x_wconf 77' lang='grc' dir='ltr'>εἰς</span> <span class='ocrx_word' id='word_1_64' title='bbox 1074 992 1163 1045; x_wconf 72' lang='grc' dir='ltr'><strong>τὸν</strong></span> <span class='ocrx_word' id='word_1_65' title='bbox 1193 997 1390 1048; x_wconf 69' lang='grc' dir='ltr'>σκοπὸν</span> <span class='ocrx_word' id='word_1_66' title='bbox 1423 1000 1718 1067; x_wconf 80' lang='grc' dir='ltr'><strong>περιέσται.</strong></span> 
     </span>
    </p>
   </div>
   <div class='ocr_carea' id='block_1_12' title="bbox 141 1070 1720 1163">
    <p class='ocr_par' dir='ltr' id='par_1_12' title="bbox 141 1070 1720 1163">
     <span class='ocr_line' id='line_1_12' title="bbox 141 1070 1720 1163; baseline 0.016 -43"><span class='ocrx_word' id='word_1_67' title='bbox 141 1070 219 1121; x_wconf 77' lang='grc' dir='ltr'><strong>ΕΞ</strong></span> <span class='ocrx_word' id='word_1_68' title='bbox 272 1071 377 1143; x_wconf 81' lang='grc' dir='ltr'>γὰρ</span> <span class='ocrx_word' id='word_1_69' title='bbox 413 1076 582 1129; x_wconf 80' lang='grc' dir='ltr'>πάντα</span> <span class='ocrx_word' id='word_1_70' title='bbox 608 1077 795 1135; x_wconf 86' lang='grc' dir='ltr'>ταῦτα.</span> <span class='ocrx_word' id='word_1_71' title='bbox 818 1081 908 1132; x_wconf 75' lang='grc' dir='ltr'><strong>ἐπὶ</strong></span> <span class='ocrx_word' id='word_1_72' title='bbox 942 1083 1032 1135; x_wconf 90' lang='grc' dir='ltr'><strong>τοῦ</strong></span> <span class='ocrx_word' id='word_1_73' title='bbox 1067 1084 1198 1139; x_wconf 82' lang='grc' dir='ltr'>Θεοῦ</span> <span class='ocrx_word' id='word_1_74' title='bbox 1230 1087 1321 1141; x_wconf 75' lang='grc' dir='ltr'><strong>καὶ</strong></span> <span class='ocrx_word' id='word_1_75' title='bbox 1348 1089 1557 1161; x_wconf 69' lang='grc' dir='ltr'>Πατρὸς</span> <span class='ocrx_word' id='word_1_76' title='bbox 1580 1090 1720 1163; x_wconf 82' lang='grc' dir='ltr'>λαμ-</span> 
     </span>
    </p>
   </div>
   <div class='ocr_carea' id='block_1_13' title="bbox 139 1162 1722 1247">
    <p class='ocr_par' dir='ltr' id='par_1_13' title="bbox 139 1162 1722 1247">
     <span class='ocr_line' id='line_1_13' title="bbox 139 1162 1722 1247; baseline 0.016 -34"><span class='ocrx_word' id='word_1_77' title='bbox 139 1162 455 1235; x_wconf 76' lang='grc' dir='ltr'>ϐανόμενα,</span> <span class='ocrx_word' id='word_1_78' title='bbox 480 1168 575 1238; x_wconf 77' lang='grc' dir='ltr'><strong>τὴν</strong></span> <span class='ocrx_word' id='word_1_79' title='bbox 602 1170 785 1223; x_wconf 87' lang='grc' dir='ltr'>οὐσίαν</span> <span class='ocrx_word' id='word_1_80' title='bbox 817 1174 977 1227; x_wconf 83' lang='grc' dir='ltr'>αὐτοῦ</span> <span class='ocrx_word' id='word_1_81' title='bbox 1005 1178 1273 1247; x_wconf 79' lang='grc' dir='ltr'>σημαίνει,</span> <span class='ocrx_word' id='word_1_82' title='bbox 1296 1182 1355 1233; x_wconf 83' lang='grc' dir='ltr'><strong>τὸ</strong></span> <span class='ocrx_word' id='word_1_83' title='bbox 1375 1182 1722 1239; x_wconf 67' lang='grc' dir='ltr'>ἀναλλοίωτον</span> 
     </span>
    </p>
   </div>
   <div class='ocr_carea' id='block_1_14' title="bbox 136 1253 1723 1347">
    <p class='ocr_par' dir='ltr' id='par_1_14' title="bbox 136 1253 1723 1347">
     <span class='ocr_line' id='line_1_14' title="bbox 136 1253 1723 1347; baseline 0.016 -42"><span class='ocrx_word' id='word_1_84' title='bbox 136 1253 323 1322; x_wconf 68' lang='grc' dir='ltr'>λέγω,</span> <span class='ocrx_word' id='word_1_85' title='bbox 374 1260 465 1310; x_wconf 81' lang='grc' dir='ltr'><strong>καὶ</strong></span> <span class='ocrx_word' id='word_1_86' title='bbox 508 1260 566 1311; x_wconf 87' lang='grc' dir='ltr'><strong>τὸ</strong></span> <span class='ocrx_word' id='word_1_87' title='bbox 596 1261 843 1331; x_wconf 80' lang='grc' dir='ltr'>ἀόρατον,</span> <span class='ocrx_word' id='word_1_88' title='bbox 880 1267 972 1319; x_wconf 76' lang='grc' dir='ltr'>καὶ</span> <span class='ocrx_word' id='word_1_89' title='bbox 1005 1269 1065 1320; x_wconf 86' lang='grc' dir='ltr'><strong>τὸ</strong></span> <span class='ocrx_word' id='word_1_90' title='bbox 1108 1270 1401 1343; x_wconf 71' lang='grc' dir='ltr'>ἄφθαρτον,</span> <span class='ocrx_word' id='word_1_91' title='bbox 1438 1275 1723 1347; x_wconf 84' lang='grc' dir='ltr'>παραπλη-</span> 
     </span>
    </p>
   </div>
   <div class='ocr_carea' id='block_1_15' title="bbox 138 1348 1719 1432">
    <p class='ocr_par' dir='ltr' id='par_1_15' title="bbox 138 1348 1719 1432">
     <span class='ocr_line' id='line_1_15' title="bbox 138 1348 1719 1432; baseline 0.016 -36"><span class='ocrx_word' id='word_1_92' title='bbox 138 1348 294 1411; x_wconf 82' lang='grc' dir='ltr'>σίως</span> <span class='ocrx_word' id='word_1_93' title='bbox 344 1350 579 1417; x_wconf 83' lang='grc' dir='ltr'>δηλονότι</span> <span class='ocrx_word' id='word_1_94' title='bbox 627 1356 718 1406; x_wconf 81' lang='grc' dir='ltr'><strong>καὶ</strong></span> <span class='ocrx_word' id='word_1_95' title='bbox 773 1357 865 1409; x_wconf 77' lang='grc' dir='ltr'><strong>ἐπὶ</strong></span> <span class='ocrx_word' id='word_1_96' title='bbox 918 1359 1011 1413; x_wconf 84' lang='grc' dir='ltr'><strong>τοῦ</strong></span> <span class='ocrx_word' id='word_1_97' title='bbox 1073 1365 1390 1432; x_wconf 77' lang='grc' dir='ltr'>μονογενοῦς</span> <span class='ocrx_word' id='word_1_98' title='bbox 1450 1366 1577 1420; x_wconf 84' lang='grc' dir='ltr'>Υίοῦ</span> <span class='ocrx_word' id='word_1_99' title='bbox 1626 1369 1719 1421; x_wconf 82' lang='grc' dir='ltr'><strong>τοῦ</strong></span> 
     </span>
    </p>
   </div>
   <div class='ocr_carea' id='block_1_16' title="bbox 134 1437 1717 1529">
    <p class='ocr_par' dir='ltr' id='par_1_16' title="bbox 134 1437 1717 1529">
     <span class='ocr_line' id='line_1_16' title="bbox 134 1437 1717 1529; baseline 0.016 -41"><span class='ocrx_word' id='word_1_100' title='bbox 134 1437 295 1489; x_wconf 82' lang='grc' dir='ltr'>Θεοῦ</span> <span class='ocrx_word' id='word_1_101' title='bbox 332 1440 461 1510; x_wconf 75' lang='grc'>(54),</span> <span class='ocrx_word' id='word_1_102' title='bbox 516 1443 703 1508; x_wconf 84' lang='grc' dir='ltr'>οὐσίας</span> <span class='ocrx_word' id='word_1_103' title='bbox 752 1446 901 1503; x_wconf 82' lang='grc' dir='ltr'>ἔσται</span> <span class='ocrx_word' id='word_1_104' title='bbox 960 1452 1249 1522; x_wconf 78' lang='grc' dir='ltr'>δηλωτικά.</span> <span class='ocrx_word' id='word_1_105' title='bbox 1292 1458 1539 1529; x_wconf 85' lang='grc' dir='ltr'>Ἀόρατον</span> <span class='ocrx_word' id='word_1_106' title='bbox 1571 1461 1678 1527; x_wconf 88' lang='grc' dir='ltr'>γὰρ</span> <span class='ocrx_word' id='word_1_107' title='bbox 1703 1499 1717 1523; x_wconf 89' lang='grc'><strong>,</strong></span> 
     </span>
    </p>
   </div>
   <div class='ocr_carea' id='block_1_17' title="bbox 135 1531 1721 1619">
    <p class='ocr_par' dir='ltr' id='par_1_17' title="bbox 135 1531 1721 1619">
     <span class='ocr_line' id='line_1_17' title="bbox 135 1531 1721 1619; baseline 0.016 -39"><span class='ocrx_word' id='word_1_108' title='bbox 135 1531 253 1581; x_wconf 78' lang='grc' dir='ltr'><strong>καὶ</strong></span> <span class='ocrx_word' id='word_1_109' title='bbox 290 1532 661 1601; x_wconf 76' lang='grc' dir='ltr'>ἀναλλοίωτον,</span> <span class='ocrx_word' id='word_1_110' title='bbox 705 1541 798 1592; x_wconf 74' lang='grc' dir='ltr'>καὶ</span> <span class='ocrx_word' id='word_1_111' title='bbox 839 1543 1127 1615; x_wconf 65' lang='grc' dir='ltr'>ἄφθαρτον,</span> <span class='ocrx_word' id='word_1_112' title='bbox 1159 1551 1250 1599; x_wconf 83' lang='grc' dir='ltr'>κα).</span> <span class='ocrx_word' id='word_1_113' title='bbox 1291 1549 1493 1619; x_wconf 84' lang='grc' dir='ltr'>ἀμερῆ,</span> <span class='ocrx_word' id='word_1_114' title='bbox 1531 1552 1623 1604; x_wconf 76' lang='grc' dir='ltr'>καὶ</span> <span class='ocrx_word' id='word_1_115' title='bbox 1654 1552 1721 1606; x_wconf 79' lang='grc' dir='ltr'>τὰ</span> 
     </span>
    </p>
   </div>
   <div class='ocr_carea' id='block_1_18' title="bbox 133 1622 1717 1714">
    <p class='ocr_par' dir='ltr' id='par_1_18' title="bbox 133 1622 1717 1714">
     <span class='ocr_line' id='line_1_18' title="bbox 133 1622 1717 1714; baseline 0.016 -41"><span class='ocrx_word' id='word_1_116' title='bbox 133 1622 379 1676; x_wconf 80' lang='grc' dir='ltr'>τοιαῦτα</span> <span class='ocrx_word' id='word_1_117' title='bbox 416 1626 609 1685; x_wconf 84' lang='grc' dir='ltr'>πάντα.</span> <span class='ocrx_word' id='word_1_118' title='bbox 650 1633 742 1685; x_wconf 80' lang='grc' dir='ltr'><strong>καὶ</strong></span> <span class='ocrx_word' id='word_1_119' title='bbox 778 1634 867 1689; x_wconf 83' lang='grc' dir='ltr'><strong>τὸν</strong></span> <span class='ocrx_word' id='word_1_120' title='bbox 900 1640 1155 1709; x_wconf 73' lang='grc' dir='ltr'>μονογενῆ</span> <span class='ocrx_word' id='word_1_121' title='bbox 1200 1640 1323 1693; x_wconf 85' lang='grc' dir='ltr'>Υίὸν</span> <span class='ocrx_word' id='word_1_122' title='bbox 1363 1643 1717 1714; x_wconf 80' lang='grc' dir='ltr'>ὀνομάζομεν.</span> 
     </span>
    </p>
   </div>
   <div class='ocr_carea' id='block_1_19' title="bbox 134 1715 1721 1807">
    <p class='ocr_par' dir='ltr' id='par_1_19' title="bbox 134 1715 1721 1807">
     <span class='ocr_line' id='line_1_19' title="bbox 134 1715 1721 1807; baseline 0.016 -42"><span class='ocrx_word' id='word_1_123' title='bbox 134 1716 261 1767; x_wconf 66' lang='grc' dir='ltr'><strong>Καὶ</strong></span> <span class='ocrx_word' id='word_1_124' title='bbox 286 1715 427 1772; x_wconf 76' lang='grc' dir='ltr'>οὕτω</span> <span class='ocrx_word' id='word_1_125' title='bbox 449 1720 508 1772; x_wconf 87' lang='grc' dir='ltr'><strong>τὸ</strong></span> <span class='ocrx_word' id='word_1_126' title='bbox 538 1724 697 1792; x_wconf 71' lang='grc' dir='ltr'>σοφὸν</span> <span class='ocrx_word' id='word_1_127' title='bbox 722 1728 904 1791; x_wconf 89' lang='grc' dir='ltr'>αὐτοῖς</span> <span class='ocrx_word' id='word_1_128' title='bbox 931 1731 1009 1791; x_wconf 84' lang='grc' dir='ltr'>εἰς</span> <span class='ocrx_word' id='word_1_129' title='bbox 1029 1732 1088 1783; x_wconf 77' lang='grc' dir='ltr'><strong>τὸ</strong></span> <span class='ocrx_word' id='word_1_130' title='bbox 1111 1733 1349 1787; x_wconf 77' lang='grc' dir='ltr'>ἐναντίον</span> <span class='ocrx_word' id='word_1_131' title='bbox 1384 1736 1721 1807; x_wconf 82' lang='grc' dir='ltr'>περιελεύσε-</span> 
     </span>
    </p>
   </div>
   <div class='ocr_carea' id='block_1_20' title="bbox 130 1811 1715 1900">
    <p class='ocr_par' dir='ltr' id='par_1_20' title="bbox 130 1811 1715 1900">
     <span class='ocr_line' id='line_1_20' title="bbox 130 1811 1715 1900; baseline 0.014 -41"><span class='ocrx_word' id='word_1_132' title='bbox 130 1824 259 1900; x_wconf 74' lang='grc' dir='ltr'>ται.</span> <span class='ocrx_word' id='word_1_133' title='bbox 313 1811 387 1863; x_wconf 88' lang='grc' dir='ltr'>Οὐ</span> <span class='ocrx_word' id='word_1_134' title='bbox 434 1813 538 1884; x_wconf 75' lang='grc' dir='ltr'>γὰρ</span> <span class='ocrx_word' id='word_1_135' title='bbox 569 1816 679 1887; x_wconf 78' lang='grc'>(55)</span> <span class='ocrx_word' id='word_1_136' title='bbox 711 1819 909 1888; x_wconf 81' lang='grc' dir='ltr'>μᾶλλον</span> <span class='ocrx_word' id='word_1_137' title='bbox 936 1821 1023 1875; x_wconf 74' lang='grc' dir='ltr'>διὰ</span> <span class='ocrx_word' id='word_1_138' title='bbox 1067 1824 1124 1877; x_wconf 80' lang='grc' dir='ltr'>τὸ</span> <span class='ocrx_word' id='word_1_139' title='bbox 1168 1827 1225 1877; x_wconf 80' lang='grc' dir='ltr'><strong>ἐν</strong></span> <span class='ocrx_word' id='word_1_140' title='bbox 1254 1827 1351 1896; x_wconf 75' lang='grc' dir='ltr'>μιᾷ</span> <span class='ocrx_word' id='word_1_141' title='bbox 1380 1830 1715 1900; x_wconf 71' lang='grc' dir='ltr'>προσηγορία</span> 
     </span>
    </p>
   </div>
   <div class='ocr_carea' id='block_1_21' title="bbox 132 1899 1715 1985">
    <p class='ocr_par' dir='ltr' id='par_1_21' title="bbox 132 1899 1715 1985">
     <span class='ocr_line' id='line_1_21' title="bbox 132 1899 1715 1985; baseline 0.014 -34"><span class='ocrx_word' id='word_1_142' title='bbox 132 1899 409 1974; x_wconf 61' lang='grc' dir='ltr'>διάφορον</span> <span class='ocrx_word' id='word_1_143' title='bbox 461 1907 710 1978; x_wconf 82' lang='grc' dir='ltr'>ἀνόμοιον</span> <span class='ocrx_word' id='word_1_144' title='bbox 766 1913 906 1965; x_wconf 85' lang='grc' dir='ltr'><strong>κατά</strong></span> <span class='ocrx_word' id='word_1_145' title='bbox 958 1916 1052 1985; x_wconf 82' lang='grc' dir='ltr'><strong>τὴν</strong></span> <span class='ocrx_word' id='word_1_146' title='bbox 1108 1918 1293 1969; x_wconf 79' lang='grc' dir='ltr'>οὐσίαν</span> <span class='ocrx_word' id='word_1_147' title='bbox 1343 1920 1715 1973; x_wconf 75' lang='grc' dir='ltr'>ἀποδεικνύειν</span> 
     </span>
    </p>
   </div>
   <div class='ocr_carea' id='block_1_22' title="bbox 131 1992 1714 2081">
    <p class='ocr_par' dir='ltr' id='par_1_22' title="bbox 131 1992 1714 2081">
     <span class='ocr_line' id='line_1_22' title="bbox 131 1992 1714 2081; baseline 0.015 -39"><span class='ocrx_word' id='word_1_148' title='bbox 131 1992 384 2060; x_wconf 69' lang='grc' dir='ltr'>ἕξουσιν,</span> <span class='ocrx_word' id='word_1_149' title='bbox 422 1998 452 2068; x_wconf 80' lang='grc' dir='ltr'>ἢ</span> <span class='ocrx_word' id='word_1_150' title='bbox 493 2000 579 2052; x_wconf 74' lang='grc' dir='ltr'>διὰ</span> <span class='ocrx_word' id='word_1_151' title='bbox 610 2002 709 2073; x_wconf 78' lang='grc' dir='ltr'><strong>τὴν</strong></span> <span class='ocrx_word' id='word_1_152' title='bbox 748 2006 804 2055; x_wconf 83' lang='grc' dir='ltr'>ὲν</span> <span class='ocrx_word' id='word_1_153' title='bbox 841 2008 951 2067; x_wconf 85' lang='grc' dir='ltr'>τοῖς</span> <span class='ocrx_word' id='word_1_154' title='bbox 979 2006 1185 2059; x_wconf 80' lang='grc' dir='ltr'>πλείοσι</span> <span class='ocrx_word' id='word_1_155' title='bbox 1216 1997 1498 2062; x_wconf 82' lang='grc' dir='ltr'>κοινωνίαν</span> <span class='ocrx_word' id='word_1_156' title='bbox 1532 2012 1714 2081; x_wconf 83' lang='grc' dir='ltr'>ὅμοιον</span> 
     </span>
    </p>
   </div>
   <div class='ocr_carea' id='block_1_23' title="bbox 130 2084 1715 2171">
    <p class='ocr_par' dir='ltr' id='par_1_23' title="bbox 130 2084 1715 2171">
     <span class='ocr_line' id='line_1_23' title="bbox 130 2084 1715 2171; baseline 0.014 -38"><span class='ocrx_word' id='word_1_157' title='bbox 130 2084 427 2153; x_wconf 70' lang='grc' dir='ltr'>ὁμολογεῖν</span> <span class='ocrx_word' id='word_1_158' title='bbox 475 2090 566 2140; x_wconf 82' lang='grc' dir='ltr'>ὐπ’</span> <span class='ocrx_word' id='word_1_159' title='bbox 619 2091 787 2160; x_wconf 74' lang='grc' dir='ltr'>αὐτῆς</span> <span class='ocrx_word' id='word_1_160' title='bbox 836 2092 931 2161; x_wconf 81' lang='grc' dir='ltr'>τῆς</span> <span class='ocrx_word' id='word_1_161' title='bbox 981 2095 1221 2166; x_wconf 77' lang='grc' dir='ltr'>ἀνάγκης</span> <span class='ocrx_word' id='word_1_162' title='bbox 1272 2098 1380 2150; x_wconf 79' lang='grc' dir='ltr'><strong>τῶν</strong></span> <span class='ocrx_word' id='word_1_163' title='bbox 1412 2100 1715 2171; x_wconf 81' lang='grc' dir='ltr'>δεδομένων</span> 
     </span>
    </p>
   </div>
   <div class='ocr_carea' id='block_1_24' title="bbox 132 2178 1715 2262">
    <p class='ocr_par' dir='ltr' id='par_1_24' title="bbox 132 2178 1715 2262">
     <span class='ocr_line' id='line_1_24' title="bbox 132 2178 1715 2262; baseline 0.013 -35"><span class='ocrx_word' id='word_1_164' title='bbox 132 2178 615 2249; x_wconf 76' lang='grc' dir='ltr'>ἐκδιασθήσονται.</span> <span class='ocrx_word' id='word_1_165' title='bbox 644 2185 704 2235; x_wconf 80' lang='grc' dir='ltr'>Εἰ</span> <span class='ocrx_word' id='word_1_166' title='bbox 737 2186 791 2237; x_wconf 81' lang='grc' dir='ltr'>δὲ</span> <span class='ocrx_word' id='word_1_167' title='bbox 825 2186 971 2255; x_wconf 81' lang='grc' dir='ltr'>λέγοι</span> <span class='ocrx_word' id='word_1_168' title='bbox 994 2189 1085 2242; x_wconf 70' lang='grc' dir='ltr'>ἐπὶ</span> <span class='ocrx_word' id='word_1_169' title='bbox 1122 2190 1288 2262; x_wconf 86' lang='grc' dir='ltr'>μόνης</span> <span class='ocrx_word' id='word_1_170' title='bbox 1309 2193 1407 2262; x_wconf 83' lang='grc' dir='ltr'>τῆς</span> <span class='ocrx_word' id='word_1_171' title='bbox 1441 2193 1530 2245; x_wconf 85' lang='grc' dir='ltr'><strong>τοῦ</strong></span> <span class='ocrx_word' id='word_1_172' title='bbox 1558 2197 1715 2262; x_wconf 83' lang='grc' dir='ltr'>ἀγεν-</span> 
     </span>
    </p>
   </div>
   <div class='ocr_carea' id='block_1_25' title="bbox 131 2273 1714 2355">
    <p class='ocr_par' dir='ltr' id='par_1_25' title="bbox 131 2273 1714 2355">
     <span class='ocr_line' id='line_1_25' title="bbox 131 2273 1714 2355; baseline 0.013 -36"><span class='ocrx_word' id='word_1_173' title='bbox 131 2274 307 2338; x_wconf 78' lang='grc' dir='ltr'>νήτου</span> <span class='ocrx_word' id='word_1_174' title='bbox 333 2273 511 2341; x_wconf 59' lang='grc' dir='ltr'>φωνῆς</span> <span class='ocrx_word' id='word_1_175' title='bbox 540 2278 603 2346; x_wconf 83' lang='grc' dir='ltr'>τῇ</span> <span class='ocrx_word' id='word_1_176' title='bbox 646 2277 897 2350; x_wconf 73' lang='grc' dir='ltr'>εὐλαϐείᾳ</span> <span class='ocrx_word' id='word_1_177' title='bbox 933 2280 1041 2351; x_wconf 74' lang='grc'>(56)</span> <span class='ocrx_word' id='word_1_178' title='bbox 1074 2282 1245 2355; x_wconf 80' lang='grc' dir='ltr'>ταύτῃ</span> <span class='ocrx_word' id='word_1_179' title='bbox 1283 2285 1601 2354; x_wconf 84' lang='grc' dir='ltr'>κεχρῆσθαι,</span> <span class='ocrx_word' id='word_1_180' title='bbox 1624 2288 1714 2340; x_wconf 78' lang='grc' dir='ltr'><strong>ἐπ).</strong></span> 
     </span>
    </p>
   </div>
   <div class='ocr_carea' id='block_1_26' title="bbox 130 2360 1713 2449">
    <p class='ocr_par' dir='ltr' id='par_1_26' title="bbox 130 2360 1713 2449">
     <span class='ocr_line' id='line_1_26' title="bbox 130 2360 1713 2449; baseline 0.014 -38"><span class='ocrx_word' id='word_1_181' title='bbox 130 2360 197 2412; x_wconf 81' lang='grc' dir='ltr'>δὲ</span> <span class='ocrx_word' id='word_1_182' title='bbox 232 2361 343 2413; x_wconf 83' lang='grc' dir='ltr'><strong>τῶν</strong></span> <span class='ocrx_word' id='word_1_183' title='bbox 371 2362 542 2417; x_wconf 82' lang='grc' dir='ltr'>ἄλλων</span> <span class='ocrx_word' id='word_1_184' title='bbox 571 2368 892 2436; x_wconf 77' lang='grc' dir='ltr'>ἀφυλάκτως</span> <span class='ocrx_word' id='word_1_185' title='bbox 931 2373 1103 2442; x_wconf 80' lang='grc' dir='ltr'>ἔχειν’</span> <span class='ocrx_word' id='word_1_186' title='bbox 1134 2374 1292 2428; x_wconf 77' lang='grc' dir='ltr'>πάλιν</span> <span class='ocrx_word' id='word_1_187' title='bbox 1321 2377 1478 2429; x_wconf 82' lang='grc' dir='ltr'>αὐτὸν</span> <span class='ocrx_word' id='word_1_188' title='bbox 1505 2378 1713 2449; x_wconf 82' lang='grc' dir='ltr'>ἐρωτή-</span> 
     </span>
    </p>
   </div>
   <div class='ocr_carea' id='block_1_27' title="bbox 136 2457 1713 2534">
    <p class='ocr_par' dir='ltr' id='par_1_27' title="bbox 136 2457 1713 2534">
     <span class='ocr_line' id='line_1_27' title="bbox 136 2457 1713 2534; baseline 0.015 -31"><span class='ocrx_word' id='word_1_189' title='bbox 136 2470 354 2523; x_wconf 86' lang='grc' dir='ltr'>σωμεν,</span> <span class='ocrx_word' id='word_1_190' title='bbox 387 2457 469 2521; x_wconf 84' lang='grc' dir='ltr'><strong>τίς</strong></span> <span class='ocrx_word' id='word_1_191' title='bbox 497 2462 528 2529; x_wconf 85' lang='grc' dir='ltr'><strong>ή</strong></span> <span class='ocrx_word' id='word_1_192' title='bbox 554 2460 937 2534; x_wconf 78' lang='grc' dir='ltr'>ἀποκλήρωσις</span> <span class='ocrx_word' id='word_1_193' title='bbox 957 2466 1088 2533; x_wconf 86' lang='grc'>(57),</span> <span class='ocrx_word' id='word_1_194' title='bbox 1120 2466 1384 2521; x_wconf 81' lang='grc' dir='ltr'>τοσούτων</span> <span class='ocrx_word' id='word_1_195' title='bbox 1410 2470 1577 2525; x_wconf 76' lang='grc' dir='ltr'>δντων</span> <span class='ocrx_word' id='word_1_196' title='bbox 1607 2473 1713 2525; x_wconf 83' lang='grc' dir='ltr'>τῶν</span> 
     </span>
    </p>
   </div>
   <div class='ocr_carea' id='block_1_28' title="bbox 135 2548 1714 2637">
    <p class='ocr_par' dir='ltr' id='par_1_28' title="bbox 135 2548 1714 2637">
     <span class='ocr_line' id='line_1_28' title="bbox 135 2548 1714 2637; baseline 0.016 -42"><span class='ocrx_word' id='word_1_197' title='bbox 135 2548 279 2615; x_wconf 69' lang='grc' dir='ltr'>περὶ</span> <span class='ocrx_word' id='word_1_198' title='bbox 306 2548 439 2601; x_wconf 86' lang='grc' dir='ltr'>Θεοῦ</span> <span class='ocrx_word' id='word_1_199' title='bbox 470 2550 795 2622; x_wconf 77' lang='grc' dir='ltr'>λεγομένων,</span> <span class='ocrx_word' id='word_1_200' title='bbox 834 2558 890 2607; x_wconf 80' lang='grc' dir='ltr'><strong>ἐν</strong></span> <span class='ocrx_word' id='word_1_201' title='bbox 923 2558 1002 2608; x_wconf 73' lang='grc' dir='ltr'><strong>ὲν)</strong></span> <span class='ocrx_word' id='word_1_202' title='bbox 1031 2558 1207 2630; x_wconf 80' lang='grc' dir='ltr'>τούτῳ</span> <span class='ocrx_word' id='word_1_203' title='bbox 1248 2561 1393 2632; x_wconf 75' lang='grc' dir='ltr'>μόνῳ</span> <span class='ocrx_word' id='word_1_204' title='bbox 1421 2563 1517 2634; x_wconf 76' lang='grc' dir='ltr'>τὴν</span> <span class='ocrx_word' id='word_1_205' title='bbox 1559 2566 1714 2637; x_wconf 84' lang='grc' dir='ltr'>ἀκρί-</span> 
     </span>
    </p>
   </div>
   <div class='ocr_carea' id='block_1_29' title="bbox 135 2637 1712 2729">
    <p class='ocr_par' dir='ltr' id='par_1_29' title="bbox 135 2637 1712 2729">
     <span class='ocr_line' id='line_1_29' title="bbox 135 2637 1712 2729; baseline 0.016 -42"><span class='ocrx_word' id='word_1_206' title='bbox 135 2637 300 2690; x_wconf 75' lang='grc' dir='ltr'>ϐειαν</span> <span class='ocrx_word' id='word_1_207' title='bbox 337 2642 752 2711; x_wconf 79' lang='grc' dir='ltr'>ἐπιδείκνυσθαι,</span> <span class='ocrx_word' id='word_1_208' title='bbox 796 2648 887 2700; x_wconf 76' lang='grc' dir='ltr'><strong>καὶ</strong></span> <span class='ocrx_word' id='word_1_209' title='bbox 921 2650 976 2701; x_wconf 82' lang='grc' dir='ltr'>ὲν</span> <span class='ocrx_word' id='word_1_210' title='bbox 1024 2652 1101 2705; x_wconf 78' lang='grc' dir='ltr'><strong>ἐν),</strong></span> <span class='ocrx_word' id='word_1_211' title='bbox 1134 2652 1303 2723; x_wconf 81' lang='grc' dir='ltr'>τούτῳ</span> <span class='ocrx_word' id='word_1_212' title='bbox 1337 2656 1712 2729; x_wconf 82' lang='grc' dir='ltr'>ἀποπληροῦν-</span> 
     </span>
    </p>
   </div>
   <div class='ocr_carea' id='block_1_30' title="bbox 142 2728 1712 2815">
    <p class='ocr_par' dir='ltr' id='par_1_30' title="bbox 142 2728 1712 2815">
     <span class='ocr_line' id='line_1_30' title="bbox 142 2728 1712 2815; baseline 0.016 -38"><span class='ocrx_word' id='word_1_213' title='bbox 142 2744 212 2778; x_wconf 82' lang='grc' dir='ltr'><strong>τα</strong></span> <span class='ocrx_word' id='word_1_214' title='bbox 245 2728 358 2799; x_wconf 72' lang='grc'>(38)</span> <span class='ocrx_word' id='word_1_215' title='bbox 410 2733 558 2803; x_wconf 84' lang='grc' dir='ltr'>αὐτῷ</span> <span class='ocrx_word' id='word_1_216' title='bbox 587 2735 685 2805; x_wconf 83' lang='grc' dir='ltr'><strong>τὴν</strong></span> <span class='ocrx_word' id='word_1_217' title='bbox 714 2736 804 2790; x_wconf 83' lang='grc' dir='ltr'><strong>τοῦ</strong></span> <span class='ocrx_word' id='word_1_218' title='bbox 835 2736 972 2792; x_wconf 79' lang='grc' dir='ltr'>εἶναι</span> <span class='ocrx_word' id='word_1_219' title='bbox 1022 2742 1049 2794; x_wconf 85' lang='grc' dir='ltr'><strong>ὅ</strong></span> <span class='ocrx_word' id='word_1_220' title='bbox 1100 2744 1247 2797; x_wconf 77' lang='grc' dir='ltr'>ἐστιν</span> <span class='ocrx_word' id='word_1_221' title='bbox 1296 2728 1604 2815; x_wconf 86' lang='grc' dir='ltr'>ὁμολογίαν,</span> <span class='ocrx_word' id='word_1_222' title='bbox 1656 2751 1712 2803; x_wconf 79' lang='grc' dir='ltr'>ἐν</span> 
     </span>
    </p>
   </div>
   <div class='ocr_carea' id='block_1_31' title="bbox 139 2816 1712 2913">
    <p class='ocr_par' dir='ltr' id='par_1_31' title="bbox 139 2816 1712 2913">
     <span class='ocr_line' id='line_1_31' title="bbox 139 2816 1712 2913; baseline 0.017 -48"><span class='ocrx_word' id='word_1_223' title='bbox 139 2816 361 2886; x_wconf 78' lang='grc' dir='ltr'>ἑτέροις</span> <span class='ocrx_word' id='word_1_224' title='bbox 391 2822 771 2895; x_wconf 77' lang='grc' dir='ltr'>παμπληθέσιν</span> <span class='ocrx_word' id='word_1_225' title='bbox 801 2828 1171 2902; x_wconf 82' lang='grc' dir='ltr'>ἀνθρωπίναις</span> <span class='ocrx_word' id='word_1_226' title='bbox 1224 2837 1488 2913; x_wconf 72' lang='grc' dir='ltr'>ἐπινοίαις</span> <span class='ocrx_word' id='word_1_227' title='bbox 1516 2839 1712 2909; x_wconf 80' lang='grc' dir='ltr'>σεμνύ-</span> 
     </span>
    </p>
   </div>
   <div class='ocr_carea' id='block_1_32' title="bbox 140 2910 1714 2999">
    <p class='ocr_par' dir='ltr' id='par_1_32' title="bbox 140 2910 1714 2999">
     <span class='ocr_line' id='line_1_32' title="bbox 140 2910 1714 2999; baseline 0.018 -42"><span class='ocrx_word' id='word_1_228' title='bbox 140 2926 258 2961; x_wconf 86' lang='grc' dir='ltr'>νειν</span> <span class='ocrx_word' id='word_1_229' title='bbox 286 2910 361 2981; x_wconf 76' lang='grc' dir='ltr'>μὴ</span> <span class='ocrx_word' id='word_1_230' title='bbox 382 2912 498 2983; x_wconf 77' lang='grc'>’(59)</span> <span class='ocrx_word' id='word_1_231' title='bbox 536 2922 916 2987; x_wconf 82' lang='grc' dir='ltr'>παραιτεῖσθαι</span> <span class='ocrx_word' id='word_1_232' title='bbox 943 2942 957 2987; x_wconf 88' lang='grc'>;</span> <span class='ocrx_word' id='word_1_233' title='bbox 995 2926 1051 2978; x_wconf 90' lang='lat'><strong>&#39;0</strong></span> <span class='ocrx_word' id='word_1_234' title='bbox 1083 2927 1191 2997; x_wconf 81' lang='grc' dir='ltr'>γὰρ</span> <span class='ocrx_word' id='word_1_235' title='bbox 1219 2910 1475 2982; x_wconf 83' lang='grc' dir='ltr'>πλειόνων</span> <span class='ocrx_word' id='word_1_236' title='bbox 1509 2932 1714 2999; x_wconf 81' lang='grc' dir='ltr'>ὀφειλέ-</span> 
     </span>
    </p>
   </div>
   <div class='ocr_carea' id='block_1_33' title="bbox 136 3005 1711 3097">
    <p class='ocr_par' dir='ltr' id='par_1_33' title="bbox 136 3005 1711 3097">
     <span class='ocr_line' id='line_1_33' title="bbox 136 3005 1711 3097; baseline 0.02 -48"><span class='ocrx_word' id='word_1_237' title='bbox 136 3018 246 3070; x_wconf 79' lang='grc' dir='ltr'>της</span> <span class='ocrx_word' id='word_1_238' title='bbox 279 3005 340 3056; x_wconf 83' lang='grc' dir='ltr'><strong>οὐ</strong></span> <span class='ocrx_word' id='word_1_239' title='bbox 391 3008 586 3076; x_wconf 78' lang='grc' dir='ltr'>μᾶλλον</span> <span class='ocrx_word' id='word_1_240' title='bbox 609 3011 901 3085; x_wconf 83' lang='grc' dir='ltr'>εὐγνώμων</span> <span class='ocrx_word' id='word_1_241' title='bbox 930 3019 987 3069; x_wconf 82' lang='grc' dir='ltr'>ὲν</span> <span class='ocrx_word' id='word_1_242' title='bbox 1014 3020 1079 3088; x_wconf 78' lang='grc' dir='ltr'>τῇ</span> <span class='ocrx_word' id='word_1_243' title='bbox 1124 3018 1215 3071; x_wconf 85' lang='grc' dir='ltr'><strong>τοῦ</strong></span> <span class='ocrx_word' id='word_1_244' title='bbox 1263 3021 1379 3083; x_wconf 80' lang='grc' dir='ltr'>ἑνὸς</span> <span class='ocrx_word' id='word_1_245' title='bbox 1405 3024 1651 3079; x_wconf 84' lang='grc' dir='ltr'>ἀποδόσει</span> <span class='ocrx_word' id='word_1_246' title='bbox 1680 3026 1711 3097; x_wconf 80' lang='grc' dir='ltr'>ἢ</span> 
     </span>
    </p>
   </div>
   <div class='ocr_carea' id='block_1_34' title="bbox 1824 546 3393 616">
    <p class='ocr_par' dir='ltr' id='par_1_34' title="bbox 1824 546 3393 616">
     <span class='ocr_line' id='line_1_34' title="bbox 1824 546 3393 616; baseline 0.007 -17"><span class='ocrx_word' id='word_1_247' title='bbox 1824 546 2105 601; x_wconf 82' lang='lat' dir='ltr'><strong>invisibilis</strong></span> <span class='ocrx_word' id='word_1_248' title='bbox 2147 557 2349 601; x_wconf 61' lang='lat' dir='ltr'><strong>natura;</strong></span> <span class='ocrx_word' id='word_1_249' title='bbox 2386 547 2500 616; x_wconf 85' lang='lat' dir='ltr'><strong>ejus</strong></span> <span class='ocrx_word' id='word_1_250' title='bbox 2529 551 2893 606; x_wconf 83' lang='lat' dir='ltr'><strong>admonemur.</strong></span> <span class='ocrx_word' id='word_1_251' title='bbox 2924 552 3055 606; x_wconf 83' lang='lat' dir='ltr'><strong>Cum</strong></span> <span class='ocrx_word' id='word_1_252' title='bbox 3082 570 3266 608; x_wconf 84' lang='lat' dir='ltr'><strong>rursus</strong></span> <span class='ocrx_word' id='word_1_253' title='bbox 3293 571 3393 610; x_wconf 83' lang='lat' dir='ltr'><strong>au-</strong></span> 
     </span>
    </p>
   </div>
   <div class='ocr_carea' id='block_1_35' title="bbox 1822 639 3393 715">
    <p class='ocr_par' dir='ltr' id='par_1_35' title="bbox 1822 639 3393 715">
     <span class='ocr_line' id='line_1_35' title="bbox 1822 639 3393 715; baseline 0.01 -24"><span class='ocrx_word' id='word_1_254' title='bbox 1822 639 2001 692; x_wconf 88' lang='lat' dir='ltr'><strong>dimus</strong></span> <span class='ocrx_word' id='word_1_255' title='bbox 2029 639 2078 691; x_wconf 92' lang='lat' dir='ltr'><strong>id</strong></span> <span class='ocrx_word' id='word_1_256' title='bbox 2112 639 2251 707; x_wconf 92' lang='lat' dir='ltr'><strong>quod</strong></span> <span class='ocrx_word' id='word_1_257' title='bbox 2292 639 2342 691; x_wconf 95' lang='lat' dir='ltr'><strong>in</strong></span> <span class='ocrx_word' id='word_1_258' title='bbox 2377 655 2603 708; x_wconf 81' lang='lat' dir='ltr'><strong>persona</strong></span> <span class='ocrx_word' id='word_1_259' title='bbox 2635 642 2728 695; x_wconf 86' lang='lat' dir='ltr'><strong>Dei</strong></span> <span class='ocrx_word' id='word_1_260' title='bbox 2767 644 2965 699; x_wconf 90' lang='lat' dir='ltr'><strong>dicitur</strong></span> <span class='ocrx_word' id='word_1_261' title='bbox 3000 661 3014 697; x_wconf 88' lang='lat'><strong>:</strong></span> <span class='ocrx_word' id='word_1_262' title='bbox 3050 645 3161 715; x_wconf 83' lang='lat' dir='ltr'><strong>Ego</strong></span> <span class='ocrx_word' id='word_1_263' title='bbox 3188 660 3393 714; x_wconf 64' lang='lat' dir='ltr'><strong>sum,“</strong></span> 
     </span>
    </p>
   </div>
   <div class='ocr_carea' id='block_1_36' title="bbox 1822 730 3394 800">
    <p class='ocr_par' dir='ltr' id='par_1_36' title="bbox 1822 730 3394 800">
     <span class='ocr_line' id='line_1_36' title="bbox 1822 730 3394 800; baseline 0.01 -19"><span class='ocrx_word' id='word_1_264' title='bbox 1822 746 1922 782; x_wconf 85' lang='lat' dir='ltr'><strong>non</strong></span> <span class='ocrx_word' id='word_1_265' title='bbox 1955 742 2126 783; x_wconf 82' lang='lat' dir='ltr'><strong>mutor</strong></span> <span class='ocrx_word' id='word_1_266' title='bbox 2150 730 2225 796; x_wconf 75' lang='lat'><strong>°&#39;,</strong></span> <span class='ocrx_word' id='word_1_267' title='bbox 2256 742 2567 800; x_wconf 87' lang='lat' dir='ltr'><strong>perpetuam</strong></span> <span class='ocrx_word' id='word_1_268' title='bbox 2607 734 2939 791; x_wconf 88' lang='lat' dir='ltr'><strong>identitatem</strong></span> <span class='ocrx_word' id='word_1_269' title='bbox 2980 752 3041 792; x_wconf 86' lang='lat' dir='ltr'><strong>ac</strong></span> <span class='ocrx_word' id='word_1_270' title='bbox 3085 740 3394 796; x_wconf 80' lang='lat' dir='ltr'><strong>immutabi-</strong></span> 
     </span>
    </p>
   </div>
   <div class='ocr_carea' id='block_1_37' title="bbox 1821 822 3393 903">
    <p class='ocr_par' dir='ltr' id='par_1_37' title="bbox 1821 822 3393 903">
     <span class='ocr_line' id='line_1_37' title="bbox 1821 822 3393 903; baseline 0.01 -29"><span class='ocrx_word' id='word_1_271' title='bbox 1821 822 2026 875; x_wconf 79' lang='lat' dir='ltr'><strong>litatem</strong></span> <span class='ocrx_word' id='word_1_272' title='bbox 2064 823 2376 879; x_wconf 67' lang='lat' dir='ltr'><strong>substantiae</strong></span> <span class='ocrx_word' id='word_1_273' title='bbox 2403 824 2593 880; x_wconf 71' lang='lat' dir='ltr'><strong>divina:</strong></span> <span class='ocrx_word' id='word_1_274' title='bbox 2625 828 2995 900; x_wconf 89' lang='lat' dir='ltr'><strong>intelligimus.</strong></span> <span class='ocrx_word' id='word_1_275' title='bbox 3020 829 3206 887; x_wconf 85' lang='lat' dir='ltr'><strong>Nonne</strong></span> <span class='ocrx_word' id='word_1_276' title='bbox 3229 835 3393 903; x_wconf 84' lang='lat' dir='ltr'><strong>igitur</strong></span> 
     </span>
    </p>
   </div>
   <div class='ocr_carea' id='block_1_38' title="bbox 1824 910 3387 993">
    <p class='ocr_par' dir='ltr' id='par_1_38' title="bbox 1824 910 3387 993">
     <span class='ocr_line' id='line_1_38' title="bbox 1824 910 3387 993; baseline 0.01 -30"><span class='ocrx_word' id='word_1_277' title='bbox 1824 910 2105 965; x_wconf 76' lang='lat' dir='ltr'><strong>manifesta</strong></span> <span class='ocrx_word' id='word_1_278' title='bbox 2141 922 2221 966; x_wconf 86' lang='lat' dir='ltr'><strong>est</strong></span> <span class='ocrx_word' id='word_1_279' title='bbox 2263 914 2497 980; x_wconf 86' lang='lat' dir='ltr'><strong>insania,</strong></span> <span class='ocrx_word' id='word_1_280' title='bbox 2527 917 2571 969; x_wconf 90' lang='lat' dir='ltr'><strong>si</strong></span> <span class='ocrx_word' id='word_1_281' title='bbox 2617 916 2765 972; x_wconf 89' lang='lat' dir='ltr'><strong>dicas</strong></span> <span class='ocrx_word' id='word_1_282' title='bbox 2803 922 3077 991; x_wconf 81' lang='lat' dir='ltr'><strong>proprium</strong></span> <span class='ocrx_word' id='word_1_283' title='bbox 3112 925 3387 993; x_wconf 64' lang='lat' dir='ltr'><strong>signiﬁca-</strong></span> 
     </span>
    </p>
   </div>
   <div class='ocr_carea' id='block_1_39' title="bbox 1826 1005 3388 1076">
    <p class='ocr_par' dir='ltr' id='par_1_39' title="bbox 1826 1005 3388 1076">
     <span class='ocr_line' id='line_1_39' title="bbox 1826 1005 3388 1076; baseline 0.011 -21"><span class='ocrx_word' id='word_1_284' title='bbox 1826 1013 1934 1056; x_wconf 76' lang='lat' dir='ltr'><strong>tum</strong></span> <span class='ocrx_word' id='word_1_285' title='bbox 2002 1005 2288 1073; x_wconf 87' lang='lat' dir='ltr'><strong>unicuique</strong></span> <span class='ocrx_word' id='word_1_286' title='bbox 2338 1009 2539 1062; x_wconf 83' lang='lat' dir='ltr'><strong>nomini</strong></span> <span class='ocrx_word' id='word_1_287' title='bbox 2598 1009 2897 1076; x_wconf 78' lang='lat' dir='ltr'><strong>subjectum</strong></span> <span class='ocrx_word' id='word_1_288' title='bbox 2946 1030 3052 1068; x_wconf 92' lang='lat' dir='ltr'><strong>non</strong></span> <span class='ocrx_word' id='word_1_289' title='bbox 3087 1030 3207 1070; x_wconf 89' lang='lat' dir='ltr'><strong>esse</strong></span> <span class='ocrx_word' id='word_1_290' title='bbox 3240 1016 3263 1069; x_wconf 72' lang='lat'><strong><em>3</em></strong></span> <span class='ocrx_word' id='word_1_291' title='bbox 3296 1016 3388 1071; x_wconf 89' lang='lat' dir='ltr'><strong>sed</strong></span> 
     </span>
    </p>
   </div>
   <div class='ocr_carea' id='block_1_40' title="bbox 1822 1096 3385 1165">
    <p class='ocr_par' dir='ltr' id='par_1_40' title="bbox 1822 1096 3385 1165">
     <span class='ocr_line' id='line_1_40' title="bbox 1822 1096 3385 1165; baseline 0.009 -18"><span class='ocrx_word' id='word_1_292' title='bbox 1822 1103 2009 1148; x_wconf 83' lang='lat' dir='ltr'><strong>contra</strong></span> <span class='ocrx_word' id='word_1_293' title='bbox 2046 1096 2329 1150; x_wconf 77' lang='lat' dir='ltr'><strong>verborum</strong></span> <span class='ocrx_word' id='word_1_294' title='bbox 2359 1098 2487 1165; x_wconf 89' lang='lat' dir='ltr'><strong>vim,</strong></span> <span class='ocrx_word' id='word_1_295' title='bbox 2509 1101 2765 1156; x_wconf 84' lang='lat' dir='ltr'><strong>decernas</strong></span> <span class='ocrx_word' id='word_1_296' title='bbox 2794 1104 3007 1157; x_wconf 89' lang='lat' dir='ltr'><strong>nomina</strong></span> <span class='ocrx_word' id='word_1_297' title='bbox 3045 1107 3222 1160; x_wconf 86' lang='lat' dir='ltr'><strong>omnia</strong></span> <span class='ocrx_word' id='word_1_298' title='bbox 3243 1107 3385 1161; x_wconf 89' lang='lat' dir='ltr'><strong>idem</strong></span> 
     </span>
    </p>
   </div>
   <div class='ocr_carea' id='block_1_41' title="bbox 1823 1185 3389 1262">
    <p class='ocr_par' dir='ltr' id='par_1_41' title="bbox 1823 1185 3389 1262">
     <span class='ocr_line' id='line_1_41' title="bbox 1823 1185 3389 1262; baseline 0.011 -25"><span class='ocrx_word' id='word_1_299' title='bbox 1823 1185 1963 1240; x_wconf 89' lang='lat' dir='ltr'><strong>inter</strong></span> <span class='ocrx_word' id='word_1_300' title='bbox 2008 1201 2065 1240; x_wconf 90' lang='lat' dir='ltr'><strong>se</strong></span> <span class='ocrx_word' id='word_1_301' title='bbox 2094 1188 2271 1241; x_wconf 87' lang='lat' dir='ltr'><strong>valere</strong></span> <span class='ocrx_word' id='word_1_302' title='bbox 2304 1189 2325 1240; x_wconf 87' lang='lat'><strong>?</strong></span> <span class='ocrx_word' id='word_1_303' title='bbox 2352 1189 2614 1244; x_wconf 59' lang='lat' dir='ltr'><strong>Praeterea</strong></span> <span class='ocrx_word' id='word_1_304' title='bbox 2665 1195 2874 1248; x_wconf 87' lang='lat' dir='ltr'><strong>etiamsi</strong></span> <span class='ocrx_word' id='word_1_305' title='bbox 2924 1196 3025 1250; x_wconf 92' lang='lat' dir='ltr'><strong>boc</strong></span> <span class='ocrx_word' id='word_1_306' title='bbox 3055 1196 3389 1262; x_wconf 70' lang='lat' dir='ltr'><strong>dederimus,</strong></span> 
     </span>
    </p>
   </div>
   <div class='ocr_carea' id='block_1_42' title="bbox 1823 1279 3389 1355">
    <p class='ocr_par' dir='ltr' id='par_1_42' title="bbox 1823 1279 3389 1355">
     <span class='ocr_line' id='line_1_42' title="bbox 1823 1279 3389 1355; baseline 0.009 -24"><span class='ocrx_word' id='word_1_307' title='bbox 1823 1294 1889 1331; x_wconf 91' lang='lat' dir='ltr'><strong>ne</strong></span> <span class='ocrx_word' id='word_1_308' title='bbox 1923 1279 1999 1333; x_wconf 86' lang='lat' dir='ltr'><strong>sic</strong></span> <span class='ocrx_word' id='word_1_309' title='bbox 2050 1280 2262 1348; x_wconf 89' lang='lat' dir='ltr'><strong>quidem</strong></span> <span class='ocrx_word' id='word_1_310' title='bbox 2294 1282 2371 1335; x_wconf 90' lang='lat' dir='ltr'><strong>eis</strong></span> <span class='ocrx_word' id='word_1_311' title='bbox 2406 1283 2697 1352; x_wconf 78' lang='lat' dir='ltr'><strong>quidquam</strong></span> <span class='ocrx_word' id='word_1_312' title='bbox 2748 1288 2976 1354; x_wconf 78' lang='lat' dir='ltr'><strong>amplius</strong></span> <span class='ocrx_word' id='word_1_313' title='bbox 3013 1289 3282 1355; x_wconf 89' lang='lat' dir='ltr'><strong>supererit</strong></span> <span class='ocrx_word' id='word_1_314' title='bbox 3323 1290 3389 1345; x_wconf 90' lang='lat' dir='ltr'><strong>ad</strong></span> 
     </span>
    </p>
   </div>
   <div class='ocr_carea' id='block_1_43' title="bbox 1824 1371 3389 1441">
    <p class='ocr_par' dir='ltr' id='par_1_43' title="bbox 1824 1371 3389 1441">
     <span class='ocr_line' id='line_1_43' title="bbox 1824 1371 3389 1441; baseline 0.011 -20"><span class='ocrx_word' id='word_1_315' title='bbox 1824 1371 2077 1423; x_wconf 89' lang='lat' dir='ltr'><strong>tuendum</strong></span> <span class='ocrx_word' id='word_1_316' title='bbox 2111 1374 2464 1441; x_wconf 89' lang='lat' dir='ltr'><strong>propositum.</strong></span> <span class='ocrx_word' id='word_1_317' title='bbox 2500 1375 2709 1430; x_wconf 80' lang='lat' dir='ltr'><strong>Etenim</strong></span> <span class='ocrx_word' id='word_1_318' title='bbox 2745 1379 2789 1431; x_wconf 88' lang='lat' dir='ltr'><strong>si</strong></span> <span class='ocrx_word' id='word_1_319' title='bbox 2827 1379 2943 1433; x_wconf 56' lang='lat' dir='ltr'><strong>haec</strong></span> <span class='ocrx_word' id='word_1_320' title='bbox 2969 1381 3148 1435; x_wconf 89' lang='lat' dir='ltr'><strong>omnia</strong></span> <span class='ocrx_word' id='word_1_321' title='bbox 3177 1397 3295 1435; x_wconf 91' lang='lat' dir='ltr'><strong>cum</strong></span> <span class='ocrx_word' id='word_1_322' title='bbox 3320 1382 3389 1438; x_wconf 84' lang='lat' dir='ltr'><strong>de</strong></span> 
     </span>
    </p>
   </div>
   <div class='ocr_carea' id='block_1_44' title="bbox 1822 1459 3381 1538">
    <p class='ocr_par' dir='ltr' id='par_1_44' title="bbox 1822 1459 3381 1538">
     <span class='ocr_line' id='line_1_44' title="bbox 1822 1459 3381 1538; baseline 0.008 -26"><span class='ocrx_word' id='word_1_323' title='bbox 1822 1459 1929 1513; x_wconf 84' lang='lat' dir='ltr'><strong>Deo</strong></span> <span class='ocrx_word' id='word_1_324' title='bbox 1959 1469 2011 1513; x_wconf 92' lang='lat' dir='ltr'><strong>et</strong></span> <span class='ocrx_word' id='word_1_325' title='bbox 2043 1460 2199 1514; x_wconf 87' lang='lat' dir='ltr'><strong>Patre</strong></span> <span class='ocrx_word' id='word_1_326' title='bbox 2226 1461 2499 1530; x_wconf 88' lang='lat' dir='ltr'><strong>dicuntur,</strong></span> <span class='ocrx_word' id='word_1_327' title='bbox 2532 1466 2878 1521; x_wconf 82' lang='lat' dir='ltr'><strong>substantiam</strong></span> <span class='ocrx_word' id='word_1_328' title='bbox 2913 1469 3028 1537; x_wconf 88' lang='lat' dir='ltr'><strong>ejus</strong></span> <span class='ocrx_word' id='word_1_329' title='bbox 3058 1471 3381 1538; x_wconf 72' lang='lat' dir='ltr'><strong>significant.</strong></span> 
     </span>
    </p>
   </div>
   <div class='ocr_carea' id='block_1_45' title="bbox 1822 1550 3418 1627">
    <p class='ocr_par' dir='ltr' id='par_1_45' title="bbox 1822 1550 3418 1627">
     <span class='ocr_line' id='line_1_45' title="bbox 1822 1550 3418 1627; baseline 0.008 -24"><span class='ocrx_word' id='word_1_330' title='bbox 1822 1550 2153 1604; x_wconf 82' lang='lat' dir='ltr'><strong>immutabile</strong></span> <span class='ocrx_word' id='word_1_331' title='bbox 2184 1551 2305 1606; x_wconf 86' lang='lat' dir='ltr'><strong>dico</strong></span> <span class='ocrx_word' id='word_1_332' title='bbox 2328 1562 2381 1606; x_wconf 91' lang='lat' dir='ltr'><strong>et.</strong></span> <span class='ocrx_word' id='word_1_333' title='bbox 2406 1553 2673 1610; x_wconf 82' lang='lat' dir='ltr'><strong>invisibile</strong></span> <span class='ocrx_word' id='word_1_334' title='bbox 2694 1568 2746 1611; x_wconf 91' lang='lat' dir='ltr'><strong>et</strong></span> <span class='ocrx_word' id='word_1_335' title='bbox 2772 1560 3175 1627; x_wconf 85' lang='lat' dir='ltr'><strong>incorruptibile</strong></span> <span class='ocrx_word' id='word_1_336' title='bbox 3197 1579 3210 1615; x_wconf 91' lang='lat'>:</span> <span class='ocrx_word' id='word_1_337' title='bbox 3229 1561 3383 1615; x_wconf 87' lang='lat' dir='ltr'><strong>simi-</strong></span> <span class='ocrx_word' id='word_1_338' title='bbox 3408 1582 3418 1594; x_wconf 85' lang='lat'><strong><em>-</em></strong></span> 
     </span>
    </p>
   </div>
   <div class='ocr_carea' id='block_1_46' title="bbox 1823 1642 3372 1719">
    <p class='ocr_par' dir='ltr' id='par_1_46' title="bbox 1823 1642 3372 1719">
     <span class='ocr_line' id='line_1_46' title="bbox 1823 1642 3372 1719; baseline 0.009 -25"><span class='ocrx_word' id='word_1_339' title='bbox 1823 1642 1944 1697; x_wconf 91' lang='lat' dir='ltr'><strong>liter</strong></span> <span class='ocrx_word' id='word_1_340' title='bbox 1992 1644 2107 1699; x_wconf 91' lang='lat' dir='ltr'><strong>sine</strong></span> <span class='ocrx_word' id='word_1_341' title='bbox 2149 1645 2307 1699; x_wconf 90' lang='lat' dir='ltr'><strong>dubio</strong></span> <span class='ocrx_word' id='word_1_342' title='bbox 2335 1648 2493 1700; x_wconf 88' lang='lat' dir='ltr'><strong>etiam</strong></span> <span class='ocrx_word' id='word_1_343' title='bbox 2526 1648 2589 1701; x_wconf 90' lang='lat' dir='ltr'><strong>de</strong></span> <span class='ocrx_word' id='word_1_344' title='bbox 2620 1650 2894 1719; x_wconf 90' lang='lat' dir='ltr'><strong>unigenito</strong></span> <span class='ocrx_word' id='word_1_345' title='bbox 2928 1652 3013 1705; x_wconf 93' lang='lat' dir='ltr'><strong>Dei</strong></span> <span class='ocrx_word' id='word_1_346' title='bbox 3049 1651 3185 1706; x_wconf 84' lang='lat' dir='ltr'><strong>Filio</strong></span> <span class='ocrx_word' id='word_1_347' title='bbox 3207 1654 3372 1719; x_wconf 91' lang='lat' dir='ltr'><strong>dicta,</strong></span> 
     </span>
    </p>
   </div>
   <div class='ocr_carea' id='block_1_47' title="bbox 1823 1735 3382 1798">
    <p class='ocr_par' dir='ltr' id='par_1_47' title="bbox 1823 1735 3382 1798">
     <span class='ocr_line' id='line_1_47' title="bbox 1823 1735 3382 1798; baseline 0.007 -11"><span class='ocrx_word' id='word_1_348' title='bbox 1823 1735 2177 1789; x_wconf 85' lang='lat' dir='ltr'><strong>substantiam</strong></span> <span class='ocrx_word' id='word_1_349' title='bbox 2219 1738 2547 1795; x_wconf 78' lang='lat' dir='ltr'><strong>indiCabunt.</strong></span> <span class='ocrx_word' id='word_1_350' title='bbox 2580 1738 2713 1792; x_wconf 82' lang='lat' dir='ltr'><strong>Nam</strong></span> <span class='ocrx_word' id='word_1_351' title='bbox 2745 1743 3068 1797; x_wconf 88' lang='lat' dir='ltr'><strong>invisibilem</strong></span> <span class='ocrx_word' id='word_1_352' title='bbox 3104 1753 3157 1798; x_wconf 90' lang='lat' dir='ltr'><strong>et</strong></span> <span class='ocrx_word' id='word_1_353' title='bbox 3182 1744 3382 1797; x_wconf 89' lang='lat' dir='ltr'><strong>immu-</strong></span> 
     </span>
    </p>
   </div>
   <div class='ocr_carea' id='block_1_48' title="bbox 1753 1806 3386 1900">
    <p class='ocr_par' dir='ltr' id='par_1_48' title="bbox 1753 1806 3386 1900">
     <span class='ocr_line' id='line_1_48' title="bbox 1753 1806 3386 1900; baseline 0.009 -24"><span class='ocrx_word' id='word_1_354' title='bbox 1753 1806 1791 1860; x_wconf 78' lang='grc' dir='ltr'><strong><em>Β</em></strong></span> <span class='ocrx_word' id='word_1_355' title='bbox 1821 1808 2033 1881; x_wconf 73' lang='lat' dir='ltr'><strong>taliilem</strong></span> <span class='ocrx_word' id='word_1_356' title='bbox 2066 1839 2120 1882; x_wconf 90' lang='lat' dir='ltr'><strong>et</strong></span> <span class='ocrx_word' id='word_1_357' title='bbox 2168 1830 2626 1900; x_wconf 90' lang='lat' dir='ltr'><strong>incorruptibilem</strong></span> <span class='ocrx_word' id='word_1_358' title='bbox 2657 1842 2711 1887; x_wconf 90' lang='lat' dir='ltr'><strong>et</strong></span> <span class='ocrx_word' id='word_1_359' title='bbox 2741 1834 3121 1889; x_wconf 88' lang='lat' dir='ltr'><strong>indivisibilem</strong></span> <span class='ocrx_word' id='word_1_360' title='bbox 3164 1851 3227 1889; x_wconf 90' lang='lat' dir='ltr'><strong>ac</strong></span> <span class='ocrx_word' id='word_1_361' title='bbox 3261 1836 3386 1891; x_wconf 88' lang='lat' dir='ltr'><strong>rell-</strong></span> 
     </span>
    </p>
   </div>
   <div class='ocr_carea' id='block_1_49' title="bbox 1816 1920 3381 1993">
    <p class='ocr_par' dir='ltr' id='par_1_49' title="bbox 1816 1920 3381 1993">
     <span class='ocr_line' id='line_1_49' title="bbox 1816 1920 3381 1993; baseline 0.01 -24"><span class='ocrx_word' id='word_1_362' title='bbox 1816 1920 1941 1985; x_wconf 90' lang='lat' dir='ltr'><strong>quis</strong></span> <span class='ocrx_word' id='word_1_363' title='bbox 1965 1921 2271 1975; x_wconf 89' lang='lat' dir='ltr'><strong>nominibus</strong></span> <span class='ocrx_word' id='word_1_364' title='bbox 2306 1924 2573 1978; x_wconf 85' lang='lat' dir='ltr'><strong>similibus</strong></span> <span class='ocrx_word' id='word_1_365' title='bbox 2604 1926 2765 1978; x_wconf 89' lang='lat' dir='ltr'><strong>etiam</strong></span> <span class='ocrx_word' id='word_1_366' title='bbox 2812 1929 3145 1993; x_wconf 81' lang='lat' dir='ltr'><strong>unigenitum</strong></span> <span class='ocrx_word' id='word_1_367' title='bbox 3190 1929 3381 1984; x_wconf 82' lang='lat' dir='ltr'><strong>Filium</strong></span> 
     </span>
    </p>
   </div>
   <div class='ocr_carea' id='block_1_50' title="bbox 1818 2012 3384 2091">
    <p class='ocr_par' dir='ltr' id='par_1_50' title="bbox 1818 2012 3384 2091">
     <span class='ocr_line' id='line_1_50' title="bbox 1818 2012 3384 2091; baseline 0.01 -28"><span class='ocrx_word' id='word_1_368' title='bbox 1818 2012 2182 2068; x_wconf 85' lang='lat' dir='ltr'><strong>nominamus.</strong></span> <span class='ocrx_word' id='word_1_369' title='bbox 2226 2014 2287 2068; x_wconf 87' lang='lat' dir='ltr'><strong>Et</strong></span> <span class='ocrx_word' id='word_1_370' title='bbox 2336 2015 2408 2068; x_wconf 91' lang='lat' dir='ltr'><strong>ita</strong></span> <span class='ocrx_word' id='word_1_371' title='bbox 2444 2016 2655 2070; x_wconf 83' lang='lat' dir='ltr'><strong>subtilis</strong></span> <span class='ocrx_word' id='word_1_372' title='bbox 2686 2033 2870 2070; x_wconf 90' lang='lat' dir='ltr'><strong>eorum</strong></span> <span class='ocrx_word' id='word_1_373' title='bbox 2901 2020 3107 2087; x_wconf 80' lang='lat' dir='ltr'><strong>argutia</strong></span> <span class='ocrx_word' id='word_1_374' title='bbox 3143 2022 3273 2091; x_wconf 88' lang='lat' dir='ltr'><strong>ipsis</strong></span> <span class='ocrx_word' id='word_1_375' title='bbox 3301 2038 3384 2079; x_wconf 69' lang='lat' dir='ltr'><strong>reo</strong></span> 
     </span>
    </p>
   </div>
   <div class='ocr_carea' id='block_1_51' title="bbox 1814 2102 3386 2183">
    <p class='ocr_par' dir='ltr' id='par_1_51' title="bbox 1814 2102 3386 2183">
     <span class='ocr_line' id='line_1_51' title="bbox 1814 2102 3386 2183; baseline 0.011 -29"><span class='ocrx_word' id='word_1_376' title='bbox 1814 2102 1955 2156; x_wconf 88' lang='lat' dir='ltr'><strong>cidct</strong></span> <span class='ocrx_word' id='word_1_377' title='bbox 1986 2103 2037 2155; x_wconf 89' lang='lat' dir='ltr'><strong>in</strong></span> <span class='ocrx_word' id='word_1_378' title='bbox 2073 2107 2423 2162; x_wconf 85' lang='lat' dir='ltr'><strong>contrarium.</strong></span> <span class='ocrx_word' id='word_1_379' title='bbox 2452 2107 2564 2162; x_wconf 79' lang='lat' dir='ltr'><strong>Non</strong></span> <span class='ocrx_word' id='word_1_380' title='bbox 2609 2111 2752 2163; x_wconf 90' lang='lat' dir='ltr'><strong>enim</strong></span> <span class='ocrx_word' id='word_1_381' title='bbox 2786 2112 2955 2179; x_wconf 84' lang='lat' dir='ltr'><strong>magis</strong></span> <span class='ocrx_word' id='word_1_382' title='bbox 2986 2116 3386 2183; x_wconf 73' lang='lat' dir='ltr'><strong>preptemmius</strong></span> 
     </span>
    </p>
   </div>
   <div class='ocr_carea' id='block_1_52' title="bbox 1815 2194 3381 2265">
    <p class='ocr_par' dir='ltr' id='par_1_52' title="bbox 1815 2194 3381 2265">
     <span class='ocr_line' id='line_1_52' title="bbox 1815 2194 3381 2265; baseline 0.009 -20"><span class='ocrx_word' id='word_1_383' title='bbox 1815 2194 2188 2262; x_wconf 74' lang='lat' dir='ltr'><strong>appellationis</strong></span> <span class='ocrx_word' id='word_1_384' title='bbox 2220 2197 2609 2265; x_wconf 83' lang='lat' dir='ltr'><strong>diversitatem,</strong></span> <span class='ocrx_word' id='word_1_385' title='bbox 2643 2202 2956 2257; x_wconf 89' lang='lat' dir='ltr'><strong>dissimilem</strong></span> <span class='ocrx_word' id='word_1_386' title='bbox 2990 2205 3041 2257; x_wconf 92' lang='lat' dir='ltr'><strong>in</strong></span> <span class='ocrx_word' id='word_1_387' title='bbox 3083 2205 3381 2259; x_wconf 88' lang='lat' dir='ltr'><strong>substantia</strong></span> 
     </span>
    </p>
   </div>
   <div class='ocr_carea' id='block_1_53' title="bbox 1814 2288 3385 2371">
    <p class='ocr_par' dir='ltr' id='par_1_53' title="bbox 1814 2288 3385 2371">
     <span class='ocr_line' id='line_1_53' title="bbox 1814 2288 3385 2371; baseline 0.007 -29"><span class='ocrx_word' id='word_1_388' title='bbox 1814 2288 2007 2345; x_wconf 87' lang='lat' dir='ltr'><strong>Filiqu</strong></span> <span class='ocrx_word' id='word_1_389' title='bbox 2060 2300 2310 2359; x_wconf 88' lang='lat' dir='ltr'><strong>poterunt</strong></span> <span class='ocrx_word' id='word_1_390' title='bbox 2352 2296 2747 2364; x_wconf 87' lang='lat' dir='ltr'><strong>demonstrare,</strong></span> <span class='ocrx_word' id='word_1_391' title='bbox 2792 2315 2951 2367; x_wconf 89' lang='lat' dir='ltr'><strong>quam</strong></span> <span class='ocrx_word' id='word_1_392' title='bbox 2998 2310 3215 2370; x_wconf 87' lang='lat' dir='ltr'><strong>propter</strong></span> <span class='ocrx_word' id='word_1_393' title='bbox 3265 2299 3385 2371; x_wconf 80' lang='lat' dir='ltr'><strong>plu-</strong></span> 
     </span>
    </p>
   </div>
   <div class='ocr_carea' id='block_1_54' title="bbox 1816 2384 3379 2461">
    <p class='ocr_par' dir='ltr' id='par_1_54' title="bbox 1816 2384 3379 2461">
     <span class='ocr_line' id='line_1_54' title="bbox 1816 2384 3379 2461; baseline 0.007 -26"><span class='ocrx_word' id='word_1_394' title='bbox 1816 2384 1956 2436; x_wconf 87' lang='lat' dir='ltr'><strong>rium</strong></span> <span class='ocrx_word' id='word_1_395' title='bbox 1983 2389 2407 2440; x_wconf 87' lang='lat' dir='ltr'><strong>convenientiam</strong></span> <span class='ocrx_word' id='word_1_396' title='bbox 2453 2389 2681 2444; x_wconf 84' lang='lat' dir='ltr'><strong>similem</strong></span> <span class='ocrx_word' id='word_1_397' title='bbox 2731 2391 2971 2445; x_wconf 85' lang='lat' dir='ltr'><strong>conliteri</strong></span> <span class='ocrx_word' id='word_1_398' title='bbox 3002 2406 3281 2461; x_wconf 85' lang='lat' dir='ltr'><strong>cogentur,</strong></span> <span class='ocrx_word' id='word_1_399' title='bbox 3314 2394 3379 2446; x_wconf 85' lang='lat' dir='ltr'><strong>ad</strong></span> 
     </span>
    </p>
   </div>
   <div class='ocr_carea' id='block_1_55' title="bbox 1816 2475 3387 2550">
    <p class='ocr_par' dir='ltr' id='par_1_55' title="bbox 1816 2475 3387 2550">
     <span class='ocr_line' id='line_1_55' title="bbox 1816 2475 3387 2550; baseline 0.008 -23"><span class='ocrx_word' id='word_1_400' title='bbox 1816 2475 1917 2529; x_wconf 89' lang='lat' dir='ltr'><strong>hoc</strong></span> <span class='ocrx_word' id='word_1_401' title='bbox 1953 2492 2019 2530; x_wconf 80' lang='lat' dir='ltr'><strong>ex</strong></span> <span class='ocrx_word' id='word_1_402' title='bbox 2049 2480 2323 2532; x_wconf 90' lang='lat' dir='ltr'><strong>concessis</strong></span> <span class='ocrx_word' id='word_1_403' title='bbox 2351 2482 2655 2535; x_wconf 85' lang='lat' dir='ltr'><strong>necessario</strong></span> <span class='ocrx_word' id='word_1_404' title='bbox 2704 2482 2897 2536; x_wconf 77' lang='lat' dir='ltr'><strong>adacti.</strong></span> <span class='ocrx_word' id='word_1_405' title='bbox 2929 2484 3078 2550; x_wconf 87' lang='lat' dir='ltr'><strong>Quod</strong></span> <span class='ocrx_word' id='word_1_406' title='bbox 3110 2484 3154 2538; x_wconf 91' lang='lat' dir='ltr'><strong>si</strong></span> <span class='ocrx_word' id='word_1_407' title='bbox 3188 2484 3387 2539; x_wconf 79' lang='lat' dir='ltr'><strong>dixerit</strong></span> 
     </span>
    </p>
   </div>
   <div class='ocr_carea' id='block_1_56' title="bbox 1816 2566 3384 2643">
    <p class='ocr_par' dir='ltr' id='par_1_56' title="bbox 1816 2566 3384 2643">
     <span class='ocr_line' id='line_1_56' title="bbox 1816 2566 3384 2643; baseline 0.007 -24"><span class='ocrx_word' id='word_1_408' title='bbox 1816 2566 1866 2619; x_wconf 94' lang='lat' dir='ltr'><strong>in</strong></span> <span class='ocrx_word' id='word_1_409' title='bbox 1892 2568 2003 2621; x_wconf 85' lang='lat' dir='ltr'><strong>sola</strong></span> <span class='ocrx_word' id='word_1_410' title='bbox 2042 2569 2262 2637; x_wconf 81' lang='lat' dir='ltr'><strong>ingenili</strong></span> <span class='ocrx_word' id='word_1_411' title='bbox 2298 2586 2427 2625; x_wconf 89' lang='lat' dir='ltr'><strong>voce</strong></span> <span class='ocrx_word' id='word_1_412' title='bbox 2455 2586 2514 2625; x_wconf 89' lang='lat' dir='ltr'><strong>se</strong></span> <span class='ocrx_word' id='word_1_413' title='bbox 2549 2572 2649 2626; x_wconf 90' lang='lat' dir='ltr'><strong>hac</strong></span> <span class='ocrx_word' id='word_1_414' title='bbox 2692 2572 3169 2643; x_wconf 89' lang='lat' dir='ltr'><strong>circumspectione</strong></span> <span class='ocrx_word' id='word_1_415' title='bbox 3199 2577 3297 2641; x_wconf 89' lang='lat' dir='ltr'><strong>uti,</strong></span> <span class='ocrx_word' id='word_1_416' title='bbox 3330 2575 3384 2630; x_wconf 92' lang='lat' dir='ltr'><strong>in</strong></span> 
     </span>
    </p>
   </div>
   <div class='ocr_carea' id='block_1_57' title="bbox 1816 2658 3387 2737">
    <p class='ocr_par' dir='ltr' id='par_1_57' title="bbox 1816 2658 3387 2737">
     <span class='ocr_line' id='line_1_57' title="bbox 1816 2658 3387 2737; baseline 0.006 -26"><span class='ocrx_word' id='word_1_417' title='bbox 1816 2658 2033 2728; x_wconf 89' lang='lat' dir='ltr'><strong>reliquis</strong></span> <span class='ocrx_word' id='word_1_418' title='bbox 2064 2676 2190 2714; x_wconf 91' lang='lat' dir='ltr'><strong>vero</strong></span> <span class='ocrx_word' id='word_1_419' title='bbox 2225 2663 2436 2718; x_wconf 88' lang='lat' dir='ltr'><strong>incaute</strong></span> <span class='ocrx_word' id='word_1_420' title='bbox 2469 2680 2526 2718; x_wconf 84' lang='lat' dir='ltr'><strong>se</strong></span> <span class='ocrx_word' id='word_1_421' title='bbox 2557 2678 2743 2735; x_wconf 79' lang='lat' dir='ltr'><strong>gerere</strong></span> <span class='ocrx_word' id='word_1_422' title='bbox 2777 2680 2791 2719; x_wconf 89' lang='lat'><strong>:</strong></span> <span class='ocrx_word' id='word_1_423' title='bbox 2829 2682 3013 2721; x_wconf 90' lang='lat' dir='ltr'><strong>rursus</strong></span> <span class='ocrx_word' id='word_1_424' title='bbox 3046 2668 3217 2737; x_wconf 88' lang='lat' dir='ltr'><strong>ipsum</strong></span> <span class='ocrx_word' id='word_1_425' title='bbox 3269 2685 3387 2736; x_wconf 84' lang='lat' dir='ltr'><strong>per-</strong></span> 
     </span>
    </p>
   </div>
   <div class='ocr_carea' id='block_1_58' title="bbox 1813 2758 3383 2832">
    <p class='ocr_par' dir='ltr' id='par_1_58' title="bbox 1813 2758 3383 2832">
     <span class='ocr_line' id='line_1_58' title="bbox 1813 2758 3383 2832; baseline 0.008 -28"><span class='ocrx_word' id='word_1_426' title='bbox 1813 2763 2111 2816; x_wconf 86' lang='lat' dir='ltr'><strong>contemnr,</strong></span> <span class='ocrx_word' id='word_1_427' title='bbox 2138 2768 2381 2821; x_wconf 65' lang='lat' dir='ltr'><strong>qumnatn</strong></span> <span class='ocrx_word' id='word_1_428' title='bbox 2409 2759 2479 2811; x_wconf 88' lang='lat' dir='ltr'><strong>sit</strong></span> <span class='ocrx_word' id='word_1_429' title='bbox 2509 2758 2620 2811; x_wconf 75' lang='lat' dir='ltr'><strong>bzec</strong></span> <span class='ocrx_word' id='word_1_430' title='bbox 2650 2758 2863 2824; x_wconf 90' lang='lat' dir='ltr'><strong>divisio,</strong></span> <span class='ocrx_word' id='word_1_431' title='bbox 2893 2770 2950 2816; x_wconf 92' lang='lat' dir='ltr'><strong>ut</strong></span> <span class='ocrx_word' id='word_1_432' title='bbox 2983 2776 3102 2814; x_wconf 93' lang='lat' dir='ltr'><strong>cum</strong></span> <span class='ocrx_word' id='word_1_433' title='bbox 3130 2770 3202 2816; x_wconf 90' lang='lat' dir='ltr'><strong>tot</strong></span> <span class='ocrx_word' id='word_1_434' title='bbox 3226 2760 3383 2832; x_wconf 74' lang='lat'><strong>221</strong></span> 
     </span>
    </p>
   </div>
   <div class='ocr_carea' id='block_1_59' title="bbox 1814 2840 3387 2909">
    <p class='ocr_par' dir='ltr' id='par_1_59' title="bbox 1814 2840 3387 2909">
     <span class='ocr_line' id='line_1_59' title="bbox 1814 2840 3387 2909; baseline 0.009 -16"><span class='ocrx_word' id='word_1_435' title='bbox 1814 2840 1922 2893; x_wconf 88' lang='lat' dir='ltr'><strong>sint</strong></span> <span class='ocrx_word' id='word_1_436' title='bbox 1949 2856 2067 2909; x_wconf 72' lang='lat' dir='ltr'><strong>quze</strong></span> <span class='ocrx_word' id='word_1_437' title='bbox 2116 2844 2178 2895; x_wconf 90' lang='lat' dir='ltr'><strong>de</strong></span> <span class='ocrx_word' id='word_1_438' title='bbox 2215 2843 2322 2896; x_wconf 90' lang='lat' dir='ltr'><strong>Deo</strong></span> <span class='ocrx_word' id='word_1_439' title='bbox 2360 2845 2634 2909; x_wconf 87' lang='lat' dir='ltr'><strong>dicuntur,</strong></span> <span class='ocrx_word' id='word_1_440' title='bbox 2682 2856 2858 2901; x_wconf 90' lang='lat' dir='ltr'><strong>tamen</strong></span> <span class='ocrx_word' id='word_1_441' title='bbox 2905 2850 2958 2902; x_wconf 95' lang='lat' dir='ltr'><strong>in</strong></span> <span class='ocrx_word' id='word_1_442' title='bbox 2999 2851 3099 2904; x_wconf 88' lang='lat' dir='ltr'><strong>hoc</strong></span> <span class='ocrx_word' id='word_1_443' title='bbox 3130 2866 3234 2904; x_wconf 92' lang='lat' dir='ltr'><strong>uno</strong></span> <span class='ocrx_word' id='word_1_444' title='bbox 3271 2850 3387 2907; x_wconf 86' lang='lat' dir='ltr'><strong>solo</strong></span> 
     </span>
    </p>
   </div>
   <div class='ocr_carea' id='block_1_60' title="bbox 1814 2935 3384 3007">
    <p class='ocr_par' dir='ltr' id='par_1_60' title="bbox 1814 2935 3384 3007">
     <span class='ocr_line' id='line_1_60' title="bbox 1814 2935 3384 3007; baseline 0.006 -19"><span class='ocrx_word' id='word_1_445' title='bbox 1814 2935 2145 3006; x_wconf 81' lang='lat' dir='ltr'><strong>diligentiam</strong></span> <span class='ocrx_word' id='word_1_446' title='bbox 2189 2939 2461 3001; x_wconf 77' lang='lat' dir='ltr'><strong>ostendat,</strong></span> <span class='ocrx_word' id='word_1_447' title='bbox 2507 2948 2669 3007; x_wconf 88' lang='lat' dir='ltr'><strong>atque</strong></span> <span class='ocrx_word' id='word_1_448' title='bbox 2703 2941 2752 2992; x_wconf 94' lang='lat' dir='ltr'><strong>in</strong></span> <span class='ocrx_word' id='word_1_449' title='bbox 2802 2940 2901 2994; x_wconf 93' lang='lat' dir='ltr'><strong>boc</strong></span> <span class='ocrx_word' id='word_1_450' title='bbox 2929 2956 3037 2996; x_wconf 92' lang='lat' dir='ltr'><strong>uno</strong></span> <span class='ocrx_word' id='word_1_451' title='bbox 3078 2938 3124 2996; x_wconf 89' lang='lat' dir='ltr'><strong>ei</strong></span> <span class='ocrx_word' id='word_1_452' title='bbox 3166 2941 3384 2997; x_wconf 83' lang='lat' dir='ltr'><strong>confes-</strong></span> 
     </span>
    </p>
   </div>
   <div class='ocr_carea' id='block_1_61' title="bbox 1814 3030 3383 3101">
    <p class='ocr_par' dir='ltr' id='par_1_61' title="bbox 1814 3030 3383 3101">
     <span class='ocr_line' id='line_1_61' title="bbox 1814 3030 3383 3101; baseline 0.003 -19"><span class='ocrx_word' id='word_1_453' title='bbox 1814 3030 2019 3084; x_wconf 90' lang='lat' dir='ltr'><strong>sionem</strong></span> <span class='ocrx_word' id='word_1_454' title='bbox 2054 3030 2339 3099; x_wconf 84' lang='lat' dir='ltr'><strong>persolvat,</strong></span> <span class='ocrx_word' id='word_1_455' title='bbox 2372 3044 2472 3100; x_wconf 89' lang='lat' dir='ltr'><strong>qua</strong></span> <span class='ocrx_word' id='word_1_456' title='bbox 2528 3030 2813 3083; x_wconf 80' lang='lat' dir='ltr'><strong>conﬁtetur</strong></span> <span class='ocrx_word' id='word_1_457' title='bbox 2842 3031 2892 3083; x_wconf 93' lang='lat' dir='ltr'><strong>id</strong></span> <span class='ocrx_word' id='word_1_458' title='bbox 2938 3046 3060 3085; x_wconf 88' lang='lat' dir='ltr'><strong>eum</strong></span> <span class='ocrx_word' id='word_1_459' title='bbox 3092 3046 3210 3086; x_wconf 88' lang='lat' dir='ltr'><strong>esse</strong></span> <span class='ocrx_word' id='word_1_460' title='bbox 3239 3033 3383 3101; x_wconf 89' lang='lat' dir='ltr'><strong>quod</strong></span> 
     </span>
    </p>
   </div>
   <div class='ocr_carea' id='block_1_62' title="bbox 138 3094 1709 3214">
    <p class='ocr_par' dir='ltr' id='par_1_62' title="bbox 138 3094 1709 3214">
     <span class='ocr_line' id='line_1_62' title="bbox 138 3094 1709 3180; baseline 0.016 -35"><span class='ocrx_word' id='word_1_461' title='bbox 138 3094 499 3167; x_wconf 76' lang='grc' dir='ltr'>ὑπερϐάλλων</span> <span class='ocrx_word' id='word_1_462' title='bbox 530 3104 887 3180; x_wconf 80' lang='grc' dir='ltr'>ἀγνωμοσύνῃ</span> <span class='ocrx_word' id='word_1_463' title='bbox 914 3111 970 3161; x_wconf 82' lang='grc' dir='ltr'>ἐν</span> <span class='ocrx_word' id='word_1_464' title='bbox 988 3114 1053 3180; x_wconf 80' lang='grc' dir='ltr'>τῇ</span> <span class='ocrx_word' id='word_1_465' title='bbox 1072 3110 1174 3161; x_wconf 82' lang='grc' dir='ltr'><strong>τῶν</strong></span> <span class='ocrx_word' id='word_1_466' title='bbox 1203 3110 1461 3165; x_wconf 84' lang='grc' dir='ltr'>πλειόνων</span> <span class='ocrx_word' id='word_1_467' title='bbox 1484 3116 1709 3169; x_wconf 86' lang='grc' dir='ltr'>ἀποστε-</span> 
     </span>
     <span class='ocr_line' id='line_1_63' title="bbox 143 3190 1609 3214; baseline 0 0"><span class='ocrx_word' id='word_1_468' title='bbox 143 3194 300 3214; x_wconf 63' lang='grc' dir='ltr'><strong>-.ι..-.</strong></span> <span class='ocrx_word' id='word_1_469' title='bbox 359 3190 507 3214; x_wconf 56' lang='lat' dir='ltr'><strong>n5--.</strong></span> <span class='ocrx_word' id='word_1_470' title='bbox 573 3193 666 3214; x_wconf 62' lang='lat'>__‘_,</span> <span class='ocrx_word' id='word_1_471' title='bbox 727 3193 749 3212; x_wconf 77' lang='grc' dir='ltr'><strong><em>τ</em></strong></span> <span class='ocrx_word' id='word_1_472' title='bbox 871 3198 883 3214; x_wconf 75' lang='grc' dir='ltr'><strong>ο</strong></span> <span class='ocrx_word' id='word_1_473' title='bbox 999 3200 1008 3214; x_wconf 75' lang='grc' dir='ltr'><strong>ι</strong></span> <span class='ocrx_word' id='word_1_474' title='bbox 1192 3202 1215 3211; x_wconf 61' lang='grc' dir='ltr'><strong>ο</strong></span> <span class='ocrx_word' id='word_1_475' title='bbox 1398 3203 1423 3214; x_wconf 73' lang='grc' dir='ltr'><strong>ι.</strong></span> <span class='ocrx_word' id='word_1_476' title='bbox 1488 3205 1507 3214; x_wconf 68' lang='grc' dir='ltr'><strong>Α</strong></span> <span class='ocrx_word' id='word_1_477' title='bbox 1600 3208 1609 3214; x_wconf 97' lang='grc'>.</span> 
     </span>
    </p>
   </div>
   <div class='ocr_carea' id='block_1_63' title="bbox 1811 3094 3384 3214">
    <p class='ocr_par' dir='ltr' id='par_1_63' title="bbox 1814 3120 3384 3190">
     <span class='ocr_line' id='line_1_64' title="bbox 1814 3120 3384 3190; baseline 0.005 -19"><span class='ocrx_word' id='word_1_478' title='bbox 1814 3129 1897 3172; x_wconf 89' lang='lat' dir='ltr'><strong>est</strong></span> <span class='ocrx_word' id='word_1_479' title='bbox 1928 3136 1941 3172; x_wconf 86' lang='lat'><strong>:</strong></span> <span class='ocrx_word' id='word_1_480' title='bbox 1979 3121 2030 3173; x_wconf 92' lang='lat' dir='ltr'><strong>in</strong></span> <span class='ocrx_word' id='word_1_481' title='bbox 2062 3123 2271 3175; x_wconf 69' lang='lat' dir='ltr'><strong>caeteris</strong></span> <span class='ocrx_word' id='word_1_482' title='bbox 2305 3137 2429 3174; x_wconf 89' lang='lat' dir='ltr'><strong>vero</strong></span> <span class='ocrx_word' id='word_1_483' title='bbox 2456 3136 2617 3190; x_wconf 88' lang='lat' dir='ltr'><strong>quam</strong></span> <span class='ocrx_word' id='word_1_484' title='bbox 2650 3120 2919 3189; x_wconf 86' lang='lat' dir='ltr'><strong>plurimis,</strong></span> <span class='ocrx_word' id='word_1_485' title='bbox 2956 3137 3078 3175; x_wconf 91' lang='lat' dir='ltr'><strong>eum</strong></span> <span class='ocrx_word' id='word_1_486' title='bbox 3134 3123 3384 3179; x_wconf 86' lang='lat' dir='ltr'><strong>humanis</strong></span> 
     </span>
    </p>
   </div>
   <div class='ocr_carea' id='block_1_64' title="bbox 140 3190 1705 3277">
    <p class='ocr_par' dir='ltr' id='par_1_64' title="bbox 140 3190 1705 3277">
     <span class='ocr_line' id='line_1_65' title="bbox 140 3190 1705 3277; baseline 0.01 -38"><span class='ocrx_word' id='word_1_487' title='bbox 140 3194 324 3257; x_wconf 72' lang='grc' dir='ltr'>ρήσει.</span> <span class='ocrx_word' id='word_1_488' title='bbox 358 3190 512 3244; x_wconf 77' lang='grc' dir='ltr'>Οὕτω</span> <span class='ocrx_word' id='word_1_489' title='bbox 569 3193 668 3263; x_wconf 81' lang='grc' dir='ltr'><strong>μὲν</strong></span> <span class='ocrx_word' id='word_1_490' title='bbox 695 3193 807 3259; x_wconf 81' lang='grc' dir='ltr'>οῦν,</span> <span class='ocrx_word' id='word_1_491' title='bbox 854 3198 927 3261; x_wconf 79' lang='grc' dir='ltr'>ὡς</span> <span class='ocrx_word' id='word_1_492' title='bbox 954 3200 1021 3251; x_wconf 84' lang='grc' dir='ltr'>τὰ</span> <span class='ocrx_word' id='word_1_493' title='bbox 1052 3202 1329 3271; x_wconf 80' lang='grc' dir='ltr'>πανοῦργα</span> <span class='ocrx_word' id='word_1_494' title='bbox 1356 3203 1462 3257; x_wconf 82' lang='grc' dir='ltr'><strong>τῶν</strong></span> <span class='ocrx_word' id='word_1_495' title='bbox 1485 3205 1705 3277; x_wconf 72' lang='grc' dir='ltr'>θηρίων,</span> 
     </span>
    </p>
   </div>
   <div class='ocr_carea' id='block_1_65' title="bbox 135 3283 1710 3370">
    <p class='ocr_par' dir='ltr' id='par_1_65' title="bbox 135 3283 1710 3370">
     <span class='ocr_line' id='line_1_66' title="bbox 135 3283 1710 3370; baseline 0.013 -39"><span class='ocrx_word' id='word_1_496' title='bbox 135 3285 262 3345; x_wconf 84' lang='grc' dir='ltr'>ταῖς</span> <span class='ocrx_word' id='word_1_497' title='bbox 284 3283 477 3334; x_wconf 76' lang='grc' dir='ltr'>ἑαυτοῦ</span> <span class='ocrx_word' id='word_1_498' title='bbox 511 3284 725 3353; x_wconf 81' lang='grc' dir='ltr'>τέχναις</span> <span class='ocrx_word' id='word_1_499' title='bbox 750 3289 1047 3358; x_wconf 79' lang='grc' dir='ltr'>ἁλίσκεται,</span> <span class='ocrx_word' id='word_1_500' title='bbox 1073 3286 1153 3355; x_wconf 77' lang='grc' dir='ltr'><strong>οἷς</strong></span> <span class='ocrx_word' id='word_1_501' title='bbox 1183 3294 1462 3355; x_wconf 79' lang='grc' dir='ltr'>λανθάνειν</span> <span class='ocrx_word' id='word_1_502' title='bbox 1508 3300 1710 3370; x_wconf 80' lang='grc' dir='ltr'>ἐπιχει-</span> 
     </span>
    </p>
   </div>
   <div class='ocr_carea' id='block_1_66' title="bbox 137 3370 1118 3450">
    <p class='ocr_par' dir='ltr' id='par_1_66' title="bbox 137 3370 1118 3450">
     <span class='ocr_line' id='line_1_67' title="bbox 137 3370 1118 3450; baseline 0.016 -29"><span class='ocrx_word' id='word_1_503' title='bbox 137 3373 245 3439; x_wconf 76' lang='grc' dir='ltr'>ρεῖ,</span> <span class='ocrx_word' id='word_1_504' title='bbox 283 3370 490 3436; x_wconf 79' lang='grc' dir='ltr'>τούτοις</span> <span class='ocrx_word' id='word_1_505' title='bbox 514 3373 672 3427; x_wconf 76' lang='grc' dir='ltr'>πλέον</span> <span class='ocrx_word' id='word_1_506' title='bbox 695 3376 1118 3450; x_wconf 73' lang='grc' dir='ltr'>διελεγχόμενος.</span> 
     </span>
    </p>
   </div>
   <div class='ocr_carea' id='block_1_67' title="bbox 1812 3211 3379 3282">
    <p class='ocr_par' dir='ltr' id='par_1_67' title="bbox 1812 3211 3379 3282">
     <span class='ocr_line' id='line_1_68' title="bbox 1812 3211 3379 3282; baseline 0.004 -19"><span class='ocrx_word' id='word_1_507' title='bbox 1812 3211 2140 3282; x_wconf 77' lang='lat' dir='ltr'><strong>intelligendi</strong></span> <span class='ocrx_word' id='word_1_508' title='bbox 2202 3215 2373 3268; x_wconf 90' lang='lat' dir='ltr'><strong>modis</strong></span> <span class='ocrx_word' id='word_1_509' title='bbox 2429 3216 2686 3268; x_wconf 91' lang='lat' dir='ltr'><strong>decorare</strong></span> <span class='ocrx_word' id='word_1_510' title='bbox 2732 3230 2835 3266; x_wconf 89' lang='lat' dir='ltr'><strong>non</strong></span> <span class='ocrx_word' id='word_1_511' title='bbox 2888 3226 3117 3268; x_wconf 88' lang='lat' dir='ltr'><strong>recuset.</strong></span> <span class='ocrx_word' id='word_1_512' title='bbox 3172 3215 3379 3269; x_wconf 85' lang='lat' dir='ltr'><strong>Etenim</strong></span> 
     </span>
    </p>
   </div>
   <div class='ocr_carea' id='block_1_68' title="bbox 1813 3302 3381 3377">
    <p class='ocr_par' dir='ltr' id='par_1_68' title="bbox 1813 3302 3381 3377">
     <span class='ocr_line' id='line_1_69' title="bbox 1813 3302 3381 3377; baseline 0.006 -23"><span class='ocrx_word' id='word_1_513' title='bbox 1813 3302 1959 3371; x_wconf 88' lang='lat' dir='ltr'><strong>plura</strong></span> <span class='ocrx_word' id='word_1_514' title='bbox 1987 3306 2076 3373; x_wconf 87' lang='lat' dir='ltr'><strong>qui</strong></span> <span class='ocrx_word' id='word_1_515' title='bbox 2111 3306 2408 3371; x_wconf 81' lang='lat' dir='ltr'><strong>(lebet,non</strong></span> <span class='ocrx_word' id='word_1_516' title='bbox 2438 3307 2606 3377; x_wconf 85' lang='lat' dir='ltr'><strong>magis</strong></span> <span class='ocrx_word' id='word_1_517' title='bbox 2633 3305 3098 3374; x_wconf 82' lang='lat' dir='ltr'><strong>gratusjudicatur</strong></span> <span class='ocrx_word' id='word_1_518' title='bbox 3126 3307 3196 3362; x_wconf 88' lang='lat' dir='ltr'><strong>ob</strong></span> <span class='ocrx_word' id='word_1_519' title='bbox 3222 3310 3381 3363; x_wconf 89' lang='lat' dir='ltr'><strong>unius</strong></span> 
     </span>
    </p>
   </div>
   <div class='ocr_carea' id='block_1_69' title="bbox 1811 3391 3380 3468">
    <p class='ocr_par' dir='ltr' id='par_1_69' title="bbox 1811 3391 3380 3468">
     <span class='ocr_line' id='line_1_70' title="bbox 1811 3391 3380 3468; baseline 0.008 -25"><span class='ocrx_word' id='word_1_520' title='bbox 1811 3391 2371 3465; x_wconf 84' lang='lat' dir='ltr'><strong>redditionem,quam</strong></span> <span class='ocrx_word' id='word_1_521' title='bbox 2417 3413 2579 3467; x_wconf 85' lang='lat' dir='ltr'><strong>supra</strong></span> <span class='ocrx_word' id='word_1_522' title='bbox 2631 3398 2847 3451; x_wconf 91' lang='lat' dir='ltr'><strong>modum</strong></span> <span class='ocrx_word' id='word_1_523' title='bbox 2895 3398 3138 3465; x_wconf 87' lang='lat' dir='ltr'><strong>ingratus</strong></span> <span class='ocrx_word' id='word_1_524' title='bbox 3162 3401 3231 3455; x_wconf 89' lang='lat' dir='ltr'><strong>ob</strong></span> <span class='ocrx_word' id='word_1_525' title='bbox 3263 3400 3380 3468; x_wconf 89' lang='lat' dir='ltr'><strong>plu-</strong></span> 
     </span>
    </p>
   </div>
   <div class='ocr_carea' id='block_1_70' title="bbox 139 3466 3379 3567">
    <p class='ocr_par' dir='ltr' id='par_1_70' title="bbox 139 3466 3379 3567">
     <span class='ocr_line' id='line_1_71' title="bbox 139 3466 3379 3567; baseline 0.012 -52"><span class='ocrx_word' id='word_1_526' title='bbox 139 3466 285 3519; x_wconf 87' lang='lat' dir='ltr'><strong>rium</strong></span> <span class='ocrx_word' id='word_1_527' title='bbox 326 3466 738 3529; x_wconf 80' lang='lat' dir='ltr'><strong>lrandationem.</strong></span> <span class='ocrx_word' id='word_1_528' title='bbox 796 3474 1078 3547; x_wconf 71' lang='lat' dir='ltr'><strong>Sicigitur</strong></span> <span class='ocrx_word' id='word_1_529' title='bbox 1144 3482 1316 3534; x_wconf 82' lang='lat' dir='ltr'><strong>instar</strong></span> <span class='ocrx_word' id='word_1_530' title='bbox 1375 3492 1714 3539; x_wconf 82' lang='lat' dir='ltr'><strong>versutarum</strong></span> <span class='ocrx_word' id='word_1_531' title='bbox 1748 3484 2044 3541; x_wconf 91' lang='lat' dir='ltr'><strong>bestiarum</strong></span> <span class='ocrx_word' id='word_1_532' title='bbox 2097 3491 2207 3545; x_wconf 89' lang='lat' dir='ltr'><strong>suis</strong></span> <span class='ocrx_word' id='word_1_533' title='bbox 2260 3492 2427 3561; x_wconf 91' lang='lat' dir='ltr'><strong>ipsius</strong></span> <span class='ocrx_word' id='word_1_534' title='bbox 2482 3466 2687 3549; x_wconf 84' lang='lat' dir='ltr'><strong>artibus</strong></span> <span class='ocrx_word' id='word_1_535' title='bbox 2736 3495 2988 3563; x_wconf 88' lang='lat' dir='ltr'><strong>capitur,</strong></span> <span class='ocrx_word' id='word_1_536' title='bbox 3026 3497 3150 3551; x_wconf 89' lang='lat' dir='ltr'><strong>dum</strong></span> <span class='ocrx_word' id='word_1_537' title='bbox 3184 3498 3379 3567; x_wconf 85' lang='lat' dir='ltr'><strong>quibus</strong></span> 
     </span>
    </p>
   </div>
   <div class='ocr_carea' id='block_1_71' title="bbox 136 3559 1247 3641">
    <p class='ocr_par' dir='ltr' id='par_1_71' title="bbox 136 3559 1247 3641">
     <span class='ocr_line' id='line_1_72' title="bbox 136 3559 1247 3641; baseline 0.018 -30"><span class='ocrx_word' id='word_1_538' title='bbox 136 3559 315 3616; x_wconf 87' lang='lat' dir='ltr'><strong>latere</strong></span> <span class='ocrx_word' id='word_1_539' title='bbox 347 3564 554 3633; x_wconf 86' lang='lat' dir='ltr'><strong>nititur,</strong></span> <span class='ocrx_word' id='word_1_540' title='bbox 587 3568 652 3621; x_wconf 89' lang='lat' dir='ltr'><strong>iis</strong></span> <span class='ocrx_word' id='word_1_541' title='bbox 686 3571 854 3641; x_wconf 89' lang='lat' dir='ltr'><strong>magis</strong></span> <span class='ocrx_word' id='word_1_542' title='bbox 887 3574 1247 3632; x_wconf 90' lang='lat' dir='ltr'><strong>convincitur.</strong></span> 
     </span>
    </p>
   </div>
   <div class='ocr_carea' id='block_1_72' title="bbox 210 3718 1248 3801">
    <p class='ocr_par' dir='ltr' id='par_1_72' title="bbox 210 3718 1248 3801">
     <span class='ocr_line' id='line_1_73' title="bbox 210 3718 1248 3801; baseline 0.016 -30"><span class='ocrx_word' id='word_1_543' title='bbox 210 3720 257 3751; x_wconf 77' lang='lat'><strong>“</strong></span> <span class='ocrx_word' id='word_1_544' title='bbox 294 3718 437 3774; x_wconf 79' lang='lat' dir='ltr'><strong>Psal.</strong></span> <span class='ocrx_word' id='word_1_545' title='bbox 474 3741 604 3789; x_wconf 80' lang='lat' dir='ltr'><strong>xvn,</strong></span> <span class='ocrx_word' id='word_1_546' title='bbox 640 3726 723 3779; x_wconf 72' lang='grc' dir='ltr'>ιε.</span> <span class='ocrx_word' id='word_1_547' title='bbox 800 3728 845 3759; x_wconf 76' lang='grc'><strong>⁸⁵</strong></span> <span class='ocrx_word' id='word_1_548' title='bbox 877 3728 1063 3785; x_wconf 81' lang='lat' dir='ltr'><strong>Malae.</strong></span> <span class='ocrx_word' id='word_1_549' title='bbox 1088 3749 1168 3801; x_wconf 85' lang='lat' dir='ltr'><strong>In,</strong></span> <span class='ocrx_word' id='word_1_550' title='bbox 1192 3734 1248 3788; x_wconf 85' lang='lat'><strong>6.</strong></span> 
     </span>
    </p>
   </div>
   <div class='ocr_carea' id='block_1_73' title="bbox 135 3879 1712 3967">
    <p class='ocr_par' dir='ltr' id='par_1_73' title="bbox 135 3879 1712 3967">
     <span class='ocr_line' id='line_1_74' title="bbox 135 3879 1712 3967; baseline 0.011 -38"><span class='ocrx_word' id='word_1_551' title='bbox 135 3882 403 3967; x_wconf 54' lang='lat' dir='ltr'><strong>Ve_|i.ne.t~</strong></span> <span class='ocrx_word' id='word_1_552' title='bbox 429 3879 572 3967; x_wconf 39' lang='grc' dir='ltr'><strong>[ξρᾳκ</strong></span> <span class='ocrx_word' id='word_1_553' title='bbox 612 3884 830 3951; x_wconf 87' lang='lat' dir='ltr'><strong>quintus</strong></span> <span class='ocrx_word' id='word_1_554' title='bbox 898 3888 1160 3967; x_wconf 46' lang='lat' dir='ltr'><strong>adleves</strong></span> <span class='ocrx_word' id='word_1_555' title='bbox 1207 3892 1269 3967; x_wconf 65' lang='grc' dir='ltr'><strong>το</strong></span> <span class='ocrx_word' id='word_1_556' title='bbox 1312 3893 1376 3946; x_wconf 82' lang='grc' dir='ltr'>ὲκ</span> <span class='ocrx_word' id='word_1_557' title='bbox 1421 3893 1712 3967; x_wconf 83' lang='grc' dir='ltr'>προσώπου</span> 
     </span>
    </p>
   </div>
   <div class='ocr_carea' id='block_1_74' title="bbox 135 3951 1712 4026">
    <p class='ocr_par' dir='ltr' id='par_1_74' title="bbox 135 3951 1712 4026">
     <span class='ocr_line' id='line_1_75' title="bbox 135 3951 1712 4026; baseline 0.01 -22"><span class='ocrx_word' id='word_1_558' title='bbox 135 3953 233 4005; x_wconf 86' lang='grc' dir='ltr'><strong>τοῦ</strong></span> <span class='ocrx_word' id='word_1_559' title='bbox 270 3951 406 4026; x_wconf 78' lang='grc' dir='ltr'>Θεοῦ</span> <span class='ocrx_word' id='word_1_560' title='bbox 450 3951 758 4024; x_wconf 76' lang='grc' dir='ltr'>λεγόμενον,</span> <span class='ocrx_word' id='word_1_561' title='bbox 827 3970 879 4012; x_wconf 89' lang='lat' dir='ltr'><strong>et</strong></span> <span class='ocrx_word' id='word_1_562' title='bbox 949 3964 1017 4012; x_wconf 89' lang='lat' dir='ltr'><strong>ita</strong></span> <span class='ocrx_word' id='word_1_563' title='bbox 1081 3962 1362 4026; x_wconf 76' lang='lat' dir='ltr'><strong>legendum</strong></span> <span class='ocrx_word' id='word_1_564' title='bbox 1404 3951 1524 4019; x_wconf 70' lang='lat' dir='ltr'><strong>esse</strong></span> <span class='ocrx_word' id='word_1_565' title='bbox 1566 3967 1712 4018; x_wconf 88' lang='lat' dir='ltr'><strong>arbi-</strong></span> 
     </span>
    </p>
   </div>
   <div class='ocr_carea' id='block_1_75' title="bbox 136 4024 1711 4146">
    <p class='ocr_par' dir='ltr' id='par_1_75' title="bbox 136 4024 1711 4146">
     <span class='ocr_line' id='line_1_76' title="bbox 136 4024 1711 4146; baseline 0.011 -73"><span class='ocrx_word' id='word_1_566' title='bbox 136 4034 282 4146; x_wconf 40' lang='lat' dir='ltr'><strong>kror.</strong></span> <span class='ocrx_word' id='word_1_567' title='bbox 314 4024 393 4076; x_wconf 81' lang='lat' dir='ltr'><strong>sic</strong></span> <span class='ocrx_word' id='word_1_568' title='bbox 442 4037 497 4077; x_wconf 86' lang='lat' dir='ltr'><strong>ut</strong></span> <span class='ocrx_word' id='word_1_569' title='bbox 552 4028 698 4090; x_wconf 80' lang='lat' dir='ltr'><strong>illud,</strong></span> <span class='ocrx_word' id='word_1_570' title='bbox 734 4029 860 4083; x_wconf 81' lang='grc' dir='ltr'>ὅταν</span> <span class='ocrx_word' id='word_1_571' title='bbox 908 4024 1252 4101; x_wconf 78' lang='grc' dir='ltr'>ἀκούσωμεν,</span> <span class='ocrx_word' id='word_1_572' title='bbox 1294 4035 1569 4089; x_wconf 86' lang='lat' dir='ltr'><strong>subaudiri</strong></span> <span class='ocrx_word' id='word_1_573' title='bbox 1614 4037 1711 4089; x_wconf 86' lang='lat' dir='ltr'><strong>de-</strong></span> 
     </span>
     <span class='ocr_line' id='line_1_77' title="bbox 173 4104 287 4146; baseline 0 0"><span class='ocrx_word' id='word_1_574' title='bbox 173 4104 287 4146; x_wconf 85' lang='lat' dir='ltr'><strong>eat.</strong></span> 
     </span>
    </p>
   </div>
   <div class='ocr_carea' id='block_1_76' title="bbox 173 4104 287 4147">
    <p class='ocr_par' dir='ltr' id='par_1_76' title="bbox 173 4104 287 4147">
     <span class='ocr_line' id='line_1_78' title="bbox 173 4104 287 4147; baseline 0 0"><span class='ocrx_word' id='word_1_575' title='bbox 173 4104 287 4147; x_wconf 87' lang='lat' dir='ltr'><strong>eat.</strong></span> 
     </span>
    </p>
   </div>
   <div class='ocr_carea' id='block_1_77' title="bbox 216 4163 1705 4239">
    <p class='ocr_par' dir='ltr' id='par_1_77' title="bbox 216 4163 1705 4239">
     <span class='ocr_line' id='line_1_79' title="bbox 216 4163 1705 4239; baseline 0.005 -20"><span class='ocrx_word' id='word_1_576' title='bbox 216 4167 331 4235; x_wconf 78' lang='grc'>(55)</span> <span class='ocrx_word' id='word_1_577' title='bbox 381 4163 511 4239; x_wconf 73' lang='lat' dir='ltr'><strong>Reg.</strong></span> <span class='ocrx_word' id='word_1_578' title='bbox 541 4167 734 4223; x_wconf 89' lang='lat' dir='ltr'><strong>tertius</strong></span> <span class='ocrx_word' id='word_1_579' title='bbox 764 4172 985 4237; x_wconf 69' lang='lat' dir='ltr'><strong>perinde</strong></span> <span class='ocrx_word' id='word_1_580' title='bbox 1018 4180 1177 4239; x_wconf 87' lang='lat' dir='ltr'><strong>atque</strong></span> <span class='ocrx_word' id='word_1_581' title='bbox 1224 4173 1311 4225; x_wconf 79' lang='lat' dir='ltr'><strong>alii</strong></span> <span class='ocrx_word' id='word_1_582' title='bbox 1368 4190 1499 4231; x_wconf 88' lang='lat' dir='ltr'><strong>mss.</strong></span> <span class='ocrx_word' id='word_1_583' title='bbox 1544 4175 1705 4230; x_wconf 83' lang='lat' dir='ltr'><strong>habet</strong></span> 
     </span>
    </p>
   </div>
   <div class='ocr_carea' id='block_1_78' title="bbox 136 4237 1702 4322">
    <p class='ocr_par' dir='ltr' id='par_1_78' title="bbox 136 4237 1702 4322">
     <span class='ocr_line' id='line_1_80' title="bbox 136 4237 1702 4322; baseline 0.007 -34"><span class='ocrx_word' id='word_1_584' title='bbox 136 4239 358 4317; x_wconf 78' lang='lat' dir='ltr'><strong>quidem</strong></span> <span class='ocrx_word' id='word_1_585' title='bbox 391 4237 442 4290; x_wconf 93' lang='lat' dir='ltr'><strong>in</strong></span> <span class='ocrx_word' id='word_1_586' title='bbox 466 4246 717 4318; x_wconf 71' lang='lat' dir='ltr'><strong>contextu</strong></span> <span class='ocrx_word' id='word_1_587' title='bbox 747 4237 1370 4322; x_wconf 59' lang='lat' dir='ltr'><strong>‘svépysmv,cbnlra_aim</strong></span> <span class='ocrx_word' id='word_1_588' title='bbox 1398 4247 1702 4322; x_wconf 56' lang='lat' dir='ltr'><strong>verborum;</strong></span> 
     </span>
    </p>
   </div>
   <div class='ocr_carea' id='block_1_79' title="bbox 138 4306 1702 4385">
    <p class='ocr_par' dir='ltr' id='par_1_79' title="bbox 138 4306 1702 4385">
     <span class='ocr_line' id='line_1_81' title="bbox 138 4306 1702 4385; baseline 0.004 -25"><span class='ocrx_word' id='word_1_589' title='bbox 138 4319 194 4361; x_wconf 84' lang='lat' dir='ltr'><strong>at</strong></span> <span class='ocrx_word' id='word_1_590' title='bbox 225 4307 488 4385; x_wconf 85' lang='lat' dir='ltr'><strong>scriptum</strong></span> <span class='ocrx_word' id='word_1_591' title='bbox 504 4306 786 4385; x_wconf 65' lang='lat' dir='ltr'><strong>invenitur</strong></span> <span class='ocrx_word' id='word_1_592' title='bbox 817 4306 866 4364; x_wconf 81' lang='lat' dir='ltr'><strong>in</strong></span> <span class='ocrx_word' id='word_1_593' title='bbox 887 4306 1141 4379; x_wconf 77' lang='lat' dir='ltr'><strong>margine</strong></span> <span class='ocrx_word' id='word_1_594' title='bbox 1170 4315 1485 4385; x_wconf 72' lang='grc' dir='ltr'>ἐνάργειαν,</span> <span class='ocrx_word' id='word_1_595' title='bbox 1523 4310 1702 4369; x_wconf 60' lang='lat' dir='ltr'><strong>contra</strong></span> 
     </span>
    </p>
   </div>
   <div class='ocr_carea' id='block_1_80' title="bbox 135 4376 1701 4454">
    <p class='ocr_par' dir='ltr' id='par_1_80' title="bbox 135 4376 1701 4454">
     <span class='ocr_line' id='line_1_82' title="bbox 135 4376 1701 4454; baseline 0.005 -23"><span class='ocrx_word' id='word_1_596' title='bbox 135 4378 470 4454; x_wconf 61' lang='lat' dir='ltr'><strong>evidentiam.</strong></span> <span class='ocrx_word' id='word_1_597' title='bbox 503 4376 869 4454; x_wconf 63' lang='lat' dir='ltr'><strong>Miliidubimn</strong></span> <span class='ocrx_word' id='word_1_598' title='bbox 890 4400 1005 4454; x_wconf 81' lang='lat' dir='ltr'><strong>non</strong></span> <span class='ocrx_word' id='word_1_599' title='bbox 1026 4376 1110 4435; x_wconf 64' lang='lat' dir='ltr'><strong>est</strong></span> <span class='ocrx_word' id='word_1_600' title='bbox 1138 4376 1280 4451; x_wconf 62' lang='lat' dir='ltr'><strong>quin&#39;</strong></span> <span class='ocrx_word' id='word_1_601' title='bbox 1304 4376 1570 4454; x_wconf 75' lang='lat' dir='ltr'><strong>interpres</strong></span> <span class='ocrx_word' id='word_1_602' title='bbox 1607 4403 1701 4439; x_wconf 83' lang='lat' dir='ltr'><strong>ve-</strong></span> 
     </span>
    </p>
   </div>
   <div class='ocr_carea' id='block_1_81' title="bbox 140 4447 1702 4521">
    <p class='ocr_par' dir='ltr' id='par_1_81' title="bbox 140 4447 1702 4521">
     <span class='ocr_line' id='line_1_83' title="bbox 140 4447 1702 4521; baseline 0.006 -22"><span class='ocrx_word' id='word_1_603' title='bbox 140 4461 227 4502; x_wconf 81' lang='lat' dir='ltr'><strong>tus</strong></span> <span class='ocrx_word' id='word_1_604' title='bbox 289 4448 482 4515; x_wconf 80' lang='lat' dir='ltr'><strong>legerit</strong></span> <span class='ocrx_word' id='word_1_605' title='bbox 516 4447 662 4519; x_wconf 76' lang='grc' dir='ltr'>παρὰ</span> <span class='ocrx_word' id='word_1_606' title='bbox 703 4450 800 4520; x_wconf 69' lang='grc' dir='ltr'>τὴν</span> <span class='ocrx_word' id='word_1_607' title='bbox 851 4453 1128 4521; x_wconf 75' lang='grc' dir='ltr'>ἀλήθειαν,</span> <span class='ocrx_word' id='word_1_608' title='bbox 1158 4447 1279 4506; x_wconf 58' lang='lat' dir='ltr'><strong>eum</strong></span> <span class='ocrx_word' id='word_1_609' title='bbox 1320 4447 1702 4521; x_wconf 77' lang='lat' dir='ltr'><strong>interpretatus</strong></span> 
     </span>
    </p>
   </div>
   <div class='ocr_carea' id='block_1_82' title="bbox 136 4522 803 4581">
    <p class='ocr_par' dir='ltr' id='par_1_82' title="bbox 136 4522 803 4581">
     <span class='ocr_line' id='line_1_84' title="bbox 136 4522 803 4581; baseline 0.001 -10"><span class='ocrx_word' id='word_1_610' title='bbox 136 4522 227 4581; x_wconf 85' lang='lat' dir='ltr'><strong>sit,</strong></span> <span class='ocrx_word' id='word_1_611' title='bbox 272 4527 457 4569; x_wconf 79' lang='lat' dir='ltr'><strong>contra</strong></span> <span class='ocrx_word' id='word_1_612' title='bbox 485 4522 749 4573; x_wconf 72' lang='lat' dir='ltr'><strong>veritatem</strong></span> <span class='ocrx_word' id='word_1_613' title='bbox 786 4535 803 4572; x_wconf 91' lang='lat'><strong><em>:</em></strong></span> 
     </span>
    </p>
   </div>
   <div class='ocr_carea' id='block_1_83' title="bbox 137 4587 474 4650">
    <p class='ocr_par' dir='ltr' id='par_1_83' title="bbox 137 4587 474 4650">
     <span class='ocr_line' id='line_1_85' title="bbox 137 4587 474 4650; baseline -0.006 -9"><span class='ocrx_word' id='word_1_614' title='bbox 137 4591 227 4650; x_wconf 86' lang='lat' dir='ltr'><strong>rit,</strong></span> <span class='ocrx_word' id='word_1_615' title='bbox 268 4587 474 4639; x_wconf 84' lang='lat' dir='ltr'><strong>nescio.</strong></span> 
     </span>
    </p>
   </div>
   <div class='ocr_carea' id='block_1_84' title="bbox 207 4655 1703 4727">
    <p class='ocr_par' dir='ltr' id='par_1_84' title="bbox 207 4655 1703 4727">
     <span class='ocr_line' id='line_1_86' title="bbox 207 4655 1703 4727; baseline 0.011 -21"><span class='ocrx_word' id='word_1_616' title='bbox 207 4655 496 4727; x_wconf 12' lang='lat' dir='ltr'><strong>(547)7Editi</strong></span> <span class='ocrx_word' id='word_1_617' title='bbox 527 4669 579 4710; x_wconf 81' lang='lat' dir='ltr'><strong>et</strong></span> <span class='ocrx_word' id='word_1_618' title='bbox 634 4676 762 4715; x_wconf 88' lang='lat' dir='ltr'><strong>mss.</strong></span> <span class='ocrx_word' id='word_1_619' title='bbox 803 4663 1044 4717; x_wconf 91' lang='lat' dir='ltr'><strong>nonnulli</strong></span> <span class='ocrx_word' id='word_1_620' title='bbox 1098 4663 1227 4717; x_wconf 82' lang='grc' dir='ltr'>Υἰοῦ</span> <span class='ocrx_word' id='word_1_621' title='bbox 1283 4667 1377 4719; x_wconf 85' lang='grc' dir='ltr'>κα).</span> <span class='ocrx_word' id='word_1_622' title='bbox 1412 4666 1571 4720; x_wconf 83' lang='grc' dir='ltr'>Θεοῦ.</span> <span class='ocrx_word' id='word_1_623' title='bbox 1598 4668 1703 4722; x_wconf 84' lang='lat' dir='ltr'><strong>Alii</strong></span> 
     </span>
    </p>
   </div>
   <div class='ocr_carea' id='block_1_85' title="bbox 136 4725 725 4784">
    <p class='ocr_par' dir='ltr' id='par_1_85' title="bbox 136 4725 725 4784">
     <span class='ocr_line' id='line_1_87' title="bbox 136 4725 725 4784; baseline 0.003 -2"><span class='ocrx_word' id='word_1_624' title='bbox 136 4725 267 4784; x_wconf 79' lang='lat' dir='ltr'><strong>mss.</strong></span> <span class='ocrx_word' id='word_1_625' title='bbox 297 4725 427 4779; x_wconf 85' lang='grc' dir='ltr'>Υίοῦ</span> <span class='ocrx_word' id='word_1_626' title='bbox 456 4729 548 4781; x_wconf 84' lang='grc' dir='ltr'><strong>τοῦ</strong></span> <span class='ocrx_word' id='word_1_627' title='bbox 572 4731 725 4784; x_wconf 81' lang='grc' dir='ltr'>Θεοῦ.</span> 
     </span>
    </p>
   </div>
   <div class='ocr_carea' id='block_1_86' title="bbox 209 4795 1699 4869">
    <p class='ocr_par' dir='ltr' id='par_1_86' title="bbox 209 4795 1699 4869">
     <span class='ocr_line' id='line_1_88' title="bbox 209 4795 1699 4869; baseline 0.007 -17"><span class='ocrx_word' id='word_1_628' title='bbox 209 4798 323 4869; x_wconf 82' lang='lat'><strong>(55)</strong></span> <span class='ocrx_word' id='word_1_629' title='bbox 356 4795 469 4850; x_wconf 81' lang='lat' dir='ltr'><strong>Hoc</strong></span> <span class='ocrx_word' id='word_1_630' title='bbox 493 4802 624 4855; x_wconf 82' lang='lat' dir='ltr'><strong>dicit</strong></span> <span class='ocrx_word' id='word_1_631' title='bbox 658 4800 882 4857; x_wconf 85' lang='lat' dir='ltr'><strong>Basilius</strong></span> <span class='ocrx_word' id='word_1_632' title='bbox 913 4819 927 4857; x_wconf 90' lang='lat'><strong>:</strong></span> <span class='ocrx_word' id='word_1_633' title='bbox 961 4804 1172 4857; x_wconf 86' lang='lat' dir='ltr'><strong>Patrem</strong></span> <span class='ocrx_word' id='word_1_634' title='bbox 1222 4807 1359 4860; x_wconf 87' lang='lat' dir='ltr'><strong>Filio</strong></span> <span class='ocrx_word' id='word_1_635' title='bbox 1396 4809 1699 4863; x_wconf 84' lang='lat' dir='ltr'><strong>substantia</strong></span> 
     </span>
    </p>
   </div>
   <div class='ocr_carea' id='block_1_87' title="bbox 144 4870 1700 4945">
    <p class='ocr_par' dir='ltr' id='par_1_87' title="bbox 144 4870 1700 4945">
     <span class='ocr_line' id='line_1_89' title="bbox 144 4870 1700 4945; baseline 0.006 -23"><span class='ocrx_word' id='word_1_636' title='bbox 144 4870 464 4945; x_wconf 81' lang='lat' dir='ltr'><strong>dissimilem</strong></span> <span class='ocrx_word' id='word_1_637' title='bbox 490 4884 611 4945; x_wconf 84' lang='lat' dir='ltr'><strong>esse</strong></span> <span class='ocrx_word' id='word_1_638' title='bbox 659 4889 815 4945; x_wconf 23' lang='lat' dir='ltr'><strong>exgeo</strong></span> <span class='ocrx_word' id='word_1_639' title='bbox 846 4876 1048 4943; x_wconf 81' lang='lat' dir='ltr'><strong>colligit</strong></span> <span class='ocrx_word' id='word_1_640' title='bbox 1082 4875 1392 4941; x_wconf 85' lang='lat' dir='ltr'><strong>Eunomins,</strong></span> <span class='ocrx_word' id='word_1_641' title='bbox 1424 4882 1563 4945; x_wconf 85' lang='lat' dir='ltr'><strong>quod</strong></span> <span class='ocrx_word' id='word_1_642' title='bbox 1598 4879 1700 4932; x_wconf 84' lang='lat' dir='ltr'><strong>Pa-</strong></span> 
     </span>
    </p>
   </div>
   <div class='ocr_carea' id='block_1_88' title="bbox 137 4940 1683 5009">
    <p class='ocr_par' dir='ltr' id='par_1_88' title="bbox 137 4940 1683 5009">
     <span class='ocr_line' id='line_1_90' title="bbox 137 4940 1683 5009; baseline 0.007 -18"><span class='ocrx_word' id='word_1_643' title='bbox 137 4951 219 4993; x_wconf 80' lang='lat' dir='ltr'><strong>ter</strong></span> <span class='ocrx_word' id='word_1_644' title='bbox 253 4940 525 5009; x_wconf 86' lang='lat' dir='ltr'><strong>ingenitus</strong></span> <span class='ocrx_word' id='word_1_645' title='bbox 564 4942 652 5000; x_wconf 86' lang='lat' dir='ltr'><strong>sit.</strong></span> <span class='ocrx_word' id='word_1_646' title='bbox 706 4943 875 4999; x_wconf 81' lang='lat' dir='ltr'><strong>Filius</strong></span> <span class='ocrx_word' id='word_1_647' title='bbox 917 4940 1045 4999; x_wconf 86' lang='lat' dir='ltr'><strong>vero</strong></span> <span class='ocrx_word' id='word_1_648' title='bbox 1096 4949 1307 5009; x_wconf 71' lang='lat' dir='ltr'><strong>genitus</strong></span> <span class='ocrx_word' id='word_1_649' title='bbox 1359 4967 1374 5003; x_wconf 89' lang='lat'>:</span> <span class='ocrx_word' id='word_1_650' title='bbox 1422 4940 1516 5002; x_wconf 80' lang='lat' dir='ltr'><strong>sed</strong></span> <span class='ocrx_word' id='word_1_651' title='bbox 1574 4952 1683 5002; x_wconf 85' lang='lat' dir='ltr'><strong>illm</strong></span> 
     </span>
    </p>
   </div>
   <div class='ocr_carea' id='block_1_89' title="bbox 137 5009 1697 5083">
    <p class='ocr_par' dir='ltr' id='par_1_89' title="bbox 137 5009 1697 5083">
     <span class='ocr_line' id='line_1_91' title="bbox 137 5009 1697 5083; baseline 0.006 -22"><span class='ocrx_word' id='word_1_652' title='bbox 137 5009 746 5083; x_wconf 12' lang='lat' dir='ltr'><strong>argumentamliigenus</strong></span> <span class='ocrx_word' id='word_1_653' title='bbox 777 5016 1013 5083; x_wconf 81' lang='lat' dir='ltr'><strong>ineptum</strong></span> <span class='ocrx_word' id='word_1_654' title='bbox 1043 5028 1124 5069; x_wconf 86' lang='lat' dir='ltr'><strong>est</strong></span> <span class='ocrx_word' id='word_1_655' title='bbox 1151 5025 1205 5069; x_wconf 87' lang='lat' dir='ltr'><strong>ct</strong></span> <span class='ocrx_word' id='word_1_656' title='bbox 1226 5018 1537 5072; x_wconf 84' lang='lat' dir='ltr'><strong>absurdum.</strong></span> <span class='ocrx_word' id='word_1_657' title='bbox 1563 5018 1697 5075; x_wconf 80' lang='lat' dir='ltr'><strong>Cum</strong></span> 
     </span>
    </p>
   </div>
   <div class='ocr_carea' id='block_1_90' title="bbox 136 5080 1698 5157">
    <p class='ocr_par' dir='ltr' id='par_1_90' title="bbox 136 5080 1698 5157">
     <span class='ocr_line' id='line_1_92' title="bbox 136 5080 1698 5157; baseline 0.01 -27"><span class='ocrx_word' id='word_1_658' title='bbox 136 5085 281 5134; x_wconf 77' lang='lat' dir='ltr'><strong>enim</strong></span> <span class='ocrx_word' id='word_1_659' title='bbox 329 5080 632 5157; x_wconf 54' lang='lat' dir='ltr'><strong>tnult‘a_sint</strong></span> <span class='ocrx_word' id='word_1_660' title='bbox 667 5085 716 5135; x_wconf 92' lang='lat' dir='ltr'><strong>in</strong></span> <span class='ocrx_word' id='word_1_661' title='bbox 763 5080 958 5157; x_wconf 80' lang='lat' dir='ltr'><strong>quibus</strong></span> <span class='ocrx_word' id='word_1_662' title='bbox 1002 5086 1140 5139; x_wconf 86' lang='lat' dir='ltr'><strong>inter</strong></span> <span class='ocrx_word' id='word_1_663' title='bbox 1190 5103 1247 5141; x_wconf 83' lang='lat' dir='ltr'><strong>se</strong></span> <span class='ocrx_word' id='word_1_664' title='bbox 1302 5088 1698 5157; x_wconf 80' lang='lat' dir='ltr'><strong>perfectissime</strong></span> 
     </span>
    </p>
   </div>
   <div class='ocr_carea' id='block_1_91' title="bbox 136 5151 1693 5227">
    <p class='ocr_par' dir='ltr' id='par_1_91' title="bbox 136 5151 1693 5227">
     <span class='ocr_line' id='line_1_93' title="bbox 136 5151 1693 5227; baseline 0.009 -28"><span class='ocrx_word' id='word_1_665' title='bbox 136 5152 464 5227; x_wconf 59' lang='lat' dir='ltr'><strong>conveniant</strong></span> <span class='ocrx_word' id='word_1_666' title='bbox 497 5151 655 5205; x_wconf 76' lang='lat' dir='ltr'><strong>Pater</strong></span> <span class='ocrx_word' id='word_1_667' title='bbox 700 5164 754 5227; x_wconf 86' lang='lat' dir='ltr'><strong>et</strong></span> <span class='ocrx_word' id='word_1_668' title='bbox 798 5156 983 5219; x_wconf 78' lang='lat' dir='ltr'><strong>Filius,</strong></span> <span class='ocrx_word' id='word_1_669' title='bbox 1013 5159 1080 5210; x_wconf 90' lang='lat' dir='ltr'><strong>ob</strong></span> <span class='ocrx_word' id='word_1_670' title='bbox 1112 5151 1517 5227; x_wconf 74' lang='lat' dir='ltr'><strong>integerrnnam</strong></span> <span class='ocrx_word' id='word_1_671' title='bbox 1554 5162 1693 5213; x_wconf 87' lang='lat' dir='ltr'><strong>illam</strong></span> 
     </span>
    </p>
   </div>
   <div class='ocr_carea' id='block_1_92' title="bbox 138 5220 1695 5298">
    <p class='ocr_par' dir='ltr' id='par_1_92' title="bbox 138 5220 1695 5298">
     <span class='ocr_line' id='line_1_94' title="bbox 138 5220 1695 5298; baseline 0.009 -28"><span class='ocrx_word' id='word_1_672' title='bbox 138 5220 189 5298; x_wconf 80' lang='lat' dir='ltr'><strong>in</strong></span> <span class='ocrx_word' id='word_1_673' title='bbox 218 5222 460 5298; x_wconf 56' lang='lat' dir='ltr'><strong>pluribus</strong></span> <span class='ocrx_word' id='word_1_674' title='bbox 485 5226 888 5298; x_wconf 72' lang='lat' dir='ltr'><strong>consensionem</strong></span> <span class='ocrx_word' id='word_1_675' title='bbox 918 5241 1078 5293; x_wconf 85' lang='lat' dir='ltr'><strong>atque</strong></span> <span class='ocrx_word' id='word_1_676' title='bbox 1107 5220 1561 5298; x_wconf 74' lang='lat' dir='ltr'><strong>convenientiam.</strong></span> <span class='ocrx_word' id='word_1_677' title='bbox 1601 5248 1695 5298; x_wconf 88' lang='lat' dir='ltr'><strong>po-</strong></span> 
     </span>
    </p>
   </div>
   <div class='ocr_carea' id='block_1_93' title="bbox 140 5290 1691 5363">
    <p class='ocr_par' dir='ltr' id='par_1_93' title="bbox 140 5290 1691 5363">
     <span class='ocr_line' id='line_1_95' title="bbox 140 5290 1691 5363; baseline 0.01 -24"><span class='ocrx_word' id='word_1_678' title='bbox 140 5292 241 5363; x_wconf 73' lang='lat' dir='ltr'><strong>tins</strong></span> <span class='ocrx_word' id='word_1_679' title='bbox 271 5290 593 5345; x_wconf 84' lang='lat' dir='ltr'><strong>Eunomium</strong></span> <span class='ocrx_word' id='word_1_680' title='bbox 625 5293 781 5347; x_wconf 81' lang='lat' dir='ltr'><strong>fateri</strong></span> <span class='ocrx_word' id='word_1_681' title='bbox 812 5290 1147 5363; x_wconf 81' lang='lat' dir='ltr'><strong>oportuerat.</strong></span> <span class='ocrx_word' id='word_1_682' title='bbox 1183 5297 1395 5353; x_wconf 69' lang='lat' dir='ltr'><strong>Patrem</strong></span> <span class='ocrx_word' id='word_1_683' title='bbox 1416 5310 1467 5353; x_wconf 90' lang='lat' dir='ltr'><strong>et</strong></span> <span class='ocrx_word' id='word_1_684' title='bbox 1499 5290 1691 5354; x_wconf 76' lang='lat' dir='ltr'><strong>Filium</strong></span> 
     </span>
    </p>
   </div>
   <div class='ocr_carea' id='block_1_94' title="bbox 137 5359 1694 5425">
    <p class='ocr_par' dir='ltr' id='par_1_94' title="bbox 137 5359 1694 5425">
     <span class='ocr_line' id='line_1_96' title="bbox 137 5359 1694 5425; baseline 0.011 -17"><span class='ocrx_word' id='word_1_685' title='bbox 137 5359 279 5415; x_wconf 87' lang='lat' dir='ltr'><strong>inter</strong></span> <span class='ocrx_word' id='word_1_686' title='bbox 312 5377 369 5414; x_wconf 83' lang='lat' dir='ltr'><strong>se</strong></span> <span class='ocrx_word' id='word_1_687' title='bbox 394 5364 597 5419; x_wconf 89' lang='lat' dir='ltr'><strong>similes</strong></span> <span class='ocrx_word' id='word_1_688' title='bbox 628 5379 766 5425; x_wconf 66' lang='lat' dir='ltr'><strong>esse,</strong></span> <span class='ocrx_word' id='word_1_689' title='bbox 802 5359 901 5419; x_wconf 78' lang='lat' dir='ltr'><strong>nec</strong></span> <span class='ocrx_word' id='word_1_690' title='bbox 926 5370 1111 5420; x_wconf 85' lang='lat' dir='ltr'><strong>debuit</strong></span> <span class='ocrx_word' id='word_1_691' title='bbox 1137 5369 1204 5421; x_wconf 90' lang='lat' dir='ltr'><strong>ob</strong></span> <span class='ocrx_word' id='word_1_692' title='bbox 1231 5372 1393 5424; x_wconf 89' lang='lat' dir='ltr'><strong>unius</strong></span> <span class='ocrx_word' id='word_1_693' title='bbox 1436 5371 1583 5424; x_wconf 88' lang='lat' dir='ltr'><strong>vocis</strong></span> <span class='ocrx_word' id='word_1_694' title='bbox 1614 5373 1694 5425; x_wconf 86' lang='lat' dir='ltr'><strong>di-</strong></span> 
     </span>
    </p>
   </div>
   <div class='ocr_carea' id='block_1_95' title="bbox 135 5432 1216 5505">
    <p class='ocr_par' dir='ltr' id='par_1_95' title="bbox 135 5432 1216 5505">
     <span class='ocr_line' id='line_1_97' title="bbox 135 5432 1216 5505; baseline 0.008 -22"><span class='ocrx_word' id='word_1_695' title='bbox 135 5432 444 5505; x_wconf 25' lang='lat' dir='ltr'><strong>Versiﬁtatem</strong></span> <span class='ocrx_word' id='word_1_696' title='bbox 474 5449 567 5486; x_wconf 82' lang='lat' dir='ltr'><strong>eos</strong></span> <span class='ocrx_word' id='word_1_697' title='bbox 594 5435 882 5488; x_wconf 81' lang='lat' dir='ltr'><strong>dissimiles</strong></span> <span class='ocrx_word' id='word_1_698' title='bbox 906 5440 1216 5505; x_wconf 62' lang='lat' dir='ltr'><strong>pra-dicare.</strong></span> 
     </span>
    </p>
   </div>
   <div class='ocr_carea' id='block_1_96' title="bbox 202 5500 1691 5579">
    <p class='ocr_par' dir='ltr' id='par_1_96' title="bbox 202 5500 1691 5579">
     <span class='ocr_line' id='line_1_98' title="bbox 202 5500 1691 5579; baseline 0.003 -22"><span class='ocrx_word' id='word_1_699' title='bbox 202 5500 456 5579; x_wconf 79' lang='lat' dir='ltr'><strong>(56)_Vox</strong></span> <span class='ocrx_word' id='word_1_700' title='bbox 486 5505 740 5577; x_wconf 74' lang='grc' dir='ltr'>εὐλαϐείᾳ</span> <span class='ocrx_word' id='word_1_701' title='bbox 765 5500 918 5560; x_wconf 69' lang='lat' dir='ltr'><strong>sumi</strong></span> <span class='ocrx_word' id='word_1_702' title='bbox 936 5510 1145 5560; x_wconf 89' lang='lat' dir='ltr'><strong>videtur</strong></span> <span class='ocrx_word' id='word_1_703' title='bbox 1164 5510 1263 5562; x_wconf 88' lang='lat' dir='ltr'><strong>hoc</strong></span> <span class='ocrx_word' id='word_1_704' title='bbox 1290 5510 1411 5565; x_wconf 82' lang='lat' dir='ltr'><strong>loco</strong></span> <span class='ocrx_word' id='word_1_705' title='bbox 1436 5526 1531 5579; x_wconf 83' lang='lat' dir='ltr'><strong>pro</strong></span> <span class='ocrx_word' id='word_1_706' title='bbox 1558 5528 1691 5578; x_wconf 82' lang='lat' dir='ltr'><strong>qua-</strong></span> 
     </span>
    </p>
   </div>
   <div class='ocr_carea' id='block_1_97' title="bbox 138 5573 1688 5647">
    <p class='ocr_par' dir='ltr' id='par_1_97' title="bbox 138 5573 1688 5647">
     <span class='ocr_line' id='line_1_99' title="bbox 138 5573 1688 5647; baseline 0.007 -24"><span class='ocrx_word' id='word_1_707' title='bbox 138 5573 250 5647; x_wconf 77' lang='lat' dir='ltr'><strong>dam</strong></span> <span class='ocrx_word' id='word_1_708' title='bbox 286 5573 793 5641; x_wconf 39' lang='lat' dir='ltr'><strong>circumspectim’ie,</strong></span> <span class='ocrx_word' id='word_1_709' title='bbox 847 5592 960 5639; x_wconf 86' lang='lat' dir='ltr'><strong>seu,</strong></span> <span class='ocrx_word' id='word_1_710' title='bbox 1006 5594 1102 5643; x_wconf 92' lang='lat' dir='ltr'><strong>pro</strong></span> <span class='ocrx_word' id='word_1_711' title='bbox 1156 5592 1406 5634; x_wconf 87' lang='lat' dir='ltr'><strong>accurata</strong></span> <span class='ocrx_word' id='word_1_712' title='bbox 1438 5573 1688 5647; x_wconf 50' lang='lat' dir='ltr'><strong>&#39;quadam</strong></span> 
     </span>
    </p>
   </div>
   <div class='ocr_carea' id='block_1_98' title="bbox 137 5640 1687 5713">
    <p class='ocr_par' dir='ltr' id='par_1_98' title="bbox 137 5640 1687 5713">
     <span class='ocr_line' id='line_1_100' title="bbox 137 5640 1687 5713; baseline 0.01 -22"><span class='ocrx_word' id='word_1_713' title='bbox 137 5640 381 5713; x_wconf 90' lang='lat' dir='ltr'><strong>loquendi</strong></span> <span class='ocrx_word' id='word_1_714' title='bbox 431 5653 485 5699; x_wconf 80' lang='lat' dir='ltr'><strong>et</strong></span> <span class='ocrx_word' id='word_1_715' title='bbox 517 5640 784 5701; x_wconf 76' lang='lat' dir='ltr'><strong>scribendi</strong></span> <span class='ocrx_word' id='word_1_716' title='bbox 824 5640 1051 5702; x_wconf 80' lang='lat' dir='ltr'><strong>ratione.</strong></span> <span class='ocrx_word' id='word_1_717' title='bbox 1083 5648 1442 5705; x_wconf 85' lang='lat' dir='ltr'><strong>Combelisius</strong></span> <span class='ocrx_word' id='word_1_718' title='bbox 1474 5640 1645 5706; x_wconf 51' lang='lat' dir='ltr'><strong>&#39;vertit</strong></span> <span class='ocrx_word' id='word_1_719' title='bbox 1674 5669 1687 5705; x_wconf 90' lang='lat'><strong>:</strong></span> 
     </span>
    </p>
   </div>
   <div class='ocr_carea' id='block_1_99' title="bbox 136 5713 743 5783">
    <p class='ocr_par' dir='ltr' id='par_1_99' title="bbox 136 5713 743 5783">
     <span class='ocr_line' id='line_1_101' title="bbox 136 5713 743 5783; baseline 0.012 -21"><span class='ocrx_word' id='word_1_720' title='bbox 136 5713 227 5765; x_wconf 80' lang='lat' dir='ltr'><strong>huc</strong></span> <span class='ocrx_word' id='word_1_721' title='bbox 263 5716 531 5783; x_wconf 82' lang='lat' dir='ltr'><strong>religionis</strong></span> <span class='ocrx_word' id='word_1_722' title='bbox 574 5716 743 5768; x_wconf 78' lang='lat' dir='ltr'><strong>larva.</strong></span> 
     </span>
    </p>
   </div>
   <div class='ocr_carea' id='block_1_100' title="bbox 201 5785 1686 5856">
    <p class='ocr_par' dir='ltr' id='par_1_100' title="bbox 201 5785 1686 5856">
     <span class='ocr_line' id='line_1_102' title="bbox 201 5785 1686 5856; baseline 0.006 -19"><span class='ocrx_word' id='word_1_723' title='bbox 201 5785 310 5845; x_wconf 74' lang='grc'>(37)</span> <span class='ocrx_word' id='word_1_724' title='bbox 370 5788 463 5850; x_wconf 78' lang='grc' dir='ltr'>Τίς</span> <span class='ocrx_word' id='word_1_725' title='bbox 491 5787 528 5853; x_wconf 78' lang='grc' dir='ltr'><em>ὴ</em></span> <span class='ocrx_word' id='word_1_726' title='bbox 562 5786 1018 5856; x_wconf 46' lang='grc' dir='ltr'><strong>ἀποκλῄῃ-παις</strong></span> <span class='ocrx_word' id='word_1_727' title='bbox 1056 5790 1309 5856; x_wconf 84' lang='lat' dir='ltr'><strong>ernam</strong></span> <span class='ocrx_word' id='word_1_728' title='bbox 1340 5794 1447 5845; x_wconf 70' lang='lat' dir='ltr'><strong>Iure</strong></span> <span class='ocrx_word' id='word_1_729' title='bbox 1480 5795 1686 5848; x_wconf 80' lang='lat' dir='ltr'><strong>temeri-</strong></span> 
     </span>
    </p>
   </div>
   <div class='ocr_carea' id='block_1_101' title="bbox 844 4525 1705 4593">
    <p class='ocr_par' dir='ltr' id='par_1_101' title="bbox 844 4525 1705 4593">
     <span class='ocr_line' id='line_1_103' title="bbox 844 4525 1705 4593; baseline 0.006 -16"><span class='ocrx_word' id='word_1_730' title='bbox 844 4525 937 4577; x_wconf 86' lang='lat' dir='ltr'><strong>sed</strong></span> <span class='ocrx_word' id='word_1_731' title='bbox 971 4540 1073 4593; x_wconf 85' lang='lat' dir='ltr'><strong>qua</strong></span> <span class='ocrx_word' id='word_1_732' title='bbox 1116 4525 1164 4577; x_wconf 91' lang='lat' dir='ltr'><strong>id</strong></span> <span class='ocrx_word' id='word_1_733' title='bbox 1198 4529 1526 4581; x_wconf 85' lang='lat' dir='ltr'><strong>auctoritate</strong></span> <span class='ocrx_word' id='word_1_734' title='bbox 1566 4526 1705 4581; x_wconf 80' lang='lat' dir='ltr'><strong>fece-</strong></span> 
     </span>
    </p>
   </div>
   <div class='ocr_carea' id='block_1_102' title="bbox 1824 3893 3376 3969">
    <p class='ocr_par' dir='ltr' id='par_1_102' title="bbox 1824 3893 3376 3969">
     <span class='ocr_line' id='line_1_104' title="bbox 1824 3893 3376 3969; baseline 0.003 -20"><span class='ocrx_word' id='word_1_735' title='bbox 1824 3896 1948 3969; x_wconf 45' lang='lat' dir='ltr'><strong>ras?</strong></span> <span class='ocrx_word' id='word_1_736' title='bbox 2006 3893 2223 3969; x_wconf 56' lang='lat' dir='ltr'><strong>Ibidem</strong></span> <span class='ocrx_word' id='word_1_737' title='bbox 2269 3894 2493 3969; x_wconf 83' lang='lat' dir='ltr'><strong>delenda</strong></span> <span class='ocrx_word' id='word_1_738' title='bbox 2540 3896 2753 3964; x_wconf 79' lang='lat' dir='ltr'><strong>negatio</strong></span> <span class='ocrx_word' id='word_1_739' title='bbox 2809 3906 2932 3948; x_wconf 90' lang='lat' dir='ltr'><strong>ante</strong></span> <span class='ocrx_word' id='word_1_740' title='bbox 2973 3898 3376 3969; x_wconf 77' lang='grc' dir='ltr'>παραιτεῖσθαι.</span> 
     </span>
    </p>
   </div>
   <div class='ocr_carea' id='block_1_103' title="bbox 1821 3964 3373 4037">
    <p class='ocr_par' dir='ltr' id='par_1_103' title="bbox 1821 3964 3373 4037">
     <span class='ocr_line' id='line_1_105' title="bbox 1821 3964 3373 4037; baseline 0.002 -17"><span class='ocrx_word' id='word_1_741' title='bbox 1821 3965 1974 4020; x_wconf 90' lang='lat' dir='ltr'><strong>Clara</strong></span> <span class='ocrx_word' id='word_1_742' title='bbox 2009 3966 2152 4021; x_wconf 89' lang='lat' dir='ltr'><strong>enim</strong></span> <span class='ocrx_word' id='word_1_743' title='bbox 2184 3964 2370 4037; x_wconf 83' lang='lat' dir='ltr'><strong>Basilii</strong></span> <span class='ocrx_word' id='word_1_744' title='bbox 2400 3970 2664 4019; x_wconf 87' lang='lat' dir='ltr'><strong>sententia</strong></span> <span class='ocrx_word' id='word_1_745' title='bbox 2702 3982 2715 4017; x_wconf 87' lang='lat'><strong>:</strong></span> <span class='ocrx_word' id='word_1_746' title='bbox 2762 3969 2940 4037; x_wconf 86' lang='lat' dir='ltr'><strong>arguit</strong></span> <span class='ocrx_word' id='word_1_747' title='bbox 2975 3964 3373 4035; x_wconf 74' lang='lat' dir='ltr'><strong>adversarium,</strong></span> 
     </span>
    </p>
   </div>
   <div class='ocr_carea' id='block_1_104' title="bbox 1819 4036 3378 4105">
    <p class='ocr_par' dir='ltr' id='par_1_104' title="bbox 1819 4036 3378 4105">
     <span class='ocr_line' id='line_1_106' title="bbox 1819 4036 3378 4105; baseline 0.004 -16"><span class='ocrx_word' id='word_1_748' title='bbox 1819 4039 1960 4105; x_wconf 89' lang='lat' dir='ltr'><strong>quod</strong></span> <span class='ocrx_word' id='word_1_749' title='bbox 1991 4036 2283 4091; x_wconf 80' lang='lat' dir='ltr'><strong>essentiam</strong></span> <span class='ocrx_word' id='word_1_750' title='bbox 2317 4036 2407 4088; x_wconf 82' lang='lat' dir='ltr'><strong>Dei</strong></span> <span class='ocrx_word' id='word_1_751' title='bbox 2462 4038 2513 4087; x_wconf 89' lang='lat' dir='ltr'><strong>in</strong></span> <span class='ocrx_word' id='word_1_752' title='bbox 2543 4037 2654 4089; x_wconf 77' lang='lat' dir='ltr'><strong>sola</strong></span> <span class='ocrx_word' id='word_1_753' title='bbox 2699 4036 2918 4103; x_wconf 74' lang='lat' dir='ltr'><strong>ingeniti</strong></span> <span class='ocrx_word' id='word_1_754' title='bbox 2959 4053 3092 4091; x_wconf 81' lang='lat' dir='ltr'><strong>voce</strong></span> <span class='ocrx_word' id='word_1_755' title='bbox 3122 4040 3378 4095; x_wconf 74' lang='lat' dir='ltr'><strong>confiteri</strong></span> 
     </span>
    </p>
   </div>
   <div class='ocr_carea' id='block_1_105' title="bbox 1818 4106 3378 4175">
    <p class='ocr_par' dir='ltr' id='par_1_105' title="bbox 1818 4106 3378 4175">
     <span class='ocr_line' id='line_1_107' title="bbox 1818 4106 3378 4175; baseline 0.004 -18"><span class='ocrx_word' id='word_1_756' title='bbox 1818 4109 2001 4169; x_wconf 80' lang='lat' dir='ltr'><strong>vellet,</strong></span> <span class='ocrx_word' id='word_1_757' title='bbox 2034 4109 2083 4160; x_wconf 91' lang='lat' dir='ltr'><strong>in</strong></span> <span class='ocrx_word' id='word_1_758' title='bbox 2116 4106 2237 4161; x_wconf 89' lang='lat' dir='ltr'><strong>aliis</strong></span> <span class='ocrx_word' id='word_1_759' title='bbox 2268 4108 2511 4169; x_wconf 77' lang='lat' dir='ltr'><strong>vocubus,</strong></span> <span class='ocrx_word' id='word_1_760' title='bbox 2544 4120 2733 4172; x_wconf 80' lang='lat' dir='ltr'><strong>nempe</strong></span> <span class='ocrx_word' id='word_1_761' title='bbox 2766 4107 3184 4175; x_wconf 84' lang='lat' dir='ltr'><strong>incorruptibilis</strong></span> <span class='ocrx_word' id='word_1_762' title='bbox 3211 4119 3265 4162; x_wconf 91' lang='lat' dir='ltr'><strong>et</strong></span> <span class='ocrx_word' id='word_1_763' title='bbox 3295 4112 3378 4163; x_wconf 85' lang='lat' dir='ltr'><strong>in-</strong></span> 
     </span>
    </p>
   </div>
   <div class='ocr_carea' id='block_1_106' title="bbox 1814 4174 3370 4245">
    <p class='ocr_par' dir='ltr' id='par_1_106' title="bbox 1814 4174 3370 4245">
     <span class='ocr_line' id='line_1_108' title="bbox 1814 4174 3370 4245; baseline 0.004 -17"><span class='ocrx_word' id='word_1_764' title='bbox 1814 4179 2064 4240; x_wconf 82' lang='lat' dir='ltr'><strong>visibilis,</strong></span> <span class='ocrx_word' id='word_1_765' title='bbox 2090 4174 2205 4241; x_wconf 83' lang='lat' dir='ltr'><strong>ejus</strong></span> <span class='ocrx_word' id='word_1_766' title='bbox 2236 4179 2530 4229; x_wconf 87' lang='lat' dir='ltr'><strong>essentiam</strong></span> <span class='ocrx_word' id='word_1_767' title='bbox 2564 4182 2766 4245; x_wconf 81' lang='lat' dir='ltr'><strong>pariter</strong></span> <span class='ocrx_word' id='word_1_768' title='bbox 2788 4174 3033 4233; x_wconf 84' lang='lat' dir='ltr'><strong>conﬁteri</strong></span> <span class='ocrx_word' id='word_1_769' title='bbox 3070 4190 3370 4235; x_wconf 85' lang='lat' dir='ltr'><strong>recusaret.</strong></span> 
     </span>
    </p>
   </div>
   <div class='ocr_carea' id='block_1_107' title="bbox 1810 4246 2022 4301">
    <p class='ocr_par' dir='ltr' id='par_1_107' title="bbox 1810 4246 2022 4301">
     <span class='ocr_line' id='line_1_109' title="bbox 1810 4246 2022 4301; baseline -0.005 -2"><span class='ocrx_word' id='word_1_770' title='bbox 1810 4246 2022 4301; x_wconf 66' lang='lat' dir='ltr'><strong>Manu.</strong></span> 
     </span>
    </p>
   </div>
   <div class='ocr_carea' id='block_1_108' title="bbox 1881 4315 3377 4389">
    <p class='ocr_par' dir='ltr' id='par_1_108' title="bbox 1881 4315 3377 4389">
     <span class='ocr_line' id='line_1_110' title="bbox 1881 4315 3377 4389; baseline 0.003 -18"><span class='ocrx_word' id='word_1_771' title='bbox 1881 4318 1992 4389; x_wconf 85' lang='grc'>(58)</span> <span class='ocrx_word' id='word_1_772' title='bbox 2024 4316 2160 4389; x_wconf 87' lang='lat' dir='ltr'><strong>Editi</strong></span> <span class='ocrx_word' id='word_1_773' title='bbox 2196 4315 2298 4389; x_wconf 53' lang='lat' dir='ltr'><strong>ml.</strong></span> <span class='ocrx_word' id='word_1_774' title='bbox 2339 4316 2395 4367; x_wconf 77' lang='grc' dir='ltr'>ἐν</span> <span class='ocrx_word' id='word_1_775' title='bbox 2426 4315 2599 4389; x_wconf 75' lang='grc' dir='ltr'>τούτῳ</span> <span class='ocrx_word' id='word_1_776' title='bbox 2637 4316 3005 4388; x_wconf 78' lang='grc' dir='ltr'>ἀποπληροῦν.</span> <span class='ocrx_word' id='word_1_777' title='bbox 3070 4316 3219 4385; x_wconf 73' lang='lat' dir='ltr'><strong>Regii</strong></span> <span class='ocrx_word' id='word_1_778' title='bbox 3267 4329 3377 4375; x_wconf 84' lang='lat' dir='ltr'><strong>tres</strong></span> 
     </span>
    </p>
   </div>
   <div class='ocr_carea' id='block_1_109' title="bbox 1810 4386 3375 4458">
    <p class='ocr_par' dir='ltr' id='par_1_109' title="bbox 1810 4386 3375 4458">
     <span class='ocr_line' id='line_1_111' title="bbox 1810 4386 3375 4458; baseline 0.003 -17"><span class='ocrx_word' id='word_1_779' title='bbox 1810 4386 2002 4441; x_wconf 66' lang='grc' dir='ltr'><strong>ἐν’ὲν).</strong></span> <span class='ocrx_word' id='word_1_780' title='bbox 2052 4388 2223 4456; x_wconf 82' lang='grc' dir='ltr'>τούτῳ</span> <span class='ocrx_word' id='word_1_781' title='bbox 2278 4386 2716 4458; x_wconf 74' lang='grc' dir='ltr'>ἀποπληροῦντα.</span> <span class='ocrx_word' id='word_1_782' title='bbox 2776 4386 2925 4441; x_wconf 70' lang='lat' dir='ltr'><strong>cum.</strong></span> <span class='ocrx_word' id='word_1_783' title='bbox 2962 4404 3119 4442; x_wconf 87' lang='lat' dir='ltr'><strong>manu</strong></span> <span class='ocrx_word' id='word_1_784' title='bbox 3174 4392 3375 4445; x_wconf 86' lang='lat' dir='ltr'><strong>recenti</strong></span> 
     </span>
    </p>
   </div>
   <div class='ocr_carea' id='block_1_110' title="bbox 1809 4456 2568 4527">
    <p class='ocr_par' dir='ltr' id='par_1_110' title="bbox 1809 4456 2568 4527">
     <span class='ocr_line' id='line_1_112' title="bbox 1809 4456 2568 4527; baseline -0.003 -14"><span class='ocrx_word' id='word_1_785' title='bbox 1809 4461 2120 4513; x_wconf 82' lang='lat' dir='ltr'><strong>emendatus</strong></span> <span class='ocrx_word' id='word_1_786' title='bbox 2138 4456 2568 4527; x_wconf 62' lang='grc' dir='ltr'>ἀποκληροῦν-ῥα.</span> 
     </span>
    </p>
   </div>
   <div class='ocr_carea' id='block_1_111' title="bbox 1884 4525 3375 4597">
    <p class='ocr_par' dir='ltr' id='par_1_111' title="bbox 1884 4525 3375 4597">
     <span class='ocr_line' id='line_1_113' title="bbox 1884 4525 3375 4597; baseline 0 -14"><span class='ocrx_word' id='word_1_787' title='bbox 1884 4529 1995 4597; x_wconf 78' lang='lat'><strong>(59)</strong></span> <span class='ocrx_word' id='word_1_788' title='bbox 2034 4528 2299 4580; x_wconf 71' lang='lat' dir='ltr'><strong>Particulo</strong></span> <span class='ocrx_word' id='word_1_789' title='bbox 2344 4525 2413 4597; x_wconf 77' lang='grc' dir='ltr'>μή</span> <span class='ocrx_word' id='word_1_790' title='bbox 2439 4528 2589 4579; x_wconf 81' lang='lat' dir='ltr'><strong>abest</strong></span> <span class='ocrx_word' id='word_1_791' title='bbox 2628 4542 2655 4578; x_wconf 89' lang='lat' dir='ltr'><strong>a</strong></span> <span class='ocrx_word' id='word_1_792' title='bbox 2690 4525 2821 4597; x_wconf 81' lang='lat' dir='ltr'><strong>Reg.</strong></span> <span class='ocrx_word' id='word_1_793' title='bbox 2857 4528 3133 4593; x_wconf 82' lang='lat' dir='ltr'><strong>secundo;</strong></span> <span class='ocrx_word' id='word_1_794' title='bbox 3167 4544 3264 4583; x_wconf 89' lang='lat' dir='ltr'><strong>nec</strong></span> <span class='ocrx_word' id='word_1_795' title='bbox 3294 4530 3375 4583; x_wconf 89' lang='lat' dir='ltr'><strong>in-</strong></span> 
     </span>
    </p>
   </div>
   <div class='ocr_carea' id='block_1_112' title="bbox 1809 4597 3371 4669">
    <p class='ocr_par' dir='ltr' id='par_1_112' title="bbox 1809 4597 3371 4669">
     <span class='ocr_line' id='line_1_114' title="bbox 1809 4597 3371 4669; baseline -0.001 -17"><span class='ocrx_word' id='word_1_796' title='bbox 1809 4604 2112 4669; x_wconf 76' lang='lat' dir='ltr'><strong>Cogitauter</strong></span> <span class='ocrx_word' id='word_1_797' title='bbox 2136 4600 2333 4652; x_wconf 79' lang='lat' dir='ltr'><strong>omissa</strong></span> <span class='ocrx_word' id='word_1_798' title='bbox 2360 4610 2444 4669; x_wconf 77' lang='lat' dir='ltr'><strong>est</strong></span> <span class='ocrx_word' id='word_1_799' title='bbox 2473 4614 2503 4669; x_wconf 12' lang='lat' dir='ltr'><strong>ar</strong></span> <span class='ocrx_word' id='word_1_800' title='bbox 2532 4597 2775 4657; x_wconf 83' lang='lat' dir='ltr'><strong>librario.</strong></span> <span class='ocrx_word' id='word_1_801' title='bbox 2806 4615 2925 4651; x_wconf 89' lang='lat' dir='ltr'><strong>cum</strong></span> <span class='ocrx_word' id='word_1_802' title='bbox 2958 4599 3008 4650; x_wconf 89' lang='lat' dir='ltr'><strong>in</strong></span> <span class='ocrx_word' id='word_1_803' title='bbox 3037 4614 3129 4651; x_wconf 87' lang='lat' dir='ltr'><strong>ora</strong></span> <span class='ocrx_word' id='word_1_804' title='bbox 3165 4601 3279 4665; x_wconf 85' lang='lat' dir='ltr'><strong>ejus</strong></span> <span class='ocrx_word' id='word_1_805' title='bbox 3307 4600 3371 4652; x_wconf 89' lang='lat' dir='ltr'><strong>li-</strong></span> 
     </span>
    </p>
   </div>
   <div class='ocr_carea' id='block_1_113' title="bbox 1809 4666 3373 4739">
    <p class='ocr_par' dir='ltr' id='par_1_113' title="bbox 1809 4666 3373 4739">
     <span class='ocr_line' id='line_1_115' title="bbox 1809 4666 3373 4739; baseline -0.001 -17"><span class='ocrx_word' id='word_1_806' title='bbox 1809 4666 1901 4723; x_wconf 74' lang='lat' dir='ltr'><strong>bri</strong></span> <span class='ocrx_word' id='word_1_807' title='bbox 1927 4666 2405 4739; x_wconf 56' lang='lat' dir='ltr'><strong>scriptum_sit,f:b</strong></span> <span class='ocrx_word' id='word_1_808' title='bbox 2442 4668 2514 4738; x_wconf 77' lang='grc' dir='ltr'>μή</span> <span class='ocrx_word' id='word_1_809' title='bbox 2545 4669 2823 4736; x_wconf 84' lang='grc' dir='ltr'>περισσόν,</span> <span class='ocrx_word' id='word_1_810' title='bbox 2872 4669 3130 4739; x_wconf 75' lang='lat' dir='ltr'><strong>porticula</strong></span> <span class='ocrx_word' id='word_1_811' title='bbox 3165 4674 3237 4739; x_wconf 83' lang='grc' dir='ltr'>μή</span> <span class='ocrx_word' id='word_1_812' title='bbox 3279 4687 3373 4722; x_wconf 79' lang='lat' dir='ltr'><strong>su-</strong></span> 
     </span>
    </p>
   </div>
   <div class='ocr_carea' id='block_1_114' title="bbox 1804 4737 3372 4808">
    <p class='ocr_par' dir='ltr' id='par_1_114' title="bbox 1804 4737 3372 4808">
     <span class='ocr_line' id='line_1_116' title="bbox 1804 4737 3372 4808; baseline 0.001 -18"><span class='ocrx_word' id='word_1_813' title='bbox 1804 4740 2009 4807; x_wconf 84' lang='lat' dir='ltr'><strong>perﬂua</strong></span> <span class='ocrx_word' id='word_1_814' title='bbox 2051 4747 2145 4790; x_wconf 76' lang='lat' dir='ltr'><strong>est.</strong></span> <span class='ocrx_word' id='word_1_815' title='bbox 2176 4737 2287 4789; x_wconf 88' lang='lat' dir='ltr'><strong>lloc</strong></span> <span class='ocrx_word' id='word_1_816' title='bbox 2321 4737 2460 4790; x_wconf 88' lang='lat' dir='ltr'><strong>idem</strong></span> <span class='ocrx_word' id='word_1_817' title='bbox 2502 4737 2676 4791; x_wconf 86' lang='lat' dir='ltr'><strong>visum</strong></span> <span class='ocrx_word' id='word_1_818' title='bbox 2702 4751 2783 4791; x_wconf 84' lang='lat' dir='ltr'><strong>est</strong></span> <span class='ocrx_word' id='word_1_819' title='bbox 2810 4747 2859 4792; x_wconf 91' lang='lat' dir='ltr'><strong>el</strong></span> <span class='ocrx_word' id='word_1_820' title='bbox 2896 4737 3239 4801; x_wconf 73' lang='lat' dir='ltr'><strong>Combelisio,</strong></span> <span class='ocrx_word' id='word_1_821' title='bbox 3281 4740 3372 4808; x_wconf 83' lang='lat' dir='ltr'><strong>qui</strong></span> 
     </span>
    </p>
   </div>
   <div class='ocr_carea' id='block_1_115' title="bbox 1806 4808 3369 4878">
    <p class='ocr_par' dir='ltr' id='par_1_115' title="bbox 1806 4808 3369 4878">
     <span class='ocr_line' id='line_1_117' title="bbox 1806 4808 3369 4878; baseline 0.001 -18"><span class='ocrx_word' id='word_1_822' title='bbox 1806 4811 1878 4860; x_wconf 83' lang='lat' dir='ltr'><strong>ait</strong></span> <span class='ocrx_word' id='word_1_823' title='bbox 1914 4809 2100 4861; x_wconf 82' lang='lat' dir='ltr'><strong>vocula</strong></span> <span class='ocrx_word' id='word_1_824' title='bbox 2138 4809 2210 4878; x_wconf 84' lang='grc' dir='ltr'>μή</span> <span class='ocrx_word' id='word_1_825' title='bbox 2241 4817 2553 4861; x_wconf 73' lang='lat' dir='ltr'><strong>contextum</strong></span> <span class='ocrx_word' id='word_1_826' title='bbox 2577 4817 2759 4877; x_wconf 85' lang='lat' dir='ltr'><strong>aperte</strong></span> <span class='ocrx_word' id='word_1_827' title='bbox 2786 4808 3036 4862; x_wconf 84' lang='lat' dir='ltr'><strong>vitiosum</strong></span> <span class='ocrx_word' id='word_1_828' title='bbox 3072 4810 3240 4862; x_wconf 82' lang='lat' dir='ltr'><strong>reddi.</strong></span> <span class='ocrx_word' id='word_1_829' title='bbox 3262 4810 3369 4864; x_wconf 85' lang='lat' dir='ltr'><strong>Sed</strong></span> 
     </span>
    </p>
   </div>
   <div class='ocr_carea' id='block_1_116' title="bbox 1803 4878 3368 4951">
    <p class='ocr_par' dir='ltr' id='par_1_116' title="bbox 1803 4878 3368 4951">
     <span class='ocr_line' id='line_1_118' title="bbox 1803 4878 3368 4951; baseline 0.001 -21"><span class='ocrx_word' id='word_1_830' title='bbox 1803 4895 1902 4946; x_wconf 76' lang='lat' dir='ltr'><strong>ego</strong></span> <span class='ocrx_word' id='word_1_831' title='bbox 1941 4879 2097 4948; x_wconf 87' lang='lat' dir='ltr'><strong>longe</strong></span> <span class='ocrx_word' id='word_1_832' title='bbox 2150 4881 2307 4931; x_wconf 82' lang='lat' dir='ltr'><strong>aliter</strong></span> <span class='ocrx_word' id='word_1_833' title='bbox 2341 4883 2537 4941; x_wconf 83' lang='lat' dir='ltr'><strong>sentio,</strong></span> <span class='ocrx_word' id='word_1_834' title='bbox 2570 4879 2911 4951; x_wconf 53' lang='lat' dir='ltr'><strong>ai&#39;bilrorqne</strong></span> <span class='ocrx_word' id='word_1_835' title='bbox 2941 4878 3254 4951; x_wconf 84' lang='lat' dir='ltr'><strong>particulam</strong></span> <span class='ocrx_word' id='word_1_836' title='bbox 3291 4879 3368 4951; x_wconf 78' lang='grc' dir='ltr'>μή</span> 
     </span>
    </p>
   </div>
   <div class='ocr_carea' id='block_1_117' title="bbox 1805 4947 3365 5017">
    <p class='ocr_par' dir='ltr' id='par_1_117' title="bbox 1805 4947 3365 5017">
     <span class='ocr_line' id='line_1_119' title="bbox 1805 4947 3365 5017; baseline -0.001 -15"><span class='ocrx_word' id='word_1_837' title='bbox 1805 4947 2050 5003; x_wconf 83' lang='lat' dir='ltr'><strong>maxime</strong></span> <span class='ocrx_word' id='word_1_838' title='bbox 2070 4950 2429 5003; x_wconf 87' lang='lat' dir='ltr'><strong>necessariam</strong></span> <span class='ocrx_word' id='word_1_839' title='bbox 2462 4964 2602 5007; x_wconf 84' lang='lat' dir='ltr'><strong>esse,</strong></span> <span class='ocrx_word' id='word_1_840' title='bbox 2638 4951 2831 5002; x_wconf 89' lang='lat' dir='ltr'><strong>nedum</strong></span> <span class='ocrx_word' id='word_1_841' title='bbox 2864 4947 2982 5017; x_wconf 85' lang='lat' dir='ltr'><strong>ejus</strong></span> <span class='ocrx_word' id='word_1_842' title='bbox 3022 4949 3118 5002; x_wconf 92' lang='lat' dir='ltr'><strong>loci</strong></span> <span class='ocrx_word' id='word_1_843' title='bbox 3149 4947 3365 5002; x_wconf 51' lang='lat' dir='ltr'><strong>semen;</strong></span> 
     </span>
    </p>
   </div>
   <div class='ocr_carea' id='block_1_118' title="bbox 1804 5018 3371 5088">
    <p class='ocr_par' dir='ltr' id='par_1_118' title="bbox 1804 5018 3371 5088">
     <span class='ocr_line' id='line_1_120' title="bbox 1804 5018 3371 5088; baseline 0.002 -16"><span class='ocrx_word' id='word_1_844' title='bbox 1804 5020 1931 5072; x_wconf 88' lang='lat' dir='ltr'><strong>tiam</strong></span> <span class='ocrx_word' id='word_1_845' title='bbox 1961 5030 2294 5085; x_wconf 86' lang='lat' dir='ltr'><strong>corrumpat.</strong></span> <span class='ocrx_word' id='word_1_846' title='bbox 2353 5020 2519 5088; x_wconf 91' lang='lat' dir='ltr'><strong>Igitur</strong></span> <span class='ocrx_word' id='word_1_847' title='bbox 2574 5020 2762 5072; x_wconf 88' lang='lat' dir='ltr'><strong>borum</strong></span> <span class='ocrx_word' id='word_1_848' title='bbox 2795 5027 3081 5071; x_wconf 82' lang='lat' dir='ltr'><strong>verborum</strong></span> <span class='ocrx_word' id='word_1_849' title='bbox 3133 5018 3247 5073; x_wconf 62' lang='lat' dir='ltr'><strong>haec</strong></span> <span class='ocrx_word' id='word_1_850' title='bbox 3283 5026 3371 5074; x_wconf 71' lang='lat' dir='ltr'><strong>est</strong></span> 
     </span>
    </p>
   </div>
   <div class='ocr_carea' id='block_1_119' title="bbox 1803 5088 3365 5156">
    <p class='ocr_par' dir='ltr' id='par_1_119' title="bbox 1803 5088 3365 5156">
     <span class='ocr_line' id='line_1_121' title="bbox 1803 5088 3365 5156; baseline -0.003 -11"><span class='ocrx_word' id='word_1_851' title='bbox 1803 5092 2072 5145; x_wconf 78' lang='lat' dir='ltr'><strong>Sententia</strong></span> <span class='ocrx_word' id='word_1_852' title='bbox 2107 5105 2119 5140; x_wconf 91' lang='lat'>:</span> <span class='ocrx_word' id='word_1_853' title='bbox 2151 5090 2445 5142; x_wconf 85' lang='lat' dir='ltr'><strong>Eunomins</strong></span> <span class='ocrx_word' id='word_1_854' title='bbox 2469 5089 2624 5142; x_wconf 82' lang='lat' dir='ltr'><strong>aliter</strong></span> <span class='ocrx_word' id='word_1_855' title='bbox 2646 5088 2852 5155; x_wconf 83' lang='lat' dir='ltr'><strong>jndicnt</strong></span> <span class='ocrx_word' id='word_1_856' title='bbox 2880 5090 2943 5142; x_wconf 89' lang='lat' dir='ltr'><strong>de</strong></span> <span class='ocrx_word' id='word_1_857' title='bbox 2964 5104 3092 5141; x_wconf 79' lang='lat' dir='ltr'><strong>voce</strong></span> <span class='ocrx_word' id='word_1_858' title='bbox 3126 5090 3365 5156; x_wconf 77' lang='lat' dir='ltr'><strong>ingenitt‘,</strong></span> 
     </span>
    </p>
   </div>
   <div class='ocr_carea' id='block_1_120' title="bbox 1802 5159 3371 5219">
    <p class='ocr_par' dir='ltr' id='par_1_120' title="bbox 1802 5159 3371 5219">
     <span class='ocr_line' id='line_1_122' title="bbox 1802 5159 3371 5219; baseline -0.001 -6"><span class='ocrx_word' id='word_1_859' title='bbox 1802 5162 1957 5213; x_wconf 73' lang='lat' dir='ltr'><strong>aliter</strong></span> <span class='ocrx_word' id='word_1_860' title='bbox 1995 5161 2061 5211; x_wconf 91' lang='lat' dir='ltr'><strong>de</strong></span> <span class='ocrx_word' id='word_1_861' title='bbox 2116 5176 2247 5213; x_wconf 83' lang='lat' dir='ltr'><strong>voce</strong></span> <span class='ocrx_word' id='word_1_862' title='bbox 2297 5159 2655 5219; x_wconf 77' lang='lat' dir='ltr'><strong>indirisibilis,</strong></span> <span class='ocrx_word' id='word_1_863' title='bbox 2708 5159 3076 5218; x_wconf 76' lang='lat' dir='ltr'><strong>immutabilis,</strong></span> <span class='ocrx_word' id='word_1_864' title='bbox 3127 5159 3371 5211; x_wconf 80' lang='lat' dir='ltr'><strong>incorru-</strong></span> 
     </span>
    </p>
   </div>
   <div class='ocr_carea' id='block_1_121' title="bbox 1798 5228 3365 5298">
    <p class='ocr_par' dir='ltr' id='par_1_121' title="bbox 1798 5228 3365 5298">
     <span class='ocr_line' id='line_1_123' title="bbox 1798 5228 3365 5298; baseline -0.001 -16"><span class='ocrx_word' id='word_1_865' title='bbox 1798 5232 1992 5298; x_wconf 70' lang='lat' dir='ltr'><strong>ptibilis</strong></span> <span class='ocrx_word' id='word_1_866' title='bbox 2014 5241 2069 5283; x_wconf 89' lang='lat' dir='ltr'><strong>et</strong></span> <span class='ocrx_word' id='word_1_867' title='bbox 2098 5231 2323 5283; x_wconf 84' lang='lat' dir='ltr'><strong>aliorum</strong></span> <span class='ocrx_word' id='word_1_868' title='bbox 2349 5231 2627 5283; x_wconf 86' lang='lat' dir='ltr'><strong>similium.</strong></span> <span class='ocrx_word' id='word_1_869' title='bbox 2666 5228 2831 5291; x_wconf 73' lang='lat' dir='ltr'><strong>Negat</strong></span> <span class='ocrx_word' id='word_1_870' title='bbox 2856 5228 3149 5281; x_wconf 89' lang='lat' dir='ltr'><strong>Eunomins</strong></span> <span class='ocrx_word' id='word_1_871' title='bbox 3169 5243 3365 5298; x_wconf 82' lang='lat' dir='ltr'><strong>vocem</strong></span> 
     </span>
    </p>
   </div>
   <div class='ocr_carea' id='block_1_122' title="bbox 1800 5297 3362 5367">
    <p class='ocr_par' dir='ltr' id='par_1_122' title="bbox 1800 5297 3362 5367">
     <span class='ocr_line' id='line_1_124' title="bbox 1800 5297 3362 5367; baseline -0.001 -14"><span class='ocrx_word' id='word_1_872' title='bbox 1800 5302 2015 5367; x_wconf 74' lang='lat' dir='ltr'><strong>ingentli</strong></span> <span class='ocrx_word' id='word_1_873' title='bbox 2055 5302 2120 5353; x_wconf 91' lang='lat' dir='ltr'><strong>de</strong></span> <span class='ocrx_word' id='word_1_874' title='bbox 2170 5302 2276 5356; x_wconf 80' lang='lat' dir='ltr'><strong>Deo</strong></span> <span class='ocrx_word' id='word_1_875' title='bbox 2309 5302 2409 5352; x_wconf 91' lang='lat' dir='ltr'><strong>dici</strong></span> <span class='ocrx_word' id='word_1_876' title='bbox 2464 5314 2619 5366; x_wconf 84' lang='lat' dir='ltr'><strong>posse</strong></span> <span class='ocrx_word' id='word_1_877' title='bbox 2670 5313 2734 5351; x_wconf 80' lang='lat' dir='ltr'><strong>ex</strong></span> <span class='ocrx_word' id='word_1_878' title='bbox 2788 5309 2971 5350; x_wconf 90' lang='lat' dir='ltr'><strong>nostro</strong></span> <span class='ocrx_word' id='word_1_879' title='bbox 3032 5297 3362 5366; x_wconf 89' lang='lat' dir='ltr'><strong>intelligendi</strong></span> 
     </span>
    </p>
   </div>
   <div class='ocr_carea' id='block_1_123' title="bbox 1799 5369 3361 5434">
    <p class='ocr_par' dir='ltr' id='par_1_123' title="bbox 1799 5369 3361 5434">
     <span class='ocr_line' id='line_1_125' title="bbox 1799 5369 3361 5434; baseline -0.002 -11"><span class='ocrx_word' id='word_1_880' title='bbox 1799 5382 1954 5423; x_wconf 70' lang='lat' dir='ltr'><strong>modo</strong></span> <span class='ocrx_word' id='word_1_881' title='bbox 1988 5388 2000 5423; x_wconf 94' lang='lat'>:</span> <span class='ocrx_word' id='word_1_882' title='bbox 2054 5372 2144 5424; x_wconf 87' lang='lat' dir='ltr'><strong>sed</strong></span> <span class='ocrx_word' id='word_1_883' title='bbox 2180 5371 2288 5421; x_wconf 91' lang='lat' dir='ltr'><strong>vnlt</strong></span> <span class='ocrx_word' id='word_1_884' title='bbox 2317 5386 2432 5420; x_wconf 75' lang='lat' dir='ltr'><strong>eam</strong></span> <span class='ocrx_word' id='word_1_885' title='bbox 2486 5382 2691 5421; x_wconf 67' lang='lat' dir='ltr'><strong>natura:</strong></span> <span class='ocrx_word' id='word_1_886' title='bbox 2728 5369 2917 5419; x_wconf 78' lang='lat' dir='ltr'><strong>divina:</strong></span> <span class='ocrx_word' id='word_1_887' title='bbox 2964 5369 3033 5420; x_wconf 91' lang='lat' dir='ltr'><strong>ita</strong></span> <span class='ocrx_word' id='word_1_888' title='bbox 3080 5382 3199 5421; x_wconf 82' lang='lat' dir='ltr'><strong>esse</strong></span> <span class='ocrx_word' id='word_1_889' title='bbox 3234 5383 3361 5434; x_wconf 85' lang='lat' dir='ltr'><strong>pro-</strong></span> 
     </span>
    </p>
   </div>
   <div class='ocr_carea' id='block_1_124' title="bbox 1796 5438 3364 5507">
    <p class='ocr_par' dir='ltr' id='par_1_124' title="bbox 1796 5438 3364 5507">
     <span class='ocr_line' id='line_1_126' title="bbox 1796 5438 3364 5507; baseline -0.001 -15"><span class='ocrx_word' id='word_1_890' title='bbox 1796 5441 1988 5507; x_wconf 82' lang='lat' dir='ltr'><strong>priam,</strong></span> <span class='ocrx_word' id='word_1_891' title='bbox 2018 5452 2073 5491; x_wconf 89' lang='lat' dir='ltr'><strong>ut</strong></span> <span class='ocrx_word' id='word_1_892' title='bbox 2111 5452 2357 5492; x_wconf 80' lang='lat' dir='ltr'><strong>naturam</strong></span> <span class='ocrx_word' id='word_1_893' title='bbox 2389 5441 2555 5502; x_wconf 79' lang='lat' dir='ltr'><strong>ipsam</strong></span> <span class='ocrx_word' id='word_1_894' title='bbox 2604 5438 2839 5491; x_wconf 87' lang='lat' dir='ltr'><strong>divinam</strong></span> <span class='ocrx_word' id='word_1_895' title='bbox 2903 5439 3214 5491; x_wconf 81' lang='lat' dir='ltr'><strong>constituat.</strong></span> <span class='ocrx_word' id='word_1_896' title='bbox 3268 5438 3364 5491; x_wconf 83' lang='lat' dir='ltr'><strong>Et-</strong></span> 
     </span>
    </p>
   </div>
   <div class='ocr_carea' id='block_1_125' title="bbox 1795 5509 3362 5579">
    <p class='ocr_par' dir='ltr' id='par_1_125' title="bbox 1795 5509 3362 5579">
     <span class='ocr_line' id='line_1_127' title="bbox 1795 5509 3362 5579; baseline -0.003 -15"><span class='ocrx_word' id='word_1_897' title='bbox 1795 5515 1961 5575; x_wconf 88' lang='lat' dir='ltr'><strong>enim,</strong></span> <span class='ocrx_word' id='word_1_898' title='bbox 2025 5521 2081 5563; x_wconf 89' lang='lat' dir='ltr'><strong>ut</strong></span> <span class='ocrx_word' id='word_1_899' title='bbox 2124 5513 2231 5579; x_wconf 85' lang='lat' dir='ltr'><strong>jam</strong></span> <span class='ocrx_word' id='word_1_900' title='bbox 2261 5514 2582 5571; x_wconf 69' lang='lat' dir='ltr'><strong>notavimus,</strong></span> <span class='ocrx_word' id='word_1_901' title='bbox 2643 5509 2770 5560; x_wconf 88' lang='lat' dir='ltr'><strong>illud</strong></span> <span class='ocrx_word' id='word_1_902' title='bbox 2819 5520 2937 5579; x_wconf 83' lang='lat' dir='ltr'><strong>erat</strong></span> <span class='ocrx_word' id='word_1_903' title='bbox 2988 5517 3362 5572; x_wconf 78' lang='lat' dir='ltr'><strong>argumentum</strong></span> 
     </span>
    </p>
   </div>
   <div class='ocr_carea' id='block_1_126' title="bbox 1796 5578 3362 5651">
    <p class='ocr_par' dir='ltr' id='par_1_126' title="bbox 1796 5578 3362 5651">
     <span class='ocr_line' id='line_1_128' title="bbox 1796 5578 3362 5651; baseline -0.002 -19"><span class='ocrx_word' id='word_1_904' title='bbox 1796 5578 2133 5651; x_wconf 61' lang='lat' dir='ltr'><strong>pra&#39;cipuum</strong></span> <span class='ocrx_word' id='word_1_905' title='bbox 2161 5581 2431 5643; x_wconf 78' lang='lat' dir='ltr'><strong>Eunomii,</strong></span> <span class='ocrx_word' id='word_1_906' title='bbox 2467 5579 2526 5631; x_wconf 76' lang='grc' dir='ltr'><strong>τὸ</strong></span> <span class='ocrx_word' id='word_1_907' title='bbox 2577 5580 2892 5651; x_wconf 68' lang='grc' dir='ltr'>ἀγέννητον,</span> <span class='ocrx_word' id='word_1_908' title='bbox 2923 5578 3362 5651; x_wconf 73' lang='lat' dir='ltr'><strong>ingeneratiouem</strong></span> 
     </span>
    </p>
   </div>
   <div class='ocr_carea' id='block_1_127' title="bbox 1792 5646 3361 5719">
    <p class='ocr_par' dir='ltr' id='par_1_127' title="bbox 1792 5646 3361 5719">
     <span class='ocr_line' id='line_1_129' title="bbox 1792 5646 3361 5719; baseline -0.004 -14"><span class='ocrx_word' id='word_1_909' title='bbox 1792 5646 2146 5705; x_wconf 73' lang='lat' dir='ltr'><strong>substantiam</strong></span> <span class='ocrx_word' id='word_1_910' title='bbox 2184 5653 2353 5719; x_wconf 83' lang='lat' dir='ltr'><strong>ipsum</strong></span> <span class='ocrx_word' id='word_1_911' title='bbox 2391 5667 2512 5703; x_wconf 66' lang='lat' dir='ltr'><strong>esse</strong></span> <span class='ocrx_word' id='word_1_912' title='bbox 2542 5646 2796 5701; x_wconf 83' lang='lat' dir='ltr'><strong>divinam.</strong></span> <span class='ocrx_word' id='word_1_913' title='bbox 2834 5648 3074 5711; x_wconf 75' lang='lat' dir='ltr'><strong>Negabat</strong></span> <span class='ocrx_word' id='word_1_914' title='bbox 3103 5662 3230 5714; x_wconf 81' lang='lat' dir='ltr'><strong>ergo</strong></span> <span class='ocrx_word' id='word_1_915' title='bbox 3254 5646 3361 5699; x_wconf 74' lang='lat' dir='ltr'><strong>lue-</strong></span> 
     </span>
    </p>
   </div>
   <div class='ocr_carea' id='block_1_128' title="bbox 1795 5719 3361 5797">
    <p class='ocr_par' dir='ltr' id='par_1_128' title="bbox 1795 5719 3361 5797">
     <span class='ocr_line' id='line_1_130' title="bbox 1795 5719 3361 5797; baseline -0.005 -22"><span class='ocrx_word' id='word_1_916' title='bbox 1795 5724 1992 5777; x_wconf 87' lang='lat' dir='ltr'><strong>reticus</strong></span> <span class='ocrx_word' id='word_1_917' title='bbox 2035 5723 2119 5775; x_wconf 91' lang='lat' dir='ltr'><strong>illc</strong></span> <span class='ocrx_word' id='word_1_918' title='bbox 2174 5737 2389 5783; x_wconf 86' lang='lat' dir='ltr'><strong>nomen,</strong></span> <span class='ocrx_word' id='word_1_919' title='bbox 2428 5722 2713 5797; x_wconf 68' lang='lat' dir='ltr'><strong>ingenitus,</strong></span> <span class='ocrx_word' id='word_1_920' title='bbox 2752 5720 2865 5797; x_wconf 67' lang='lat' dir='ltr'><strong>dici</strong></span> <span class='ocrx_word' id='word_1_921' title='bbox 2926 5720 2992 5797; x_wconf 74' lang='lat' dir='ltr'><strong>de</strong></span> <span class='ocrx_word' id='word_1_922' title='bbox 3050 5719 3156 5771; x_wconf 84' lang='lat' dir='ltr'><strong>Deo</strong></span> <span class='ocrx_word' id='word_1_923' title='bbox 3204 5728 3361 5797; x_wconf 73' lang='lat' dir='ltr'><strong>posse</strong></span> 
     </span>
    </p>
   </div>
   <div class='ocr_carea' id='block_1_129' title="bbox 1792 5788 3357 5861">
    <p class='ocr_par' dir='ltr' id='par_1_129' title="bbox 1792 5788 3357 5861">
     <span class='ocr_line' id='line_1_131' title="bbox 1792 5788 3357 5861; baseline -0.004 -14"><span class='ocrx_word' id='word_1_924' title='bbox 1792 5810 1854 5847; x_wconf 79' lang='lat' dir='ltr'><strong>ex</strong></span> <span class='ocrx_word' id='word_1_925' title='bbox 1888 5794 2119 5847; x_wconf 87' lang='lat' dir='ltr'><strong>humano</strong></span> <span class='ocrx_word' id='word_1_926' title='bbox 2146 5790 2477 5861; x_wconf 79' lang='lat' dir='ltr'><strong>intelligendi</strong></span> <span class='ocrx_word' id='word_1_927' title='bbox 2513 5792 2701 5845; x_wconf 89' lang='lat' dir='ltr'><strong>modo:</strong></span> <span class='ocrx_word' id='word_1_928' title='bbox 2733 5792 2824 5843; x_wconf 76' lang='lat' dir='ltr'><strong>sed</strong></span> <span class='ocrx_word' id='word_1_929' title='bbox 2845 5788 3112 5842; x_wconf 77' lang='lat' dir='ltr'><strong>fatebatur</strong></span> <span class='ocrx_word' id='word_1_930' title='bbox 3141 5788 3357 5841; x_wconf 83' lang='lat' dir='ltr'><strong>nomina</strong></span> 
     </span>
    </p>
   </div>
  </div>
