4058 6320
645 347 742 405 551

1951 346 2006 400 S.
2055 345 2293 399 BASlLll
2332 344 2541 399 MAGNI

3763 352 3865 404 553

719 466 772 519 9.
812 461 998 528 Qualia
1033 476 1160 516 vero
1204 461 1312 516 sint
1352 476 1471 531 qua:
1509 470 1824 529 sequuntur,
1865 465 2200 532 perpendite.

2371 465 2422 518 9.
2462 463 2594 516 Τίνα
2617 463 2670 516 δέ
2715 465 2828 516 ἐστι
2863 464 2928 518 τὰ
2965 464 3091 533 ἐξῆς
3131 464 3223 517 τοῦ
3265 466 3419 532 λόγου
3454 468 3702 518 σκοπεῖτε
3729 465 3862 533 (60).

649 556 1004 622 Posteaquam
1045 556 1316 621 ostendit,
1361 565 1418 610 ut
1469 566 1651 624 putat,
1701 555 1815 608 fieri
1867 570 2204 624 nequaquam

648 662 826 717 posse,
864 656 921 702 ut
961 648 1292 717 ingeneratio
1331 649 1651 718 c0gitatione
1689 648 2040 716 concipiatur,
2079 647 2206 702 sub-

651 741 727 796 dit
755 758 770 795 :

721 832 851 888 Eun.
895 834 1006 886 Nec
1039 848 1168 886 vero
1195 835 1484 886 secundum
1515 833 1868 902 privationem
1901 851 1913 884 :
1943 833 2205 901 siquidem

650 923 975 992 privationes
1005 934 1133 977 sunt
1157 925 1474 992 privatioues
1498 940 1681 980 eorum
1701 941 1818 994 qua:
1840 934 1962 978 sunt
1991 937 2204 989 natura,

650 1024 878 1082 suntque
908 1016 1172 1070 habilibus
1199 1017 1544 1086 posteriores.

723 1106 845 1159 Bas.
887 1107 1037 1173 Quod
1097 1118 1274 1162 autem
1327 1108 1434 1161 haec
1495 1123 1560 1162 ex
1617 1109 1883 1160 mundana
1945 1109 2203 1177 sapientia

651 1200 877 1267 garriat,
918 1215 946 1250 a
975 1215 1077 1267 qua
1126 1215 1362 1267 praacep's
1416 1209 1594 1260 actus,
1621 1200 1880 1268 ejusmodi
1919 1201 2202 1254 verborum

651 1291 977 1345 novitatibus
1011 1292 1244 1344 animum
1302 1292 1519 1360 adjecit,
1567 1292 1938 1345 demonstrare
1977 1294 2202 1346 arduum

653 1396 756 1434 non
790 1379 971 1434 fuerit.
1007 1380 1145 1438 Sunt
1188 1381 1329 1432 enim
1365 1380 1670 1434 Aristotelis
1703 1383 1767 1434 de
1801 1381 1979 1435 habitu
2012 1392 2063 1436 et
2093 1385 2204 1450 pri-

651 1472 868 1525 vatione
913 1471 1098 1532 verba,
1133 1473 1223 1540 qui
1270 1472 1601 1540 posteriores
1647 1472 1915 1527 habilibus
1950 1475 2206 1540 privatio-

655 1578 751 1618 nes
779 1577 901 1616 esse
947 1564 1048 1626 ait;
1089 1563 1536 1630 quemadmodum
1587 1564 1619 1618 ii
1666 1566 1752 1632 qui
1788 1566 2034 1634 legerunt
2072 1567 2120 1616 in
2149 1565 2208 1616 li-

653 1655 752 1708 bro
787 1656 876 1724 qui
910 1657 1222 1709 inscribitur
1263 1655 1570 1724 Categoriw,
1605 1668 1824 1724 possunt
1854 1658 2063 1711 testari.
2102 1656 2206 1709 No-

653 1747 737 1800 bis
774 1759 950 1801 autem
997 1749 1130 1802 satis
1180 1757 1294 1800 erat
1337 1751 1656 1811 ostendisse,
1689 1766 1792 1802 non
1848 1765 1913 1802 ex
1957 1750 2199 1802 doctrina

2308 555 2514 620 Δείξας,
2549 556 2624 618 ὡς
2645 557 2831 615 οἴεται,
2865 557 2944 609 ὅτι
2978 555 3233 608 ἀδύνατόν
3265 558 3405 608 ἐστιν
3441 557 3653 628 ἐπινοίᾳ
3683 556 3865 609 λαϐεῖν

2304 647 2362 698 τὸ
2391 647 2699 718 ἀγέννητον,
2727 648 2941 715 ἐπάγειο

2378 828 2536 883 ΕΥΝ.
2585 828 2744 882 Ἀλλὰ
2788 829 2892 899 μὴν
2925 828 3043 880 οὐδὲ
3085 827 3222 880 κατὰ
3259 827 3536 898 στέρησιν·
3572 830 3625 881 εῐ
3659 846 3721 897 γε
3759 828 3865 881 τῶν

2309 922 2446 974 κατὰ
2491 922 2647 990 φύσιν
2694 923 2750 974 αῐ
2795 922 3076 992 στερήσεις
3112 921 3218 972 είσὶ
3267 922 3580 989 περήσεις,
3624 921 3719 972 καὶ
3758 920 3865 971 τῶν

2305 1009 2468 1076 ἕξεων
2499 1010 2762 1081 δεύτεραι.

2377 1102 2523 1154 ΒΑΣ.
2569 1102 2752 1156 Ταῦτα
2799 1103 2876 1166 δὲ,
2924 1103 3004 1155 ὅτι
3051 1103 3114 1154 ἐκ
3163 1104 3261 1172 τῆς
3305 1101 3398 1153 τοῦ
3437 1101 3644 1170 κόσμου
3681 1102 3866 1168 σο;ίας

2304 1194 2599 1265 περιλαλεῖ,
2658 1197 2742 1262 ὑφ’
2793 1190 2860 1266 ἦς
2911 1193 3372 1265 ἐκτραχηλισθεὶς,
3419 1196 3539 1255 ταῖς
3589 1195 3865 1256 τοιαύταις

2302 1286 2410 1338 τῶν
2439 1287 2610 1350 λόγων
2639 1285 2858 1338 ἐπέθετο
2886 1285 3273 1356 καινοτομίαις,
3305 1287 3363 1337 οὐ
3404 1286 3636 1355 χαλεπὸν
3667 1285 3865 1336 ἐπιδεῖ-

2305 1377 2411 1444 ξαι.
2451 1377 2850 1450 Ἀριστοτέλους
2881 1378 2986 1448 γάρ
3007 1379 3142 1430 εἰσιν
3161 1417 3175 1440 ,
3210 1378 3283 1440 ὡς
3309 1380 3357 1430 οἱ
3388 1376 3758 1445 ἀνεγνωκότες
3795 1376 3868 1427 εἷ-

2305 1487 2452 1523 ποιεν
2476 1471 2631 1532 ἂν,ἐν
2651 1473 2768 1532 ταῖς
2789 1469 3248 1541 ἐπιγραφομέναις
3265 1468 3425 1522 αὑτοῦ
3450 1469 3867 1536 Κατηγορίαις,

2303 1564 2349 1614 οἱ
2392 1562 2515 1631 περὶ
2557 1562 2720 1628 ἕξεως
2759 1562 2851 1613 καὶ
2897 1564 3196 1631 στερήσεως
3223 1561 3386 1628 λόγοι,
3429 1560 3693 1628 δευτέρας
3733 1556 3869 1611 εἶναι

2304 1655 2547 1722 λέγοντος
2573 1655 2678 1706 τῶν
2709 1655 2871 1719 ἕξεων
2902 1653 2998 1715 τὰς
3026 1654 3320 1723 στερήσεις.
3359 1654 3515 1721 Ἡμῖν
3554 1651 3613 1704 δὲ
3645 1651 3868 1721 ἐξήρκει

2303 1748 2533 1813 δείξασιν
2560 1747 2715 1799 αὑτὸν
2748 1747 2846 1798 οὐκ
2887 1745 2950 1796 ἐκ
2981 1743 3076 1812 τῆς
3114 1742 3451 1805 διδασκαλίας
3483 1741 3576 1794 τεῦ
3612 1743 3867 1808 Πνεῦμα-

654 1838 904 1906 Spiritus,
938 1839 1028 1892 sed
1074 1855 1139 1892 ex
1183 1840 1441 1907 sapientia
1481 1842 1782 1908 principum
1836 1840 1991 1908 hujus
2024 1841 2201 1894 saeculi

2309 1857 2415 1902 τος,
2453 1838 2562 1890 ἀλλ’
2597 1840 2657 1890 ἐκ
2701 1837 2798 1906 τῆς
2843 1833 3029 1902 σοφίας
3074 1832 3178 1884 τῶν
3215 1834 3487 1902 ἀρχόντων
3534 1832 3629 1883 τοῦ
3675 1832 3870 1893 αἰῶνος

655 1930 765 1982 lucc
790 1945 910 1982 eum
943 1931 1143 1996 dicere,
1170 1947 1231 1984 ac
1264 1933 1390 1984 illud
1425 1934 1612 2000 psalmi
1642 1933 1693 1984 in
1721 1933 1894 2000 ipsmn
1921 1933 2198 2000 proferre:

655 2018 1015 2074 Narraverunt
1041 2023 1166 2074 milii
1199 2023 1362 2088 iniqui
1394 2023 1766 2090 fabulationes,
1791 2024 1879 2074 sed
1903 2040 2002 2074 non
2040 2034 2092 2075 ut
2121 2024 2204 2077 lea:

653 2121 765 2177 tua,
800 2111 1100 2165 Domine“.
1137 2112 1198 2165 Et
1241 2114 1495 2182 quoniam
1550 2114 1945 2177 didiceramns,
1991 2130 2096 2167 non
2137 2131 2202 2169 ex

652 2203 892 2256 doctrina
937 2204 1140 2257 Domini
1179 2205 1348 2257 nostri
1387 2203 1512 2258 Jesu
1552 2205 1748 2258 Christi
1801 2222 1918 2260 esse
1971 2223 2089 2274 qua:
2124 2208 2203 2260 di-

653 2304 868 2355 cuntur,
903 2299 1032 2348 satis
1078 2295 1403 2349 habebamus
1453 2297 1599 2350 vocis
1633 2298 1797 2362 ipsius
1851 2299 2199 2351 meminisse:

654 2384 781 2437 Cum
834 2387 1062 2460 loquitur
1112 2390 1460 2452 mendacium,
1500 2406 1563 2442 ea:
1598 2391 1822 2457 propriis
1865 2390 2094 2456 loquitur
2115 2391 2156 2420 ⁸⁷
2189 2408 2202 2442 :

652 2486 813 2543 atque
849 2477 948 2530 hoc
989 2491 1142 2545 paeto
1191 2480 1483 2545 longiorem
1533 2494 1836 2530 sermonem
1867 2481 2203 2532 eontrahere.

652 2567 858 2635 Quippe
895 2569 1018 2622 hinc
1059 2570 1183 2620 illud
1217 2571 1466 2621 omnibus
1495 2570 1844 2637 conspicuum
1868 2569 2205 2632 fecissemus,

652 2661 794 2724 quod
843 2657 972 2709 nihil
1020 2659 1148 2725 ipsis
1189 2660 1468 2714 nobiscum
1521 2661 1586 2711 sit
1635 2677 1943 2713 commune.
1999 2661 2205 2714 Etenim

649 2765 765 2815 qua:
794 2752 1069 2803 concordia
1094 2751 1298 2804 Christo
1332 2770 1446 2805 cum
1472 2752 1685 2806 Belial?
1710 2763 1800 2807 aut
1831 2771 1946 2822 qua:
1977 2771 2099 2821 pars
2137 2753 2206 2821 ﬁ-

650 2841 752 2894 deli
797 2859 912 2895 cum
950 2844 1244 2910 inﬁdeli"?
1281 2845 1472 2898 Verum
1520 2862 1586 2897 ne
1619 2848 1895 2899 videamur
1925 2846 1993 2898 ob
2030 2847 2208 2899 redar-

653 2935 929 3004 gutionum
970 2936 1202 3003 in0piam
1239 2938 1302 2988 ad
1336 2937 1607 2990 silentium
1645 2938 1958 3006 confugere,
1990 2951 2106 3002 age,
2143 2937 2207 2989 de

654 3027 719 3079 iis
749 3026 910 3079 etiam
936 3042 1113 3095 .pauca
1157 3028 1509 3082 disseramus.
1560 3028 1724 3082 Multa
1766 3045 1950 3082 eorum
1985 3046 2102 3096 qua:
2142 3029 2206 3082 de

651 3117 760 3172 Deo
792 3119 1061 3184 dicuntur,
1093 3135 1124 3172 o
1147 3120 1395 3183 Enumni,
1433 3121 1590 3173 simili
1639 3121 1803 3174 forma
1837 3120 2012 3174 elTerri
2057 3119 2204 3172 vide-

654 3225 791 3270 mus,
822 3219 879 3262 ut
908 3221 1031 3279 puta
1057 3212 1496 3280 incorruptibilis,
1526 3212 1861 3274 immortalis,
1895 3210 2195 3262 invisibilis.

651 3298 767 3353 Jam
799 3317 923 3354 vero
950 3313 1004 3356 et
1039 3304 1176 3355 hanc
1215 3319 1395 3356 vocent
1433 3305 1690 3367 ingenitus
1747 3305 1929 3354 lorum
1960 3303 2197 3369 ejusdem

653 3409 776 3447 esse
822 3394 1084 3448 ducimus.
1123 3395 1272 3458 Quod
1317 3396 1360 3446 si
1405 3395 1636 3462 quipiam
1661 3409 1722 3447 ea
1750 3410 1866 3462 quae
1900 3404 2023 3447 sunt
2062 3395 2201 3463 ejus-

655 3482 821 3548 modi,
869 3485 1144 3537 nominaut
1202 3484 1484 3552 privativa,
1541 3485 1676 3538 nihil
1729 3489 1793 3539 ad
1845 3501 1961 3539 nos.
2015 3487 2202 3553 Neque

653 3573 794 3627 enim
851 3575 1076 3628 artiﬁcia
1117 3576 1363 3629 novimus
1417 3575 1722 3639 verborum,
1775 3591 1944 3642 neque
1989 3591 2081 3628 eos
2110 3575 2200 3642 qui

653 3676 918 3719 noverunt
962 3666 1254 3723 imitamur.
1309 3667 1504 3720 Verum
1570 3668 1934 3735 cujuscunque
1993 3665 2205 3717 tandem

654 3757 870 3827 generis
901 3758 1276 3812 existimentur
1315 3775 1436 3814 eSse
1459 3774 1615 3813 voces
1648 3759 1885 3825 reliqum,
1921 3772 2054 3826 quas
2075 3771 2208 3809 enu-

658 3849 1020 3902 meravimus:
1055 3848 1290 3914 ejusdem
1332 3853 1540 3917 generis
1587 3865 1705 3904 esse
1756 3860 1809 3903 et
1867 3849 2080 3917 ingenili
2115 3862 2208 3916 ap-

656 3940 995 4008 pellationem
1045 3941 1239 3995 dicturi
1288 3955 1494 3993 sumus.
1549 3942 2002 4005 Quemadmodum
2044 3940 2208 4009 igitur

657 4031 1062 4100 incorruptibile
1106 4032 1374 4102 signiﬁcat
1416 4047 1519 4084 non
1588 4033 1762 4084 inesse
1809 4033 2206 4099 corruptionem

733 4188 778 4218 “
797 4187 936 4241 l’sal.
977 4202 1164 4252 cxvtil,
1189 4186 1276 4240 85.
1353 4187 1396 4217 ⁸⁷
1428 4186 1582 4241 Joan.
1614 4200 1731 4248 vni,
1763 4185 1853 4238 44.

658 4347 771 4409 illa,
804 4345 1160 4410 indivisibilis,
1213 4347 1649 4413 incorruptibilis,
1684 4343 2042 4406 immutabilis,
2078 4357 2204 4410 etc.,

662 4417 820 4471 tribui
881 4419 988 4470 Deo
1030 4432 1188 4482 posse
1239 4421 1532 4468 secundum
1591 4427 1827 4469 nostrain
1876 4416 2206 4481 concipiendi

2302 1930 2488 1981 τούτου
2545 1927 2824 1989 λαλοῦντα,
2868 1925 2928 1976 τὸ
2957 1923 3048 1976 τοῦ
3098 1922 3309 1992 ψαλμοῦ
3355 1923 3488 1992 πρὸς
3529 1922 3696 1973 αὑτὸν
3750 1924 3869 1972 ἐπι-

2303 2020 2657 2090 φθέγξασθαι,
2685 2021 2764 2071 ὃτι
2786 2016 3156 2086 Διηγήσαντό
3179 2033 3276 2084 μοι
3302 2014 3630 2082 παράνομοι
3656 2013 3868 2066 ἀδολε-

2301 2114 2500 2181 σχίας,
2529 2113 2676 2165 ἀλλ’
2709 2114 2816 2178 οὺχ
2849 2112 2926 2175 ὡς
2951 2113 2982 2163 ὀ
3004 2111 3184 2177 νόμος
3217 2122 3350 2169 σου,
3381 2108 3552 2173 Κύριε
3572 2121 3586 2134 ·
3623 2105 3722 2157 καὶ
3771 2123 3872 2174 μα-

2303 2205 2511 2267 θόντας,
2548 2205 2628 2256 ὅτι
2655 2204 2752 2255 οὐκ
2785 2205 2846 2254 ἐκ
2881 2201 2985 2253 τῶν
3008 2200 3349 2268 διδαγμὰτων
3392 2197 3502 2266 (61)
3539 2198 3633 2249 τοῦ
3663 2197 3866 2267 Κυρίου

2304 2297 2457 2366 ἡμῶν
2495 2293 2670 2365 Ἰησοῦ
2706 2292 2937 2361 Χριστοῦ
2970 2294 3082 2344 ἐστι
3123 2292 3186 2343 τὰ
3225 2292 3518 2361 λεγόμενα,
3560 2289 3660 2357 τῆς
3705 2289 3867 2340 αὑτοῦ

2305 2389 2483 2456 φωνῆς
2531 2385 2960 2456 ὑπομνησθῆναι,
3010 2384 3089 2436 ὅτι
3121 2383 3304 2435 Ὅταν
3326 2381 3486 2448 λαλῇ
3518 2381 3586 2433 τὸ
3620 2379 3866 2446 ψεῦδος,

2302 2480 2370 2529 ἐκ
2391 2479 2506 2530 τῶν
2537 2479 2700 2531 ἰδίων
2721 2476 2921 2531 luds?
2954 2476 3046 2528 καὶ
3073 2475 3243 2544 τούτῳ
3269 2474 3346 2543 τῷ
3372 2473 3556 2541 τρόπῳ
3585 2473 3713 2533 τοὺς
3743 2471 3870 2521 πολ-

2303 2570 2424 2632 λοὺς
2470 2570 2574 2622 τῶν
2620 2569 2789 2637 λόγων
2839 2571 3049 2629 ἑαυτοῖς
3095 2569 3410 2635 συντεμείν,
3446 2563 3696 2616 ἐντεῦθεν
3735 2566 3868 2615 πᾶσι

2305 2663 2609 2730 καταφανὲς
2641 2665 2983 2731 ποιήσαντας,
3008 2663 3089 2714 ὅτι
3108 2660 3330 2730 οὐδεμία
3356 2661 3483 2728 ἡμῖν
3508 2658 3642 2728 πρὸς
3664 2657 3869 2718 ἀὐτοὺς

2305 2756 2572 2810 κοινωνία.
2615 2755 2706 2818 Τίς
2739 2753 2847 2820 γὰρ
2882 2755 3271 2821 συμφώνησις
3297 2749 3524 2818 Χριστῷ
3568 2749 3722 2815 πρὸς
3765 2751 3869 2800 Βε-

2301 2849 2437 2912 λίαρ
2457 2845 2526 2911 ﬁ)
2559 2845 2648 2908 τίς
2669 2844 2838 2911 μερὶς
2865 2842 3054 2905 πιστῷ
3073 2844 3222 2909 μετὰ
3248 2843 3505 2893 ἀπίστου
3525 2856 3541 2900 ;
3565 2841 3682 2890 Ἵνα
3705 2839 3762 2889 δέ
3796 2839 3868 2905 μὴ

2303 2939 2538 3009 δόξωμεν
2566 2937 2631 2989 δι’
2655 2934 2887 3004 ἀπορίαν
2915 2933 3151 3000 ἐλέγχων
3187 2933 3263 2992 εἰς
3312 2932 3406 2999 τὴν
3444 2928 3649 2996 σιωπὴν
3699 2945 3868 2980 κατα-

2305 3030 2543 3098 φεύγειν,
2580 3027 2730 3098 φέρε,
2759 3024 2853 3076 καὶ
2882 3022 3008 3092 περὶ
3031 3020 3228 3072 τούτων
3251 3016 3451 3088 βραχέα
3477 3016 3864 3085 διαλεχθῶμεν.

2307 3116 2502 3176 Πολλὰ,
2535 3109 2577 3166 ὦ
2612 3114 2859 3183 Εὑνόμιε,
2889 3109 2994 3164 τῶν
3035 3109 3161 3179 περὶ
3193 3106 3326 3160 Θεοῦ
3374 3106 3679 3174 λεγομένων
3729 3107 3867 3157 κατὰ

2304 3209 2392 3261 τὸν
2425 3209 2605 3276 ὅμοιον
2634 3206 2846 3278 ὁρῶμεν
2869 3202 3206 3274 ἐκφερόμενα
3235 3198 3420 3262 τύπον,
3455 3192 3562 3252 οἷον
3603 3199 3632 3249 ὁ
3661 3197 3867 3268 ἄφθαρ-

2303 3317 2413 3363 τος,
2448 3301 2475 3349 ὁ
2507 3297 2785 3359 ἀθάνατος,
2815 3297 2844 3348 ὁ
2872 3297 3119 3366 ἀόρατος.
3163 3293 3266 3346 Τοῦ
3300 3293 3354 3344 δὲ
3385 3290 3548 3344 αὐτοῦ
3585 3291 3758 3344 τύπου
3790 3309 3867 3342 τι-

2306 3388 2510 3457 θέμεθα
2549 3382 2683 3440 εἶναι
2709 3390 2799 3439 καὶ
2831 3387 2908 3448 τὸ,
2933 3387 3272 3455 ἀγέννητος.
3317 3386 3377 3437 El
3423 3385 3518 3454 μὲν
3555 3382 3650 3436 οὖν
3684 3401 3869 3453 στερη-

2307 3481 2431 3533 τικὰ
2472 3496 2612 3540 τινες
2656 3479 2970 3547 ὀνομάζουσι
3021 3477 3089 3530 τὰ
3118 3477 3337 3529 τοιαῦτα
3356 3516 3370 3538 ,
3400 3477 3460 3527 οὑ
3496 3478 3632 3546 πρὸς
3661 3479 3811 3546 ἡμεῖς
3841 3478 3867 3527 ὀ

2307 3571 2481 3638 λόγος.
2516 3569 2649 3621 Οὔτε
2679 3569 2782 3638 γὰρ
2815 3570 2969 3637 ἴσμεν
2991 3567 3324 3637 τεχνολογίας
3349 3567 3564 3631 λέξεων.
3597 3568 3722 3618 οὒτε
3747 3570 3866 3629 τοὺς

2306 3663 2509 3725 εἰδότας
2539 3661 2824 3732 ζηλοῦμεν.
2862 3659 3006 3730 Πλήν
3038 3675 3099 3726 γε
3132 3658 3193 3728 δὴ
3230 3659 3308 3710 ὅτι
3343 3653 3510 3728 οὗπερ
3542 3658 3608 3710 ἃν
3641 3659 3866 3712 τεθῶσιν

2308 3758 2362 3808 αἱ
2411 3755 2593 3808 λοιπαὶ
2641 3755 2812 3822 φωναὶ
2850 3753 2915 3816 ἂς
2965 3750 3501 3823 ἀπηριθμησάμεθα,
3555 3749 3651 3801 τοῦ
3704 3753 3864 3804 αὑτοῦ

2307 3844 2446 3900 εἶναι
2475 3848 2714 3916 φήσομεν
2741 3848 2833 3899 καὶ
2854 3846 2950 3916 τὴν
2965 3844 3078 3908 τοῦ,
3099 3842 3446 3912 ἀγεννήτων,
3471 3843 3864 3912 προσηγορίαν.

2320 3938 2406 3998 Ὠς
2434 3938 2608 3989 τοίνυν
2629 3937 2687 3988 τὸ
2712 3936 2982 4005 ἄφθαρτον
3002 3935 3060 3987 τὸ
3087 3936 3160 4005 μὴ
3184 3937 3459 4005 προσεῖναι
3487 3932 3563 4002 τῷ
3593 3933 3714 4004 Θεῷ
3747 3933 3866 4002 φθοο

2312 4031 2408 4103 ρὰν
2443 4030 2693 4101 σημαίνει
2720 4045 2730 4056 ·
2763 4029 2854 4082 καὶ
2885 4029 2945 4080 τὸ
2969 4028 3192 4099 ἀόρατον
3226 4029 3285 4080 τὸ
3312 4027 3665 4097 ὑπερϐαίνειν
3711 4027 3867 4079 αὑτὸν

1928 4187 1971 4217 ⁸⁸
1994 4186 2036 4240 ll
2064 4186 2267 4252 Cor.vi,
2304 4186 2388 4241 l5.

2315 4349 2541 4404 scivisse
2581 4356 2757 4399 utrum
2808 4346 2956 4414 seligi
3001 4345 3259 4407 deberet,
3289 4345 3356 4396 ob
3398 4344 3557 4410 idque
3587 4356 3870 4414 utramque

2317 4435 2502 4473 vocem
2535 4420 2797 4484 posuisse,
2825 4426 2882 4470 ιιι
2917 4433 3012 4483 pro
3042 4432 3140 4468 suo
3166 4419 3391 4484 quisque
3419 4416 3685 4467 arbitratu
3732 4417 3869 4484 lege-

660 4488 944 4539 rationem.
974 4487 1183 4554 Atque,
1203 4496 1259 4538 nt
1290 4487 1530 4539 Eunomii
1556 4488 1736 4539 verbis
1761 4497 1899 4549 utar,
1931 4489 2211 4538 recusabat
2241 4489 2284 4543 D
2315 4501 2415 4543 ret.
2445 4488 2739 4540 Redeamus
2785 4488 2849 4539 ad
2893 4489 3230 4544 Eunmnium.
3257 4487 3410 4554 cujus
3441 4496 3548 4537 tota
3585 4487 3870 4539 ratiocina-

658 4557 820 4611 bomo
851 4556 1042 4622 impius
1062 4557 1315 4607 decorare
1348 4555 1508 4608 Deum
1541 4575 1634 4622 per
1664 4558 1875 4623 ingeniti
1905 4554 2212 4622 appellatio-

661 4643 780 4679 nem
819 4642 884 4679 ex
917 4627 1150 4678 humano
1183 4625 1449 4694 cogitandi
1488 4630 1677 4687 modo;
1713 4638 1764 4677 at
1793 4642 1896 4678 non
1934 4626 2217 4680 recusabat

661 4712 781 4750 eum
806 4699 1059 4750 decorare
1085 4712 1150 4750 ex
1188 4707 1367 4748 nostra
1396 4698 1725 4762 erncipiendi
1757 4697 1961 4747 ratione
1995 4710 2089 4764 per
2118 4711 2215 4761 ap-

664 4767 1000 4832 pellationem
1028 4765 1385 4826 indicisibilis,
1412 4767 1766 4825 immutabilis,
1792 4776 1895 4818 etc.
1926 4764 2000 4818 Ex
2024 4768 2215 4832 quibus

662 4837 873 4904 planum
907 4846 986 4889 est
1027 4845 1083 4890 et
1130 4849 1489 4903 compertum,
1527 4837 1838 4900 particulam
1886 4836 1958 4905 μή
2000 4837 2218 4890 minime

664 4907 984 4970 redundare,
1024 4908 1128 4958 imo
1163 4922 1291 4957 vero
1326 4906 1556 4958 maxime
1599 4907 1956 4956 necessariam
1985 4921 2124 4967 esse,
2161 4918 2218 4960 ιιι

663 4977 928 5045 possimus
984 4975 1060 5027 sic
1119 4977 1506 5041 interpretari:
1559 4976 1612 5026 in
1643 4979 1865 5045 rcwteris
1913 4993 2027 5028 vero
2061 4994 2218 5042 quant

662 5044 897 5112 plurimis
919 5062 1035 5099 eum
1068 5062 1171 5097 non
1208 5057 1400 5097 recuset
1433 5044 1678 5097 humanis
1703 5046 2019 5112 intelligendi
2051 5050 2218 5100 modis

662 5117 940 5179 decorare;
969 5131 1073 5184 qua
1111 5117 1552 5182 interpretatione
1577 5131 1724 5166 tuens
1747 5115 1985 5166 Eunomii
2018 5119 2219 5183 optime

662 5185 1004 5252 exprimitur,
1043 5187 1154 5251 qui,
1189 5195 1243 5236 ut
1267 5186 1516 5246 diximus,
1547 5201 1738 5238 nomen
1765 5200 1925 5235 unum
1958 5186 2094 5239 Filio
2124 5191 2220 5239 tri-

663 5255 926 5324 buereita
968 5256 1270 5315 recusabat,
1296 5267 1350 5306 ιιι
1383 5257 1582 5324 reliqua
1618 5256 1664 5308 ei
1701 5257 1826 5306 dare
1863 5269 1965 5306 non
2003 5273 2220 5309 recursa-

665 5334 766 5397 ret.
801 5321 908 5376 Nec
939 5337 1018 5377 est
1073 5321 1515 5397 prmtereuuduuf
1558 5324 1815 5397 silentio,_
1841 5326 2086 5397 voculam
2120 5330 2216 5397 μή,

648 5404 720 5444 »ιιι
755 5394 806 5445 in
847 5397 1082 5446 editione
1115 5394 1428 5453 Parisreusi,
1462 5396 1529 5446 ita
1567 5407 1619 5446 et
1657 5396 1707 5445 in
1734 5395 1968 5445 editione
1998 5394 2130 5449 Ven.
2168 5394 2221 5449 ot

665 5464 717 5513 in
743 5465 889 5517 Lolb,
920 5475 973 5516 et
1012 5467 1061 5515 in
1106 5464 1286 5533 Regiis
1327 5465 1495 5515 tribus
1530 5465 1807 5517 codicibus
1863 5467 2101 5530 reperiri.
2158 5467 2221 5519 Ει

663 5533 800 5606 illud
820 5536 1107 5606 adnotabo,
1132 5537 1226 5600 legi
1264 5537 1312 5587 in
1347 5533 1476 5606 Reg.
1505 5535 1674 5606 primo
1706 5533 1988 5603 σεμνύνειν
2022 5537 2048 5586 ἐ
2081 5554 2222 5606 παρ-

653 5603 945 5676 αιτεῖσθαι.
977 5605 1123 5676 Puto
1160 5618 1334 5676 autem
1381 5604 1406 5654 ἐ
1449 5605 1704 5676 scriptum
1730 5604 1894 5658 fuisse
1929 5620 2024 5670 pro
2049 5608 2102 5676 ἡ,
2125 5603 2220 5668 vel,

664 5684 776 5734 aut,
806 5675 1189 5742 librariumque
1221 5675 1459 5728 indicare
1488 5674 1740 5737 voluisse,
1771 5677 1960 5728 horum
1989 5674 2217 5730 duorum

666 5746 949 5798 verborum
994 5745 1218 5798 alterum
1253 5746 1466 5810 quidem
1503 5745 1602 5812 legi
1630 5758 1880 5812 Oportcre
1912 5763 1924 5797 :
1979 5748 2071 5800 sed
2127 5763 2222 5801 ne-

2319 4562 2393 4612 tio
2428 4573 2490 4611 eo
2519 4558 2724 4611 redibat
2763 4575 2776 4610 ε
2829 4557 3143 4625 Quanquam
3177 4557 3345 4611 Filius
3375 4568 3602 4610 vocatur
3631 4557 3870 4609 invisibi-

2315 4631 2401 4689 lis,
2428 4629 2769 4691 immortalis,
2801 4629 3172 4690 immutabilis,
3210 4626 3664 4694 quemadmodnm
3693 4638 3749 4681 et
3779 4627 3870 4679 Pa-

2319 4713 2422 4762 ter,
2449 4708 2624 4751 tamen
2659 4699 2796 4750 Dens
2826 4713 2950 4752 vere
2976 4707 3025 4750 et
3051 4701 3266 4766 pr0prie
3291 4714 3393 4750 non
3435 4708 3536 4749 est.
3570 4697 3696 4751 llrec
3728 4699 3866 4749 enim

2318 4770 2533 4820 nomina
2567 4783 2671 4820 non
2713 4767 2949 4820 alliciunt
2979 4769 3145 4835 ipsam
3180 4778 3422 4820 naturam
3461 4767 3699 4818 divinam
3734 4784 3750 4819 :
3783 4769 3868 4819 sed

2318 4838 2762 4890 Deo'tribuuntur
2792 4852 2858 4890 ex
2905 4837 3136 4890 humano
3167 4836 3498 4902 concipiendi
3538 4839 3718 4889 modo.
3771 4837 3868 4887 Sed

2317 4907 2459 4959 aliud
2493 4922 2684 4960 nomen
2721 4915 2818 4965 est.
2854 4907 2993 4976 quod
3024 4909 3112 4960 Dei
3143 4917 3223 4960 est
3255 4906 3550 4974 proprium,
3579 4907 3724 4974 quod
3749 4909 3870 4960 cha-

2317 4988 2496 5029 racter
2521 4988 2601 5030 est
2631 4977 2951 5040 divinitatis,
2978 4980 3118 5044 quod
3150 4979 3318 5044 ipsam
3349 4986 3591 5029 naturam
3635 4978 3868 5030 divinam

2322 5050 2616 5110 constituit,
2655 5049 2796 5111 quod
2825 5047 2941 5100 Deo.
2963 5062 3066 5099 non
3095 5048 3347 5101 tribuitur
3373 5061 3438 5098 ex
3482 5056 3672 5100 nostro
3721 5048 3870 5099 intel-

2319 5117 2514 5182 ligendi
2573 5118 2752 5178 modo,
2786 5131 2840 5169 et
2882 5127 3057 5169 tamen
3120 5119 3170 5170 id
3225 5132 3418 5173 nomen
3471 5133 3573 5168 non
3622 5119 3870 5170 convenit

2316 5187 2474 5249 Filio,
2506 5187 2612 5238 imo
2644 5191 2803 5239 etiam
2855 5187 3086 5239 maxime
3133 5196 3419 5255 repugnat;
3478 5201 3542 5238 ex
3579 5201 3688 5253 quo
3723 5189 3782 5236 tit
3822 5195 3870 5235 ut

2319 5257 2486 5310 Filius
2521 5257 2736 5324 proprie
2769 5255 2907 5310 Deus
2943 5272 3044 5308 non
3075 5257 3162 5310 sit.
3199 5257 3327 5309 lllud
3355 5265 3531 5308 autem
3564 5270 3763 5309 nomen
3795 5266 3868 5308 est

2316 5328 2376 5380 τὸ
2410 5327 2721 5396 ἀγέννητον,
2747 5327 3042 5395 ingenitum.

2391 5397 2499 5464 (60)
2531 5395 2756 5450 Codices
2783 5402 2886 5466 duo
2913 5397 3244 5466 σκοπήσατε.
3273 5396 3474 5466 ibidem
3510 5395 3640 5448 editi
3686 5395 3868 5462 Δείξας

2319 5467 2447 5538 γάρ.
2476 5467 2678 5538 Vocula
2708 5467 2827 5538 γάρ
2849 5465 2999 5519 deest
3037 5465 3088 5538 in
3117 5465 3368 5538 omnibus
3393 5479 3522 5538 mss.

2395 5532 2504 5605 (61)
2547 5536 2682 5588 Editi
2708 5532 2761 5587 et
2787 5532 2929 5599 Reg.
2961 5536 3176 5603 quintus
3222 5537 3320 5586 οὐκ
3349 5536 3412 5605 ἐκ
3439 5534 3546 5587 τῶν
3579 5532 3740 5595 θείων
3783 5534 3867 5585 καὶ

2321 5604 2587 5676 ἀληθινῶν
2631 5605 2990 5675 διδαγομάτων,
3027 5622 3129 5676 non
3155 5621 3218 5658 ea:
3247 5604 3434 5660 divinis
3459 5608 3688 5676 cerisque
3714 5606 3867 5676 doru-

2323 5674 2526 5728 meun's.
2559 5676 2659 5726 Alii
2689 5674 2932 5730 sex'mss.
2967 5685 3022 5729 ut
3057 5675 3109 5728 in
3139 5684 3427 5741 contextu;
3469 5692 3567 5731 nec
3609 5675 3764 5728 aliter
3793 5674 3862 5725 le-

2328 5756 2484 5812 κει-ιιι
2515 5748 2798 5809 interpres.
