4058 6320
137 371 242 424 535

1224 369 1587 424 ADVERSUS
1627 369 1984 426 ECNOMIUM
2027 371 2152 427 LIB.
2203 370 2240 424 l.

3258 377 3362 431 554

135 487 318 540 πᾶσαν
339 502 433 556 την
451 485 538 537 διὰ
565 485 671 536 τῶν
694 485 982 554 ὀφθαλμῶν
1003 485 1299 553 κατάληψιν
1316 503 1328 514 ·
1361 487 1451 537 καὶ
1472 485 1530 536 τὸ
1560 485 1697 536 ἀσώ-

1823 505 1852 537 u
1891 488 1995 539 Deo
2021 505 2033 539 :
2059 497 2110 538 et
2147 484 2429 550 invisibile,
2467 487 2728 541 excedere
2763 502 2884 540 eum
2929 503 3140 543 omnem
3183 494 3360 544 oculo-

139 595 310 647 ματον
341 578 399 629 τὸ
438 579 510 648 μὴ
544 578 806 647 ὑπάρχειν
853 577 1014 628 αὖτοῦ
1054 577 1215 646 τριχῆ
1268 576 1554 643 διαστατὴν
1605 576 1702 645 τὴν

134 669 327 720 οὐσίαν
351 685 364 697 ·
410 669 502 722 καὶ
551 669 610 720 τὸ
641 669 904 722 ἀθάνατον
936 671 993 721 τὸ
1037 669 1301 738 μηδέποτε
1337 669 1577 720 διάλυσιν
1607 668 1701 719 αὐ-

132 759 214 830 τῷ
244 761 705 832 προσγενήσεσθαι
725 779 739 791 ⁸
772 762 910 814 οὕτω
931 761 1107 829 φαμὲν
1129 762 1220 814 καὶ
1245 761 1324 824 τὸ,
1353 760 1699 828 ἀγέννητον,

133 850 331 912 δηλοῦν
378 853 439 903 τὸ
470 852 721 921 γέννησιν
753 851 898 920 αὐτῷ
933 851 1040 920 (62)
1086 851 1159 921 μὴ
1188 854 1486 922 προσεῖναι.
1516 851 1577 902 El
1607 849 1702 919 μὲν

134 941 233 995 οὖν
279 943 446 1018 μηδὲν
479 944 682 997 τούτων
733 944 1044 1014 στερητικὸν
1089 944 1196 995 τῶν
1240 943 1543 1012 ὀνομάτων,
1586 942 1702 994 οὐδὲ

134 1036 335 1086 ἐκεῖνο.
391 1035 451 1086 Et
491 1034 546 1086 δὲ
588 1035 672 1087 ἐπ’
704 1035 924 1086 ἐκείνων
972 1034 1124 1096 δίδως
1171 1036 1230 1086 τὸ
1263 1035 1399 1088 κατὰ
1449 1038 1704 1104 στέρησιν

133 1121 427 1188 λέγεσθαι,
479 1125 568 1174 ἐπὶ
611 1123 709 1192 τῆς
758 1122 848 1174 τοῦ
909 1125 1200 1194 ἀγεννήτου
1250 1124 1614 1193 προσηγορίας
1643 1125 1704 1176 οὐ

137 1217 464 1283 συγχωρεῖς,
501 1215 642 1274 εἰπὲ,
675 1214 816 1276 τίνος
851 1216 945 1276 μὲν
986 1215 1151 1280 ἕξεως
1184 1215 1559 1285 προλαδούσης
1590 1217 1708 1268 στὲο

140 1322 302 1374 ρησιν
349 1305 596 1374 ἐμφαίνει
635 1306 692 1356 τὸ
740 1305 1042 1376 ἄφθαρτον;
1091 1306 1205 1369 πῶς
1248 1307 1303 1359 δὲ
1349 1309 1467 1377 οὐχὶ
1496 1308 1555 1360 τὸ
1598 1308 1707 1360 ἴσον

137 1395 292 1467 αὑτῷ
331 1396 546 1448 δύναται
576 1397 636 1448 τὸ
668 1396 774 1468 (65)
826 1398 1144 1468 ἀγέννητον;
1185 1398 1342 1451 Ἀλλὰ
1383 1401 1509 1469 περὶ
1543 1400 1710 1469 μόνην

137 1489 342 1556 ταύτην
373 1487 466 1558 τὴν
487 1487 627 1552 λέξιν
669 1491 998 1558 κακοτεχνεῖ,
1033 1490 1166 1541 διότι
1194 1489 1440 1542 ἐντεῦθεν
1471 1491 1618 1561 αὐτῷ
1652 1492 1707 1542 αἱ

136 1580 387 1649 ἀφορμαὶ
417 1581 514 1648 τῆς
557 1580 809 1642 ἀσεϐείας
843 1582 1124 1651 ἤρτηνται.
1161 1582 1276 1634 Ἵνα
1318 1582 1372 1634 δὲ
1409 1582 1577 1650 σαφὲς
1615 1583 1709 1634 αὺ-

135 1672 232 1724 τοῦ
281 1672 340 1724 τὸ
372 1672 652 1742 τέχνασμα
685 1672 929 1741 γένηται,
976 1673 1116 1725 οὕτω
1154 1675 1410 1743 ποιήσατε
1435 1691 1447 1702 ο
1484 1659 1579 1736 οὓς
1615 1674 1708 1726 ἐπὶ

135 1764 232 1816 τοῦ
265 1765 557 1835 ἀγεννήτου
607 1766 873 1834 γυμνάσει
918 1764 1142 1833 λόγους,
1178 1766 1258 1817 ὃτι
1292 1765 1411 1816 οὔτε
1446 1766 1562 1817 κατ’
1587 1766 1707 1817 ἐπί-

134 1870 288 1906 νοιαν
322 1854 664 1924 ἀνθρωπίνην
686 1897 698 1919 ,
729 1853 850 1907 οὔτε
877 1855 1016 1907 κατά
1050 1855 1306 1924 στέρησιν
1340 1852 1557 1923 εὔλογόν
1592 1858 1705 1908 ἐστι
1742 1838 1780 1890 Β

136 1946 270 2014 περὶ
309 1945 442 1996 Θεοῦ
471 1945 754 2013 λέγεσθαι,
784 1945 1003 2008 τούτους
1043 1945 1457 2014 μετενεγκόντες
1497 1948 1582 1998 ἐπ’
1616 1948 1706 2000 ἆλ-

135 2036 229 2090 λου
281 2038 422 2100 τινὸς
453 2037 560 2089 τῶν
591 2038 716 2107 περὶ
761 2036 892 2089 Θεοῦ
927 2037 1262 2105 λεγομένων,
1300 2040 1570 2091 σκοπεῖτε.
1607 2039 1706 2089 Εὑ-

138 2134 336 2200 ρήσετε
361 2131 467 2201 γὰρ
505 2130 716 2198 ἑκάστῳ
752 2129 992 2199 ἀκριϐῶς
1036 2128 1460 2198 ἐφαρμόζοντας.
1501 2132 1628 2192 Καὶ,
1660 2132 1706 2183 εξ

137 2221 396 2289 βούλεσθε
421 2261 434 2283 ,
456 2212 553 2272 ’ἐπὶ
589 2219 682 2272 τοῦ
722 2220 998 2290 ἀφθάρτου
1028 2221 1194 2272 ταῦτα
1227 2219 1470 2289 λέγωμεν
1491 2263 1504 2284 ,
1542 2223 1708 2294 αὐτὴν

135 2312 306 2365 αὖτοῦ
350 2313 446 2382 τὴν
477 2311 618 2377 λέξιν
651 2316 1135 2382 μετακομίσαντες.
1180 2313 1487 2383 Ἀφθαρτον
1518 2315 1574 2367 δὲ
1625 2316 1708 2367 λέ-

133 2420 349 2471 γοντες,
379 2403 437 2454 οὐ
475 2405 593 2456 κατ’
629 2405 866 2455 ἐπίνοιαν
909 2402 1252 2471 ἀνθρωπίνην
1295 2403 1574 2471 σεμνύνειν
1605 2405 1709 2457 οἰό-

137 2495 285 2562 μεθα
325 2496 465 2548 δεῖν’
504 2495 848 2549 ἀποτιννύναι
900 2494 956 2545 δὲ
999 2493 1146 2562 αὐτῷ
1194 2495 1253 2546 τὸ
1295 2495 1510 2548 πάντων
1544 2498 1709 2564 ἀναγ-

133 2583 424 2636 καιότατον
450 2584 688 2652 ὄφλημα,
724 2584 824 2652 τὴν
856 2583 948 2633 τοῦ
993 2581 1129 2634 εἶναι
1156 2584 1182 2636 ὃ
1213 2586 1356 2637 ἐστιν
1387 2586 1672 2656 ὁμολογίαν
1694 2608 1706 2619 ι

132 2674 279 2726 ἀλλὰ
312 2676 416 2744 μὴν
446 2675 563 2725 οὐδὲ
590 2674 730 2726 κατά
769 2673 1023 2745 στέρησιν
1062 2676 1176 2746 (61)
1203 2696 1215 2708 ·
1254 2678 1308 2729 εἴ
1347 2696 1407 2745 γε
1437 2679 1545 2732 τῶν
1573 2682 1710 2733 κατὰ

136 2766 304 2832 φύσιν
334 2768 388 2817 αξ
438 2768 719 2836 στερήσεις
759 2768 863 2819 εἰσὶ
912 2770 1192 2840 στερήσεις
1218 2810 1230 2833 ,
1274 2773 1366 2823 καὶ
1409 2772 1514 2823 τῶν
1548 2772 1710 2836 ἕξεων

133 2857 408 2929 δεύτεραι.
442 2858 505 2910 Τί
539 2859 735 2928 μᾶλλον
762 2861 852 2912 ἐπὶ
884 2859 974 2912 τοῦ
1005 2862 1296 2931 ἀγεννήτου
1324 2863 1518 2932 πρέπει
1541 2865 1710 2916 ταῦτα

135 2947 451 3016 φιλοσοφεῖν
571 2951 663 3002 καὶ
702 2951 792 3002 ἐπὶ
834 2951 928 3002 τοῦ
974 2952 1286 3024 ἀφθάρτου,
1339 2954 1431 3005 καὶ
1463 2955 1595 3018 ὅλως
1627 2958 1708 3024 ἐφ’

136 3041 379 3110 ἑκάστης
428 3042 608 3111 φωνῆς
656 3043 753 3112 τῆς
803 3043 943 3094 κατὰ
974 3044 1062 3096 τὸν
1088 3044 1247 3096 αὐτὸν
1289 3045 1456 3097 τύπον
1491 3048 1712 3116 ἐκφερο-

139 3135 341 3204 μένης
395 3133 530 3184 Ἀλλ’
575 3133 725 3186 οὐδὲν
773 3133 880 3185 τῶν
918 3134 1089 3188 ἄλλων
1123 3135 1268 3205 αὐτῷ
1301 3137 1434 3207 πρὸς
1463 3138 1560 3205 τὴν
1587 3138 1709 3189 ἀσέ-

1809 595 1921 633 rum
1958 580 2488 647 comprehensionem
2535 588 2626 632 :et
2675 580 3071 648 incorporeum,
3108 582 3364 635 substan-

1808 673 1936 723 tiam
1972 671 2086 736 ejus
2138 672 2272 724 trina
2329 671 2660 725 dimensione
2697 687 2799 724 non
2854 683 3144 726 constare:
3173 683 3225 725 et
3267 673 3367 725 im-

1807 762 2052 825 mortale,
2073 778 2194 815 eum
2215 763 2550 816 dissolutioni
2586 778 2857 830 nunquam
2889 763 3179 816 obnoxium
3216 763 3362 817 fore:

1803 853 2044 906 eumdem
2076 853 2140 905 ad
2180 854 2391 905 modum
2429 854 2657 907 dicimus
2688 856 2974 922 ingenitum
2996 858 3157 907 etiam
3192 857 3367 923 signi-

1808 944 1988 1005 ﬁcare.
2021 945 2423 1010 generationem
2474 945 2524 996 in
2571 946 2686 1012 ipso
2730 961 2833 1020 non
2893 948 3086 1000 inesse.
3135 947 3369 1000 Proinde

1807 1036 1850 1087 si
1880 1034 2080 1087 nullmn
2115 1049 2178 1088 ex
2217 1035 2322 1089 illis
2356 1035 2660 1088 nominibus
2699 1036 3020 1103 privativum
3064 1047 3164 1099 est,
3195 1053 3371 1106 neque

1809 1127 1909 1180 hoc
1939 1128 2061 1180 erit.
2099 1126 2247 1192 Quod
2291 1129 2334 1181 si
2373 1129 2624 1181 concedis
2658 1128 2742 1180 illa
2785 1131 3078 1182 secundum
3115 1131 3369 1197 privatio-

1809 1232 1927 1269 nem
1957 1216 2082 1280 dici,
2116 1218 2206 1269 sed
2231 1218 2281 1269 id
2311 1218 2362 1268 in
2392 1217 2746 1284 appellatione
2779 1218 2997 1286 iugeniti
3044 1235 3146 1272 non
3175 1220 3368 1273 admit-

1811 1316 1923 1359 tas:
1955 1306 2059 1365 die,
2087 1322 2193 1373 quo
2230 1305 2410 1359 habitu
2449 1307 2608 1374 222
2647 1309 3002 1375 prtecedente,
3040 1308 3371 1378 incorrupti-

1810 1399 1912 1453 bile
1946 1400 2300 1468 privationem
2336 1398 2574 1451 indicet?
2612 1408 2703 1449 aut
2746 1402 3015 1467 quomodo
3066 1402 3364 1469 ingenitum

1810 1506 1915 1544 non
1947 1491 2085 1544 idem
2121 1493 2262 1560 quod
2317 1491 2417 1544 hoc
2459 1490 2668 1543 valeat?
2696 1491 2763 1543 At
2819 1492 2962 1545 circa
3021 1494 3122 1547 hoc
3155 1493 3371 1546 verbum

1811 1581 1982 1633 solum
2031 1580 2284 1649 malignis
2319 1580 2529 1634 artibus
2561 1582 2749 1645 utitur,
2785 1582 2925 1650 quod
2956 1583 3002 1635 ei
3037 1583 3159 1638 hine
3191 1584 3371 1652 impie-

1811 1672 1936 1726 tatis
1967 1672 2265 1741 dependent
2289 1672 2619 1725 occasiones.
2647 1673 2748 1725 Sed
2790 1675 3076 1727 artiliainm
3120 1675 3238 1743 ejus
3269 1691 3377 1728 ma-

1813 1766 2063 1819 nileslum
2099 1774 2155 1817 ut
2211 1765 2320 1830 liat,
2376 1765 2444 1817 ita
2482 1764 2680 1818 facile:
2721 1781 2854 1834 quos
2906 1767 2969 1819 de
3018 1767 3254 1836 ingenito
3293 1772 3376 1820 in-

1811 1857 1972 1910 struit
2019 1870 2317 1918 sermones,
2353 1858 2492 1922 quod
2555 1870 2723 1923 neque
2781 1870 2848 1908 ex
2901 1857 3138 1910 humano
3188 1859 3371 1910 conci-

1812 1947 1990 2016 piendi
2033 1948 2208 2008 modo,
2245 1961 2416 2014 neque
2447 1960 2510 1998 ex
2545 1947 2850 2013 privatione
2884 1953 2947 2001 de
2995 1948 3102 2000 Deo
3137 1948 3241 2002 dici
3274 1963 3371 2016 par

1812 2050 1927 2105 est;
1958 2040 2056 2093 hos
2084 2038 2373 2091 translatos
2409 2039 2460 2090 in
2489 2039 2630 2091 aliud
2667 2041 2931 2108 quoddam
2963 2055 3151 2093 nomen
3193 2055 3257 2093 ex
3292 2041 3375 2095 his

1813 2147 1932 2199 qua:
1981 2132 2047 2185 de
2082 2132 2190 2184 Deo
2222 2132 2491 2193 dicuntur,
2530 2132 2889 2184 consideratis
2929 2133 3106 2184 velim.
3151 2131 3376 2185 Unicui-

1817 2237 1922 2290 que
1971 2222 2114 2274 enim
2154 2221 2362 2273 illormn
2407 2237 2628 2289 prorsus
2675 2223 2969 2275 convenire
3007 2223 3372 2291 comperietis.

1816 2313 1901 2374 Et,
1936 2313 1978 2367 si
2014 2312 2193 2376 vultis,
2228 2312 2292 2366 de
2323 2312 2711 2380 incorruptibili
2762 2313 2946 2366 eadem
2989 2315 3252 2375 dicamus,
3292 2315 3376 2369 his

1817 2405 1946 2472 ipsis
1983 2404 2175 2471 quibus
2205 2404 2368 2456 utitur
2400 2404 2576 2457 verbis
2609 2403 2711 2457 huc
2753 2404 3085 2456 transmOtis.
3132 2404 3378 2455 Incorru-

1816 2495 2055 2562 ptibilem
2087 2505 2263 2547 autem
2290 2511 2411 2548 cum
2440 2497 2688 2557 dicimus,
2723 2511 2826 2548 non
2864 2498 3156 2549 secundum
3189 2496 3378 2549 huma-

1816 2602 1940 2639 nmn
1997 2586 2325 2654 intelligendi
2379 2587 2590 2640 modmn
2638 2587 3000 2640 decorandum
3045 2601 3163 2639 esse
3211 2587 3374 2639 Deum

1815 2680 2145 2733 arbitramur
2178 2679 2306 2733 :sed
2349 2679 2756 2747 persolvendum
2785 2680 2832 2732 ei
2878 2680 3112 2733 debitum
3149 2681 3378 2732 maxinze

1815 2772 2052 2825 omnium
2097 2774 2480 2834 necessarium,
2524 2773 2918 2825 confessionem
2967 2774 3232 2836 videlicet,
3266 2789 3373 2840 qua

1816 2878 1937 2916 eum
1984 2864 2036 2915 id
2073 2879 2193 2917 esse
2237 2865 2377 2928 quod
2413 2874 2493 2917 est
2527 2865 2880 2917 conﬁteantur
2918 2869 3048 2918 :sed
3087 2881 3257 2934 neque
3287 2883 3376 2917 se-

1817 2957 2045 3010 Cundum
2106 2958 2458 3025 privationem
2501 2972 2516 3008 :
2561 2958 2826 3026 siquidem
2874 2959 3203 3025 privationes
3255 2965 3380 3010 sunt

1817 3049 2148 3116 privationes
2175 3063 2360 3101 eorum
2392 3065 2509 3118 qua:
2542 3059 2666 3103 sunt
2714 3061 2933 3115 natura,
2970 3064 3202 3119 suntque
3229 3051 3382 3104 habi-

1819 3141 1960 3192 tibus
1993 3141 2339 3207 posteriores.
2371 3142 2476 3194 Cur
2511 3143 2675 3209 magis
2719 3143 2782 3197 de
2831 3144 3066 3210 ingenito
3107 3144 3217 3195 haze
3244 3141 3381 3194 alIir-

135 3225 293 3277 6ειαν
332 3226 599 3291 συνεργεῖ.
626 3223 716 3274 Διὸ
750 3224 855 3274 τῶν
885 3224 1083 3275 λοιπῶν
1119 3226 1236 3276 οὐδὲ
1275 3227 1559 3294 μέμνηται,
1592 3226 1712 3278 καί-

1818 3244 1964 3281 mare
2007 3231 2177 3292 decet,
2217 3247 2376 3298 quam
2434 3232 2497 3297 de
2548 3232 2959 3300 iucorruptibili,
2984 3246 3034 3286 et
3068 3234 3285 3285 omnino
3316 3235 3379 3286 de

135 3336 217 3372 τοι
255 3316 461 3387 μυρίων
493 3316 659 3367 ὅντων
687 3314 789 3366 τῶν
820 3316 945 3384 περὶ
976 3315 1107 3366 Ε)εοῦ
1143 3315 1466 3383 λεγομένων.

1820 3321 2056 3389 qualibet
2095 3339 2247 3385 voce,
2291 3339 2409 3391 quae
2447 3325 2637 3377 eodem
2685 3327 2842 3378 modo
2889 3327 3242 3393 proferatur?
3274 3328 3378 3380 Sed

136 3413 286 3466 aliud
346 3411 477 3464 nihil
528 3411 576 3463 ei
627 3411 694 3463 ad
749 3411 1076 3478 impietatem
1148 3413 1421 3466 conducit.
1487 3412 1665 3479 Quare
1717 3429 1783 3468 ne
1825 3419 2067 3471 meminit
2116 3420 2329 3488 quidem
2392 3419 2763 3488 reliquorum,
2833 3421 3041 3474 etiarnsi
3100 3421 3380 3475 innumera

135 3510 248 3562 sint
281 3521 400 3574 qu:e
433 3506 496 3558 de
538 3505 643 3559 Deo
666 3505 934 3558 dicuntur.

210 3598 300 3651 10.
350 3597 500 3666 Ἔχει
536 3597 590 3650 δὲ
624 3596 812 3658 οὕτως.
856 3598 947 3648 Ἓν
986 3597 1083 3667 μὲν
1125 3597 1275 3648 οὐδέν
1311 3597 1456 3650 ἐστιν
1490 3597 1658 3667 ὄνομα
1690 3597 1717 3650 ὃ

136 3693 324 3744 πᾶσαν
358 3687 576 3759 ἐξαρκεῖ
601 3688 698 3759 τὴν
741 3687 832 3739 τοῦ
865 3687 997 3739 Θεοῦ
1038 3688 1196 3755 φύσιν
1241 3686 1560 3757 περιλαϐὸν,
1601 3690 1718 3739 ἱκα-

137 3784 248 3847 νῶς
290 3781 634 3849 ἐξαγγεῖλαι·
678 3779 845 3832 πλείω
888 3780 942 3831 δὲ
1002 3780 1093 3832 καὶ
1153 3780 1368 3832 ποικίλα
1412 3783 1532 3833 κατ’
1582 3780 1716 3832 ἰδίαν

137 3877 372 3928 ἕκαστον
426 3871 726 3942 σημασίαν,
763 3871 1002 3942 ἀμυδρὰν
1051 3872 1146 3942 μὲν
1181 3873 1456 3936 παντελῶς
1496 3875 1587 3927 καὶ
1627 3891 1717 3943 μι-

138 3967 437 4037 κροτάτην,
461 3965 534 4025 ὼς
564 3963 697 4031 πρὸς
727 3965 784 4015 τὸ
807 3966 944 4029 ὅλον,
979 3967 1110 4034 ἡμῖν
1141 3981 1204 4031 γε
1241 3967 1344 4035 μὴν
1380 3965 1715 4037 ἐξαρκοῦσαν

139 4061 241 4130 τὴν
286 4060 490 4110 ἔννοιαν
536 4055 892 4125 συναθροίζει.
940 4058 1025 4109 Ἐν
1073 4059 1249 4112 τοίνυν
1281 4061 1390 4120 τοῖς
1428 4061 1554 4130 περὶ
1585 4059 1715 4111 Θεοῦ

139 4152 460 4222 λεγομένοις
493 4151 739 4218 ὀνόμασι,
775 4150 841 4201 τὰ
884 4150 979 4217 μὲν
1012 4151 1118 4202 τῶν
1150 4153 1457 4220 προσόντων
1501 4152 1576 4221 τῷ
1601 4152 1719 4221 Θεῷ

139 4241 420 4313 δηλωτικά
453 4242 585 4303 ἐστι,
615 4240 682 4292 τὰ
709 4240 761 4293 δὲ
787 4240 847 4292 τὸ
868 4239 1124 4303 ἐναντίον,
1151 4241 1258 4292 τῶν
1289 4242 1362 4311 μὴ
1386 4242 1713 4311 προσόντων.

155 4338 254 4389 Ἐκ
278 4335 372 4388 δύο
407 4333 514 4405 γὰρ
545 4334 748 4388 τούτων
773 4335 934 4386 οἱονεὶ
967 4336 1251 4405 χαρακτήρ
1288 4352 1369 4397 τις
1405 4336 1532 4404 ἡμῖν
1570 4335 1719 4402 ἐγγί-

140 4447 295 4482 νεται
323 4428 414 4480 τοῦ
437 4428 590 4491 Θεοῦ,
624 4428 684 4479 ἔκ
715 4444 772 4478 τε
806 4428 901 4496 τῆς
941 4429 1046 4478 τῶν
1079 4430 1528 4498 ἁπεμφαινόντων
1564 4430 1720 4500 ἀρνή-

142 4543 286 4586 σεως
313 4526 406 4576 καὶ
453 4527 517 4576 ἐκ
552 4524 648 4592 τῆς
678 4523 782 4575 τῶν
828 4523 1174 4591 ὑπαρχόντων
1224 4522 1528 4589 ὁμολογίας.
1573 4519 1716 4582 υἶον,

141 4617 276 4668 ὅταν
323 4615 594 4684 ἄφθαρτον
648 4615 1019 4685 ὀνομάζωμεν,
1070 4613 1291 4682 δυνάμει
1341 4613 1450 4682 (65)
1492 4613 1719 4681 λέγομεν

144 4711 364 4770 ἑαυτοῖς
411 4709 440 4778 ἢ
485 4711 594 4767 τοῖς
645 4708 949 4770 ἁκούουσιν,
986 4708 1065 4759 ὅτι
1123 4706 1212 4774 Μὴ
1258 4706 1368 4757 οἴου
1415 4705 1586 4775 φθορᾷ
1633 4705 1719 4755 τὸν

144 4804 286 4856 Θεὸν
315 4800 667 4854 ὑποκεῖσθαι’
706 4802 797 4852 καὶ
828 4801 953 4852 ὅταν
986 4801 1231 4868 ἀόρατον,
1275 4797 1355 4848 ὅτι
1393 4797 1481 4865 Μὴ
1522 4797 1718 4849 ὑπολά-

1887 3599 1972 3652 10.
2017 3597 2184 3652 liabet
2215 3608 2388 3651 autem
2439 3614 2498 3652 se
2545 3613 2627 3650 res
2663 3598 2765 3648 hoc
2817 3597 2990 3648 modo.
3024 3594 3235 3648 Nullum
3263 3597 3382 3664 (ιυί-

1816 3693 1935 3747 dem
1969 3707 2160 3745 nomen
2197 3683 2280 3745 est
2319 3692 2458 3760 quod
2503 3699 2666 3742 totam
2716 3689 2809 3742 Dei
2845 3699 3088 3742 naturam
3142 3690 3382 3757 comple-

1818 3799 1962 3846 xum,
2003 3795 2082 3835 sat
2113 3798 2229 3836 eam
2271 3783 2440 3852 possit
2483 3784 2772 3837 enuntiare
2813 3797 2824 3831 :
2863 3781 3012 3846 plura
3040 3795 3165 3833 vero
3206 3790 3260 3832 et
3289 3796 3381 3830 va-

1819 3873 1916 3938 ria,
1951 3872 2158 3942 singula
2213 3873 2263 3925 in
2321 3874 2530 3941 propria
2593 3871 3022 3939 signiﬁcatione,
3085 3869 3379 3921 obscuram

1818 3967 2032 4036 quidem
2082 3965 2301 4019 omnino
2331 3975 2384 4016 et
2426 3979 2683 4032 perquam
2739 3962 3009 4028 exiguam,
3039 3961 3082 4014 si
3117 3977 3234 4013 cmn
3273 3970 3383 4013 toto

1818 4067 2175 4126 comparetur,
2202 4057 2352 4112 nobis
2372 4067 2547 4107 tamen
2577 4053 2945 4117 sullicieuletu,
2979 4053 3380 4121 intelligentiam

1819 4157 2133 4218 congerunt.
2172 4147 2355 4216 Itaque
2382 4148 2521 4199 inter
2569 4147 2780 4199 nomina
2816 4161 2875 4197 ca
2911 4160 3030 4212 qu:e
3069 4146 3133 4197 de
3168 4146 3273 4197 Deo
3301 4146 3384 4195 ιΙί-⁹

1819 4254 2030 4307 cuntur,
2075 4243 2248 4310 aliqua
2301 4241 2599 4310 signiﬁcant
2639 4254 2755 4303 qu:e
2792 4238 2899 4289 Deo
2934 4239 3114 4288 insunt
3151 4252 3163 4288 :
3204 4236 3380 4302 aliqua

1819 4351 1946 4388 vero
2010 4335 2313 4388 econtrario
2359 4333 2597 4384 indicant
2644 4344 2761 4396 qu:e
2811 4332 2857 4381 ei
2899 4345 3006 4380 non
3061 4328 3265 4379 insunt.
3299 4326 3373 4377 Ex

1821 4429 1903 4480 his
1935 4427 2074 4478 enim
2127 4425 2353 4490 duobus,
2395 4433 2448 4475 et
2499 4437 2561 4473 ex
2613 4436 2796 4472 eorum
2851 4435 2966 4486 qu:e
3039 4419 3381 4470 dissentanea

1819 4531 1941 4573 sunt
1975 4520 2276 4587 negatione,
2309 4530 2360 4568 et
2390 4532 2451 4567 ex
2483 4530 2671 4568 eormn
2707 4527 2824 4581 quae
2870 4514 3063 4564 adsunt
3095 4510 3384 4564 confessio-

1821 4629 1908 4674 nc,
1949 4612 2090 4664 velut
2133 4611 2344 4677 quidam
2399 4607 2492 4660 Dei
2528 4609 2809 4660 character
2842 4603 2993 4657 nobis
3034 4601 3380 4671 imprimitur.

1821 4705 2061 4772 Exempli
2107 4717 2290 4764 causa,
2325 4716 2445 4752 cum
2503 4696 2965 4766 ineorruptihilem
3022 4695 3380 4756 nominamus,

1823 4797 1961 4849 idem
2001 4793 2227 4846 facimus
2263 4807 2325 4844 ac
2359 4792 2400 4844 si
2431 4791 2672 4844 dicamus
2707 4800 2797 4838 aut
2837 4786 2988 4837 nobis
3020 4785 3148 4853 ipsis
3176 4793 3267 4835 aut
3291 4798 3378 4834 au-

145 4895 252 4968 δῖὶς
300 4894 461 4948 αὑτὸν
514 4895 578 4964 τῇ
612 4889 700 4944 διὰ
731 4891 836 4942 τῶν
893 4891 1065 4960 δ’ᾇεων
1100 4889 1345 4959 αἰσθήσει
1377 4888 1712 4958 καταλαμϐά-

1821 4886 2094 4941 dientihus
2124 4903 2137 4939 :
2170 4884 2314 4938 Cave
2346 4893 2498 4952 putes
2518 4881 2682 4935 Deum
2708 4877 2982 4944 subjacere
3011 4863 3380 4944 corruptioni:

225 5072 340 5144 (62)
374 5072 505 5135 Reg.
540 5072 738 5144 tertius
759 5069 970 5137 γένεσιν
1005 5067 1170 5138 αὐτῷ.
1201 5067 1342 5119 Editi
1382 5074 1433 5119 et
1466 5064 1553 5117 alii
1591 5081 1719 5118 mss.

147 5141 406 5216 γέννησιν
426 5141 592 5216 αὐτῷ,

223 5205 339 5286 (63)
368 5214 504 5267 Editi
530 5205 730 5264 δύναιτ’
767 5209 830 5263 ἂν
864 5211 942 5263 τό.
981 5209 1048 5262 At
1078 5223 1208 5261 mss.
1245 5217 1474 5276 quatuor
1499 5205 1721 5259 δύναται

224 5355 343 5425 (64)
372 5354 510 5407 Editi
564 5351 706 5425 κατᾲ
744 5353 842 5421 τὴν
893 5349 1168 5425 στέρησιν.
1198 5347 1473 5425 Articulus
1507 5346 1556 5397 in
1587 5361 1719 5425 mss.

151 5416 263 5482 noit
301 5416 593 5478 invenitur.
643 5416 820 5490 Neque
864 5416 1150 5472 secundum
1209 5421 1569 5482 privationem.
1615 5416 1723 5490 iloc

149 5509 255 5560 est,
288 5488 860 5562 quemadmodum‘non
896 5500 1141 5555 putamus
1174 5491 1333 5541 Deum
1357 5488 1720 5562 decorandum

149 5557 276 5621 esse
309 5557 404 5635 per
430 5563 787 5635 privationem
824 5577 837 5611 :
876 5562 944 5612 ita
980 5577 1081 5635 non
1120 5571 1380 5635 putamus
1407 5572 1526 5635 eum
1563 5557 1718 5635 deco-

150 5627 382 5690 randum
408 5627 528 5688 esse
559 5628 1595 5704 perhumanumintelligendinmdum.
1647 5627 1716 5676 lia

155 5710 326 5777 igitur
355 5697 570 5777 videtur
600 5701 766 5777 fuisse
812 5716 961 5777 mens
987 5699 1254 5777 Enniennii,
1289 5697 1443 5750 aliter
1471 5697 1718 5777 judican-

152 5765 282 5831 (iitttt
325 5790 443 5830 esse
475 5776 542 5826 de
585 5773 803 5827 vocihus
841 5770 1132 5840 ἄφθαρτος,
1161 5769 1441 5834 ἀθάνατος,
1466 5765 1714 5835 ἀόρατος,

1824 5065 1983 5118 aliter
2021 5065 2085 5117 de
2117 5077 2247 5116 voce
2268 5061 2582 5132 ἀγέννητος.
2634 5057 2721 5111 illa
2757 5057 2899 5110 enim
2930 5055 3190 5132 privativa
3240 5060 3382 5120 sunt,

1825 5153 1944 5186 cum
1976 5150 2082 5202 pra:
2109 5150 2164 5185 se
2199 5126 2554 5200 privationem
2589 5131 2781 5190 ferant,
2824 5126 3216 5202 corruptionis,_
3242 5139 3384 5174 mor-

1829 5208 1916 5269 tis,
1950 5197 2094 5256 visus
2140 5217 2154 5254 :
2199 5197 2290 5256 sed
2328 5204 2427 5258 hoc
2467 5203 2570 5254 tale
2595 5216 2697 5253 non
2737 5208 2987 5269 est,»cum
3030 5197 3379 5269 privationem

1827 5265 1930 5327 non
1963 5276 2182 5337 indicet,
2211 5275 2303 5327 sed
2336 5275 2500 5341 ipsam
2533 5281 2778 5322 naturam
2810 5267 3046 5341 divinam
3066 5265 3377 5341 constituat.

1825 5335 2213 5411 Argumentum
2256 5335 2433 5395 autein
2472 5342 2595 5393 illud
2630 5338 2876 5393 Ennomii
2906 5352 3069 5403 quam
3101 5335 3215 5388 leve
3237 5336 3306 5387 sit
3329 5343 3383 5384 et

1826 5416 2000 5473 futile.
2027 5431 2091 5466 ex
2122 5414 2303 5467 Basilii
2335 5412 2509 5482 verbis
2534 5411 2763 5482 perSpici
2797 5417 2986 5474 potest.
3343 5472 3354 5482 .

1902 5487 2013 5555 ((ifi)
2041 5486 2190 5544 Illud,
2220 5481 2466 5555 δυνάμει.
2499 5483 2588 5549 qui
2622 5483 2689 5532 ita
2724 5481 3185 5543 interpretaretur,
3218 5481 3384 5555 (equi-.-

1826 5542 2102 5625 pollen'ter,
2138 5542 2275 5608 bene
2305 5542 2652 5625 quidemirem
2687 5542 3256 5625 expreSsurnnrputo,
3290 5542 3380 5624 sui

1827 5615 1929 5679 non
1961 5615 2167 5679 Latine.
2195 5615 2483 5692 Aliquanto
2523 5619 2662 5674 infra
2696 5634 2826 5672 mss.
2855 5616 3090 5671 nonnulli
3127 5615 3259 5684 μηδὲ
3285 5615 3382 5671 in.

1823 5697 1939 5768 χῆςο
