4058 6320
646 313 751 368 535

2052 309 2296 366 BASILII
2341 309 2555 366 MAGNI

3789 310 3891 365 536

646 433 842 477 etcum
888 419 1205 473 invisibilem
1239 438 1249 473 :
1285 418 1359 473 Ne
1401 420 1798 473 existimaveris
1827 420 1996 489 ipsum
2029 423 2212 475 oculo-

2330 422 2507 475 νεσθαι
2528 438 2543 454 ο
2582 422 2671 475 καὶ
2694 422 2820 474 ὅταν
2848 422 3133 484 ἀθάνατον,
3160 423 3239 475 ὅτι
3268 422 3490 493 Μήποτε
3517 422 3710 493 οὶηθῇς
3741 424 3892 478 θάνα-

651 531 769 569 rum
808 526 964 568 sensu
1014 514 1393 582 comprehendi
1428 522 1521 566 :et
1545 529 1665 567 cum
1702 514 2081 577 immortalem,
2106 514 2215 569 Ab-

650 610 720 662 sit
748 618 803 659 ut
837 621 1071 673 unquam
1128 608 1319 660 credas
1370 616 1596 660 mortem
1659 608 1766 660 Deo
1801 609 2048 661 accidere
2078 626 2092 659 :
2126 608 2217 663 Sic

650 698 811 767 igitur
837 706 885 749 et
917 712 1036 751 cum
1065 698 1378 766 ingenitum,
1419 696 1493 750 Ne
1527 700 1807 753 arbitreris
1826 714 1892 753 ex
1919 699 2021 751 ulla
2055 715 2216 753 causa

648 801 741 845 aut
793 790 1056 859 principio
1102 790 1472 844 exsisteatiam
1530 791 1619 845 Dei
1658 792 1978 861 dependere.
2044 794 2109 846 Et
2159 802 2215 846 ut

647 884 810 937 verbo
835 884 1033 946 dicam,
1062 898 1126 936 ex
1162 898 1484 952 unoquoque
1512 885 1705 937 borum
1742 888 2019 949 docemur,
2061 894 2118 939 ut
2151 899 2216 939 ne

651 974 703 1028 in
747 975 1023 1028 indecoras
1052 976 1340 1029 sententias
1366 977 1668 1031 incidamus
1700 987 1831 1043 tum,
1868 995 1987 1032 cum
2012 981 2075 1031 de
2109 979 2215 1033 Deo

648 1066 925 1135 quidpiam
958 1066 1273 1135 cogitamus.
1306 1066 1490 1135 Itaque
1522 1077 1577 1119 ut
1604 1069 1931 1137 praecipuam
1968 1069 2056 1123 Dei
2093 1086 2214 1139 pro-

648 1158 929 1228 prietatem
980 1174 1390 1227 cognoscamus,
1419 1159 1556 1212 alter
1587 1160 1761 1224 alteri,
1813 1176 1931 1215 cum
1987 1162 2053 1216 de
2107 1162 2215 1217 Deo

648 1265 828 1304 sermo
872 1251 1117 1310 habetur,
1155 1252 1530 1305 interdicimus
1570 1266 1634 1305 ne
1678 1253 2002 1321 cogitatione
2044 1255 2109 1307 ad
2150 1269 2211 1309 ea

648 1358 767 1410 qua
815 1360 917 1394 non
960 1353 1173 1411 oportet
1214 1343 1540 1409 deferamur,
1591 1360 1655 1399 ne
1696 1361 1927 1415 unquam
1970 1347 2215 1402 homines

648 1443 839 1503 putent
880 1435 1043 1487 Deum
1078 1450 1199 1489 esse
1230 1435 1521 1504 quidquam
1553 1438 1923 1508 corruptibile,
1948 1453 2039 1494 aut
2079 1442 2213 1495 visi-

647 1525 776 1589 bile,
809 1536 899 1579 aut
935 1536 1268 1597 generatum.
1298 1526 1473 1593 Quare
1507 1544 1603 1595 per
1632 1530 1814 1584 omnia
1872 1532 1985 1585 ha'c
2032 1534 2215 1601 prohi-

649 1618 843 1672 bitoria
873 1620 1110 1681 nomina,
1143 1618 1255 1685 eius
1294 1622 1435 1689 quod
1468 1621 1701 1676 alienum
1732 1634 1813 1678 est
1848 1625 1907 1679 lit
1936 1625 2091 1694 quasi
2121 1640 2216 1679 ne-

649 1712 794 1780 gatio
819 1712 1084 1780 quaedam,
1119 1711 1243 1765 dum
1280 1714 1487 1782 singula
1545 1716 1880 1784 distinguens
1929 1732 2079 1770 mens
2125 1733 2218 1769 uo-

650 1812 781 1867 stra,
822 1818 1009 1857 eorum
1034 1818 1152 1872 qua:
1186 1804 1235 1856 in
1271 1804 1379 1858 Deo
1410 1820 1512 1857 non
1539 1807 1720 1859 insunt
1747 1808 2028 1875 opiniones
2059 1808 2218 1878 223

651 1896 817 1949 exuit.
850 1896 1013 1948 Deum
1051 1912 1242 1951 rursus
1286 1898 1481 1950 bonum
1530 1897 1787 1957 dicimus.
1824 1908 1877 1953 et
1922 1900 2221 1966 justuin,et

651 1996 977 2050 creatorem,
1027 1997 1082 2041 et
1122 1988 1380 2056 iudicem,
1425 1988 1637 2056 aliaque
1664 1990 1985 2059 huiusmodi.
2020 1992 2217 2057 Quem-

656 2077 944 2131 admodum
995 2078 1157 2147 igitur
1200 2079 1250 2131 iu
1298 2080 1403 2134 illis
1446 2081 1528 2135 bat
1572 2074 1730 2135 voces
1788 2082 2218 2150 reprobationcm

654 2170 961 2235 quamdam,
995 2184 1059 2221 ac
1085 2170 1511 2227 interdictionem
1540 2174 1914 2242 signiﬁcabant
1938 2176 2217 2229 notionum

654 2274 680 2311 a
728 2259 835 2312 Deo
881 2259 1221 2315 alienarum:
1259 2264 1329 2315 ita
1378 2264 1464 2317 hic
1518 2265 1837 2330 positionem
1875 2276 1928 2319 et
1976 2276 2219 2319 naturam

655 2365 835 2406 eorum
882 2368 999 2420 quae
1044 2356 1258 2424 propria
1300 2356 1389 2409 Dei
1431 2365 1575 2418 sunt,
1625 2361 2115 2429 convenienterque
2170 2363 2222 2415 in

655 2457 717 2497 co
777 2445 1205 2511 considerantur,
1258 2446 1579 2517 signiﬁcant.
1643 2447 1826 2519 Itaque
1883 2468 1947 2505 ex
1997 2460 2224 2520 utroque

657 2534 1067 2601 appellationum
1123 2550 1316 2605 genere
1385 2537 1655 2598 docemur,
1711 2550 1800 2592 aut
1873 2540 2056 2593 dehis
2106 2557 2227 2608 qua:

658 2627 870 2687 adsunt,
910 2626 1050 2691 quod
1079 2626 1255 2678 adsint
1286 2642 1298 2677 :
1335 2635 1423 2679 aut
1457 2627 1523 2680 de
1570 2628 1653 2680 his
1696 2644 1815 2697 quat
1845 2629 2057 2691 absunt,
2086 2633 2227 2697 quod

658 2712 853 2766 absint.
887 2712 997 2767 Vox
1044 2724 1220 2767 autem
1262 2716 1548 2783 ingenitum
1595 2730 1655 2769 ea
1715 2732 1833 2786 qure
1884 2733 1987 2773 non
2033 2719 2226 2774 adsunt

658 2805 969 2874 signiﬁcat:
1016 2807 1214 2860 indicat
1268 2809 1410 2861 enim
1482 2808 1587 2861 Deo
1654 2812 2052 2877 generationem
2120 2829 2223 2867 non

659 2897 865 2950 adesse.
902 2895 1013 2951 Hoc
1039 2908 1217 2950 autem
1268 2899 1383 2952 sive
1432 2900 1551 2967 quis
1599 2902 1971 2968 privationem,
2002 2905 2113 2957 sive
2147 2906 2226 2957 iu-

661 2988 1055 3049 terdictiouem,
1083 2989 1195 3042 sive
1222 2990 1584 3057 negatioiiem,
1617 2992 1729 3044 sive
1761 2992 1885 3059 quid
1920 2994 2223 3061 hujusmodi

2314 533 2404 568 τον
2437 514 2821 585 προσγίνεσθαι
2845 515 2921 585 τῷ
2949 515 3087 585 Θεῷ.
3116 516 3271 568 Οῦτω
3286 515 3346 585 δὴ
3376 516 3464 568 καὶ
3495 512 3625 567 ἔκταν
3658 516 3892 585 ἀγέννη-

2315 624 2425 673 τον,
2479 609 2561 660 ὂτι
2612 608 2897 678 Μηδεμιᾶς
2948 608 3127 671 αἰτίας
3176 609 3308 677 μήτε
3356 608 3528 678 ἀρχῆς
3563 607 3803 676 ὲξῆφθαι
3835 609 3891 661 τὸ

2317 696 2455 752 εἶναι
2480 700 2572 753 τοῦ
2593 700 2728 753 Θεοῦ
2752 701 2997 772 νομίσῃς.
3029 701 3137 753 Καὶ
3160 700 3315 763 ὅλως,
3342 700 3399 765 ἐξ
3422 702 3654 753 ἑκάστου
3682 700 3891 753 τούτων

2315 790 2673 861 διδασκόμεθα
2728 791 2799 863 μὴ
2837 794 2915 854 είς
2970 792 3235 862 ἀπρεπεῖς
3286 790 3491 852 ἐννοίας
3518 792 3573 843 ὲν
3601 794 3723 853 ταῖς
3761 794 3890 861 περὶ

2315 881 2449 935 Θεοῦ
2494 883 2787 953 ὑπολήψεσι
2828 883 3206 937 καταπίπτειν.
3246 882 3449 935 Οὑκοῦν
3477 884 3563 935 ἵνα
3590 882 3653 934 τὸ
3675 883 3889 952 ἐξαίρε-

2313 989 2404 1025 τον
2439 973 2627 1043 ἰδίωμα
2661 974 2753 1027 τοῦ
2798 974 2932 1028 Θεοῦ
2967 974 3296 1044 ὲπιγνῶμεν,
3339 973 3761 1044 ἀπαγορεὺομεν
3798 975 3889 1027 ἀλ-

2314 1063 2493 1133 λήλοις
2543 1066 2599 1117 ὲν
2630 1068 2739 1127 τοῖς
2764 1067 2889 1136 περὶ
2919 1064 3052 1118 Θεοῦ
3092 1065 3287 1133 λόγοις,
3322 1066 3394 1135 μὴ
3428 1068 3767 1134 καταφέρειν
3796 1067 3891 1127 τὰς

2313 1156 2549 1220 διανοίας
2588 1156 2697 1227 (66)
2729 1160 2806 1220 είς
2842 1158 2876 1211 ἀ
2920 1158 2993 1229 μὴ
3028 1158 3127 1219 δεῖ,
3165 1159 3251 1211 ἵνα
3305 1159 3508 1228 μήποτε
3544 1156 3808 1225 οἰηθῶσιν
3838 1156 3891 1209 ἓν

2313 1251 2419 1304 τῶν
2452 1250 2727 1322 φθαρτῶν.
2760 1250 2790 1320 ἢ
2831 1251 2885 1302 ἓν
2922 1251 3026 1303 τῶν
3061 1250 3287 1318 ὁρατῶν,
3323 1249 3353 1321 ἢ
3389 1250 3444 1301 ἓν
3472 1250 3577 1302 τῶν
3610 1250 3892 1318 γεννητῶν

2314 1347 2402 1399 τὸν
2432 1346 2560 1399 Θεὸν
2608 1344 2871 1415 ὑπάρχειν
2919 1345 2965 1395 oi
2998 1342 3289 1415 ἄνθρωποι.
3333 1344 3494 1395 Ὥστε
3547 1344 3636 1396 διὰ
3687 1341 3892 1395 τούτων

2315 1454 2377 1505 γε
2420 1436 2534 1506 (67)
2589 1436 2843 1489 ἁπάντων
2891 1432 2998 1487 τῶν
3057 1434 3519 1506 ἀπηγορευμένων
3581 1436 3888 1505 ὀνομάτων,

2313 1530 2472 1581 οἱονεὶ
2503 1527 2811 1599 ἀπάρνησίς
2854 1526 2937 1590 τίς
2979 1526 3093 1577 ἐστι
3142 1524 3234 1578 τοῦ
3266 1525 3566 1597 ἀλλοτρίου,
3604 1526 3895 1597 διαρθρου-

2320 1622 2483 1691 μένης
2506 1621 2663 1691 ἡμῶν
2685 1622 2782 1689 τῆς
2815 1618 3067 1681 διανοίας,
3100 1616 3196 1669 καὶ
3224 1616 3319 1680 τὰς
3356 1620 3484 1687 περὶ
3530 1619 3645 1688 (68)
3677 1619 3789 1671 τῶν
3824 1620 3895 1690 μὴ

2320 1712 2625 1781 προσόντων
2668 1709 2814 1781 αὑτῷ
2862 1708 3158 1779 ὑπολήψεις
3222 1708 3637 1780 ἀποτιθεμένης.
3697 1711 3893 1771 Πάλιν,

2320 1801 2517 1868 ἀγαθὸν
2557 1800 2785 1871 λέγομεν
2829 1801 2917 1853 τὸν
2947 1800 3098 1865 Θεὸν,
3136 1799 3229 1851 καὶ
3250 1798 3473 1859 δίκαιον,
3505 1802 3595 1852 καὶ
3638 1795 3889 1872 δημιουρὲ

2320 1892 2413 1961 γὸν
2436 1932 2449 1952 ,
2480 1893 2572 1945 καὶ⁷
2607 1894 2819 1965 κριτὴν,
2850 1894 2942 1946 καὶ
2970 1892 3104 1947 ἄλλα
3124 1893 3221 1945 ὅσα
3254 1890 3494 1945 τοιαῦτα.
3534 1893 3624 1954 Ὠς
3659 1889 3757 1945 οὖν
3788 1894 3895 1960 (69)

2320 1986 2407 2037 ἐπ’
2441 1984 2663 2037 ἐκείνων
2690 1984 2940 2056 ἁθέτησίν
2970 2002 3090 2038 τινα
3131 1985 3222 2039 καὶ
3253 1985 3623 2055 ἀπαγόρευσιν
3668 1984 3777 2036 τῶν
3810 1986 3897 2037 ἀλ-

2320 2076 2546 2147 λοτρίων
2606 2075 2699 2129 τοῦ
2749 2075 2879 2129 Θεοῦ
2945 2078 3237 2147 ἐσήμαινον
3273 2079 3328 2130 αἱ
3386 2078 3582 2146 φωναὶ,
3616 2077 3797 2139 οὕτως
3826 2080 3897 2128 ὲν-

2322 2171 2493 2224 ταῦθα
2550 2171 2698 2223 θέσιν
2742 2171 2835 2222 καὶ
2886 2170 3117 2238 ὓπαρξιν
3164 2173 3271 2223 τῶν
3301 2173 3513 2225 οἰκείων
3546 2172 3625 2242 τῷ
3655 2172 3778 2242 Θεῷ
3809 2176 3896 2226 καὶ

2324 2263 2641 2335 πρεπόντως
2666 2261 2792 2331 περὶ
2816 2260 2973 2313 αὑτὸν
2996 2261 3376 2333 θεωρουμένων
3403 2266 3892 2335 ἀποσημαίνουσιν.

2335 2357 2430 2409 Ἐκ
2477 2356 2654 2408 τοίνυν
2714 2354 2971 2423 ἐκατέρου
3019 2352 3111 2404 τοῦ
3166 2353 3335 2415 εἴδους
3381 2354 3485 2405 τῶν
3512 2357 3900 2426 προσηγοριῶν

2324 2448 2704 2517 διδασκόμεθα,
2735 2448 2766 2517 ἦ
2802 2444 3056 2516 περὶτῶν
3090 2446 3414 2517 προσόντων,
3458 2447 3538 2498 ὅτι
3584 2449 3897 2517 πρόσεστιν,

2326 2540 2513 2609 ἢπερὶ
2563 2540 2670 2590 τῶν
2707 2541 2778 2609 μὴ
2808 2541 3147 2609 προσόντων,
3180 2539 3260 2590 ὅτι
3297 2539 3370 2609 μὴ
3413 2539 3696 2609 πῴσεστι.
3744 2540 3817 2591 Τό
3841 2557 3898 2608 γε

2331 2632 2434 2703 μὴν
2456 2630 2788 2699 ἀγέννητον
2815 2632 2918 2682 τῶν
2946 2631 3018 2699 μὴ
3049 2630 3355 2700 προσόντων
3388 2632 3503 2683 ἐστὶ
3533 2630 3897 2700 σημαντικόν

2326 2723 2475 2795 δηλοί
2511 2720 2616 2792 γὰρ
2640 2720 2699 2771 τὸ
2748 2719 2820 2790 μὴ
2848 2723 3125 2790 προσεῖναι
3166 2720 3415 2788 γέννησιν
3462 2721 3537 2791 τῷ
3569 2721 3711 2790 Θεῷ.
3738 2721 3901 2774 Τοῦτο

2326 2815 2382 2869 δὲ
2413 2815 2519 2867 εἴτε
2550 2810 2922 2882 ἀφαιρετικὸν.
2962 2810 3068 2861 εἴτε
3091 2811 3519 2880 ἀπαγορευτικὸν
3540 2813 3573 2881 ἦ
3608 2813 3900 2881 ἀρνητικὸν

2326 2924 2378 2960 τι
2426 2903 2663 2958 τοιοῦτον
2697 2899 2935 2972 βούλοιτό
2990 2916 3072 2962 τις
3117 2899 3539 2969 προσαγορεύειν
3564 2941 3578 2962 ,
3608 2902 3673 2952 οὑ
3710 2902 3900 2954 διοισό-

2332 2997 2491 3068 μεθα.
2520 2998 2641 3049 Ὅτι
2687 2994 2745 3046 δὲ
2770 2995 2831 3046 οὐ
2859 2991 2964 3045 τῶν
2992 2991 3344 3061 ὑπαρχόντων
3374 2988 3450 3041 τῶ
3482 2989 3602 3059 Θεῷ
3638 3007 3899 3058 σημαινει-

663 3079 935 3149 appellare
975 3079 1222 3140 voluerit,
1258 3080 1395 3132 haud
1427 3083 1832 3135 conteudcmus.
1870 3082 2021 3149 Quod
2048 3096 2224 3139 autem

2330 3090 2423 3141 κόν
2482 3089 2596 3140 ἐστι
2642 3084 2703 3137 τὸ
2738 3084 3058 3153 ἀγέννητον,
3096 3082 3407 3153 ἀρκούντως
3435 3078 3587 3151 οἶμαι
3615 3082 3900 3153 δηλοῦσθαι

662 3172 791 3225 nihil
823 3187 1010 3225 eorum
1047 3186 1166 3239 quae
1199 3171 1251 3225 iu
1302 3171 1408 3227 Deo
1442 3174 1623 3227 insunt
1671 3175 1941 3245 signiﬁcet
2000 3177 2225 3246 ingeniti

661 3279 786 3340 vox,
822 3279 884 3318 ex
915 3264 1025 3331 jam
1064 3264 1223 3318 dictis
1264 3266 1397 3318 satis
1437 3266 1765 3319 declaratum
1815 3282 1933 3321 esse
1972 3278 2118 3335 puto.
2155 3270 2224 3323 At

664 3355 960 3407 substantia
998 3370 1103 3407 non
1149 3363 1229 3407 est
1276 3355 1564 3424 quidquam
1611 3372 1798 3409 eorum
1846 3372 1964 3425 qua:
1996 3374 2100 3411 non
2133 3360 2228 3411 ad-

666 3452 792 3496 sunt
818 3462 832 3498 :
860 3443 957 3497 sed
993 3452 1077 3498 est
1125 3443 1296 3513 ipsum
1351 3460 1461 3497 esse
1499 3443 1613 3509 Dei,
1663 3446 1803 3512 quod
1842 3445 1981 3497 inter
2018 3458 2079 3499 ea
2108 3460 2226 3512 qua:

668 3548 772 3596 non
792 3545 935 3599 sunt,
961 3550 1337 3601 annumerarc,
1366 3550 1587 3589 summm
1615 3535 1860 3589 amentim
1884 3544 1983 3591 est.
2016 3534 2225 3590 Etenim

673 3628 717 3682 si
753 3629 1051 3681 substantia
1098 3630 1148 3682 in
1196 3643 1421 3681 numero
1451 3644 1634 3682 eorum
1674 3645 1793 3698 qua:
1829 3644 1935 3683 non
1973 3639 2116 3691 sunt,
2151 3629 2221 3681 lo-

667 3728 840 3784 catur,
867 3718 1031 3771 multo
1051 3719 1223 3771 minus
1243 3719 1380 3770 aliud
1410 3719 1676 3787 quidpiam
1702 3736 1885 3774 eorum
1908 3738 2024 3791 qua:
2043 3722 2107 3776 de
2127 3721 2233 3775 Deo

668 3812 938 3877 dicuntur,
972 3810 1151 3865 fuerit.
1192 3810 1621 3866 Demonstratum
1658 3820 1740 3866 est
1794 3822 1993 3877 autem,
2025 3813 2232 3883 ingeni—

669 3906 705 3955 ti
732 3919 914 3957 vocem
940 3905 1075 3958 inter
1092 3920 1152 3958 ea
1174 3920 1291 3973 qua:
1310 3922 1411 3958 non
1444 3905 1654 3970 adsunt,
1682 3906 1983 3968 numerari;
2011 3908 2231 3959 mendax

669 4002 752 4048 est
786 3994 948 4061 igitur
975 3994 1064 4062 qui
1100 3996 1197 4048 huc
1220 4012 1345 4049 voce
1370 3998 1720 4050 substantiam
1753 3985 2039 4063 significari
2065 4006 2232 4063 putat.

745 4086 832 4139 Η.
870 4085 943 4139 At
975 4102 1103 4139 vero
1137 4088 1432 4141 Eunomius
1467 4088 1666 4155 aliquid
1702 4091 1765 4141 de
1793 4090 1899 4141 Deo
1941 4090 2230 4155 secundum

674 4180 1027 4249 privationem
1070 4180 1174 4234 dici
1204 4180 1580 4249 mgrelerens,
1615 4191 1866 4247 tanquam
1895 4183 1937 4235 si
1975 4198 2058 4235 res
2088 4190 2234 4235 esset

676 4270 927 4335 absurda,
972 4271 1038 4325 ad
1078 4270 1465 4341 religiosiorem
1500 4269 1706 4324 scilicet
1748 4268 2073 4323 sententiam
2105 4284 2235 4321 cou-

752 4449 860 4519 (66)
900 4450 1168 4518 Scriptum
1216 4451 1269 4503 in
1324 4452 1565 4519 margine
1601 4451 1732 4519 Reg.
1782 4451 1955 4517 quarti
2006 4448 2235 4511 ἐννοίας.

680 4520 875 4575 Statim
912 4523 1051 4575 idem
1078 4522 1246 4576 codex
1285 4523 1490 4591 μήποτε
1518 4522 1787 4591 οἰηθῶμεν
1817 4523 1908 4573 sed
1942 4521 2069 4574 illud
2100 4520 2240 4587 quod

682 4592 840 4661 paulo
865 4603 985 4660 post
1007 4592 1221 4661 legitur,
1249 4592 1297 4644 οἱ
1323 4592 1618 4663 ἄνθρωποι,
1652 4608 1716 4644 eo
1764 4592 1816 4644 iu
1864 4593 2050 4646 codice
2084 4592 2243 4645 omit-

683 4674 830 4715 llllll‘.

754 4732 863 4800 (67)
898 4731 1096 4786 Vocula
1128 4748 1190 4799 γε
1224 4732 1273 4785 in
1307 4734 1494 4798 majori
1529 4744 1680 4801 parte
1711 4746 1841 4785 mss.
1872 4732 2044 4785 deest.

756 4803 864 4872 (68)
900 4801 1303 4867 111ιιι1,καὶτὰς
1337 4803 1483 4871 περί,
1520 4814 1649 4868 etc.,
1688 4804 1752 4855 ad
1799 4804 2017 4855 verbum
2048 4804 2125 4855 sic
2162 4802 2244 4853 in-

688 4876 1098 4937 terpretabere:
1148 4885 1193 4927 et
1227 4876 1435 4937 deponit
1490 4874 1753 4939 Opinione:
1788 4889 1959 4926 rerum
1988 4890 2103 4941 qua'
2137 4872 2244 4925 Deo

687 4962 788 4998 non
812 4946 1024 4997 adsunt.

760 5014 871 5082 (69)
899 5014 1019 5067 llaec
1038 5013 1222 5073 verba,
1253 5015 1337 5077 Ὠς
1357 5012 1470 5078 οὖν,
1502 5025 1630 5075 etc.,
1661 5016 1735 5067 sic
1760 5015 1955 5067 dehcnt
1983 5013 2200 5079 intelligi
2229 5029 2241 5063 :

693 5085 1145 5153 quemadmodum
1186 5088 1397 5139 nomina
1432 5088 1716 5153 privativa.
1743 5087 1917 5152 qualia
1952 5096 2075 5136 sum
2106 5084 2245 5135 indi-

687 5154 909 5216 visibile,
932 5154 1339 5223 incorruptibile.
1368 5168 1495 5215 etc..
1532 5167 1811 5209 removent
1835 5170 1861 5206 a
1902 5156 2009 5207 Deo
2040 5155 2243 5222 cogita-

691 5228 867 5279 tiones
890 5225 1148 5290 quasdam
1193 5242 1207 5279 :
1247 5228 1317 5277 ita
1366 5243 1427 5281 ea
1463 5227 1675 5279 nomina
1728 5241 1847 5292 qua:
1892 5226 2245 5289 privationem

691 5311 796 5349 non
828 5294 1138 5361 praeferunt,
1168 5298 1307 5361 quod
1326 5312 1488 5363 genus
1512 5305 1634 5349 sunt
1669 5298 1854 5357 bonus,
1878 5296 2079 5361 justus,
2109 5311 2250 5347 crea-

693 5376 796 5422 tor.
826 5375 956 5421 etc..
986 5365 1269 5431 positivum
1298 5367 1546 5431 quiddam
1582 5368 1631 5418 iu
1659 5368 1764 5418 Deo
1799 5367 2105 5419 ostendunt.

765 5434 877 5505 (70)
913 5434 1047 5506 ξ)ίῇιὶ
1081 5435 1241 5506 σχολή
1278 5439 1328 5504 γ’
1354 5436 1437 5490 ἄν.
1483 5437 1610 5505 Ileg.
1642 5438 1833 5489 tertius
1871 5435 2030 5505 σχολή
2068 5454 2129 5502 γε
2163 5435 2245 5487 ἀν.

695 5505 884 5576 ίῖοιιωιΔ
907 5504 1061 5557 Colh.
1093 5504 1468 5561 cum—duobus
1501 5504 1677 5573 Regiis
1726 5506 1907 5576 σχολῇ.
1947 5507 2096 5560 bene.
2143 5506 2252 5559 Hoc

698 5576 829 5627 dicit
863 5574 1097 5629 Ba>ilius
1130 5595 1141 5628 :
1178 5577 1233 5630 Si
1269 5578 1565 5631 substantia
1604 5574 1814 5630 locatur
1862 5574 2005 5629 inter
2040 5593 2100 5629 ca
2132 5591 2251 5644 qua:

700 5646 751 5695 in
790 5644 895 5699 Deo
925 5647 1150 5713 positiva
1197 5662 1299 5701 non
1355 5658 1480 5700 sunt
1537 5662 1551 5699 :
1616 5648 1773 5715 longe
1838 5647 2011 5698 minus
2040 5648 2251 5712 quidvis

699 5717 841 5769 aliud
867 5730 1074 5783 eorum,
1109 5733 1225 5785 qua?
1273 5718 1336 5772 de
1393 5718 1497 5769 Deo
1558 5720 1939 5781 nrmdicautur,
1989 5718 2252 5771 locabitur

2329 3182 2440 3241 τοῖς
2464 3178 2790 3249 εἰρημένοις.
2828 3176 2891 3228 Ἠ
2913 3175 2967 3227 δὲ
3012 3175 3168 3227 οὑσία
3196 3175 3291 3242 οὑχ
3324 3174 3381 3225 ἓν
3409 3191 3459 3226 τι
3481 3173 3590 3226 τῶν
3624 3174 3701 3245 μὴ
3739 3192 3900 3246 προσο

2328 3271 2495 3324 όντων
2532 3270 2698 3331 ἐστὶν,
2730 3268 2843 3321 ἀλλ’
2875 3268 3004 3320 αὑτὸ
3052 3267 3111 3320 τὸ
3156 3263 3304 3320 εἶναι
3331 3266 3422 3317 τοῦ
3466 3266 3631 3329 Θεοῦ,
3666 3268 3805 3339 ὅπερ
3850 3271 3901 3320 ὲν

2330 3366 2442 3426 τοῖς
2475 3363 2547 3432 μὴ
2582 3357 2699 3415 οὖσι
2742 3360 3096 3429 καταριθμεῖν
3148 3360 3444 3430 παρανοίας
3475 3361 3594 3413 ἐστὶ
3639 3360 3740 3429 τῆς
3768 3362 3899 3413 ἀνω-

2331 3453 2497 3504 τάτω.
2551 3453 2611 3503 Ei
2642 3450 2748 3519 γὰρ
2785 3452 2817 3517 ἡ
2864 3450 3020 3500 οὐσία
3062 3451 3117 3499 ὲν
3168 3452 3279 3510 τοῖς
3324 3450 3397 3519 μὴ
3440 3446 3580 3511 οὖσι,
3640 3452 3804 3521 σχολῇ
3844 3469 3899 3518 γε

2332 3541 2398 3595 ἂν
2430 3541 2538 3611 (70)
2574 3541 2699 3595 ἀλλο
2725 3557 2776 3593 τι
2811 3541 2918 3591 τῶν
2941 3538 3243 3608 λεγομένων
3272 3542 3353 3610 εἴη
3403 3541 3683 3595 Δέδεικται
3715 3544 3771 3596 δὲ
3800 3544 3898 3612 ἄρα

2336 3633 2397 3687 τὸ
2429 3634 2717 3702 ἀγέννητον
2752 3634 2862 3694 τοῖς
2892 3630 2963 3701 μὴ
3002 3629 3259 3701 προσοῦσι
3299 3635 3729 3700 συντεταγμένον
3760 3637 3899 3706 (71)⁸

2338 3726 2477 3780 ὥστε
2504 3728 2705 3798 ψευδὴς
2740 3728 2767 3779 ό
2798 3725 3076 3795 τιθέμενος
3098 3724 3194 3796 τῆς
3223 3724 3408 3789 οὐσίας
3439 3724 3612 3794 αὐτῆς
3642 3722 3782 3777 εἶναι
3814 3729 3901 3797 τὴν

2342 3821 2522 3891 φωνὴν
2550 3820 2752 3887 ταύτην
2772 3819 3090 3890 δηλωτικήν.

2409 4079 2496 4133 Η.
2537 4080 2595 4133 Ὀ
2623 4079 2700 4144 δὲ,
2735 4080 2808 4144 ὡς
2836 4080 2920 4132 ἐπ’
2962 4078 3142 4150 ἀτόπῳ
3167 4080 3243 4150 τῷ
3280 4079 3420 4132 κατά
3458 4081 3716 4153 στέρησίν
3750 4100 3801 4135 τι
3825 4082 3899 4135 λέ-

2339 4174 2529 4242 γεσθαι
2557 4174 2682 4244 περὶ
2728 4173 2861 4226 Θεοῦ
2906 4173 3299 4242 δυσχεραίνων,
3347 4173 3438 4225 ἐπὶ
3482 4173 3542 4226 τὸ
3594 4176 3899 4228 εὑσεεὲστε-

2340 4283 2433 4337 ρον
2459 4265 2569 4335 (72)
2603 4265 2764 4333 δῆθεν
2805 4265 3169 4333 καταφεύγει,
3194 4265 3254 4317 τὸ
3280 4268 3357 4330 είς
3390 4268 3557 4337 αὐτὴν
3594 4268 3695 4337 τὴν
3726 4270 3899 4319 οὐσίαν

2346 4457 2487 4502 .ntcr
2512 4462 2573 4501 ea
2608 4463 2725 4517 qua;
2780 4450 3003 4518 positiva
3037 4460 3163 4505 sunt
3211 4450 3265 4503 in
3322 4448 3450 4502 Deo.
3507 4448 3722 4503 Etenim
3778 4451 3897 4503 nihil

2344 4533 2495 4585 aeque
2529 4520 2769 4588 designat
2825 4521 2875 4573 iu
2928 4520 3033 4573 Deo
3083 4520 3366 4589 positivum
3416 4520 3697 4586 quiddam,
3752 4532 3899 4586 alque

2344 4590 2643 4643 substantia
2679 4592 2818 4656 ipsa,
2853 4606 3013 4658 quam
3049 4594 3286 4658 omnium
3313 4588 3483 4641 basim
3513 4608 3634 4643 esse
3671 4591 3895 4645 co'nstat.

2344 4660 2419 4713 Ex
2450 4660 2643 4725 quibus
2663 4660 2837 4727 colligi
2871 4661 3044 4717 debet,
3083 4657 3355 4729 Basilium,
3391 4670 3448 4712 ut
3476 4661 3609 4714 alias
3637 4677 3808 4729 sa‘pe,
3840 4664 3897 4712 ita

2346 4731 2433 4783 hic
2457 4730 2808 4793 ὲλλειπτικῶς
2840 4730 3071 4796 locutum
3126 4728 3315 4793 fuisse,
3353 4730 3431 4783 sic
3474 4744 3529 4783 ut
3559 4742 3680 4796 post
3720 4728 3896 4785 Vocem

2345 4800 2430 4868 εῐη
2463 4802 2809 4868 subaudiatur
2838 4802 2893 4851 ὲν
2921 4794 3057 4859 οὖσι,
3089 4800 3141 4850 in
3194 4794 3722 4865 exstantibusfquas
3774 4803 3897 4853 duas

2349 4867 2506 4923 voces
2541 4867 2759 4923 Latinas
2818 4870 2867 4921 in
2932 4872 3372 4937 interpretatione
3428 4887 3643 4939 quoque
3703 4871 3896 4923 subau-

2346 4939 2565 4992 diendas
2592 4955 2711 4991 esse
2734 4954 2945 4993 moueo.

2418 5010 2528 5078 (7-1)
2558 5011 2694 5063 Editi
2719 5012 2775 5064 ὲν
2797 5013 2908 5074 τοῖς
2938 5010 3008 5080 μὴ
3039 5010 3299 5083 προσοῦσι
3330 5010 3893 5079 τεταγμένονΑῑηιεε.

2349 5078 2585 5149 plerique
2621 5095 2807 5134 omnes
2842 5096 2897 5134 ut
2923 5078 2972 5134 iu
3000 5078 3273 5135 contextu.

2420 5150 2530 5221 (72)
2565 5150 2853 5221 lnterpres,
2878 5154 2989 5219 qui,
3015 5163 3068 5204 ut
3103 5161 3252 5218 puto,
3288 5150 3389 5204 sibi
3435 5151 3767 5221 persuadere
3799 5166 3893 5204 non

2349 5232 2579 5288 poterat,
2616 5223 2907 5290 quidquam
2940 5225 3023 5290 pie
3057 5224 3122 5273 ab
3154 5221 3414 5274 Eunomio
3455 5220 3659 5271 dictum
3717 5223 3893 5279 fuisse.

2350 5293 2449 5344 sibi
2484 5294 2631 5345 visus
2658 5304 2738 5364 est
2784 5293 2957 5364 legere
3000 5292 3092 5364 ἐπὶ
3135 5294 3196 5344 τὸ
3239 5290 3893 5364 ἀσεϐέστερονηιιεχοιιὶιιι

2350 5364 2512 5417 vertit
2554 5378 2567 5415 :
2603 5363 2670 5415 ad
2702 5360 3038 5427 aliud‘mngis
3068 5363 3223 5427 impie
3250 5363 3442 5413 dictum
3472 5362 3687 5428 refugit.
3728 5360 3895 5413 Sedet

2350 5432 2475 5483 editi
2501 5444 2555 5485 et
2590 5450 2714 5486 mss.
2746 5434 2936 5486 habent
2969 5434 3059 5485 ἐπὶ
3085 5433 3144 5484 τὸ
3177 5431 3574 5500 εὐσεϐέστερον,
3606 5433 3679 5484 ad
3709 5430 3894 5497 aliquid

2350 5504 2516 5570 magis
2568 5503 2711 5566 pium
2765 5503 3042 5571 confugit:
3094 5505 3232 5571 quod
3268 5503 3470 5571 irouire
3515 5502 3717 5554 dictmn
3767 5514 3891 5555 esse.

2353 5588 2511 5623 nemo
2540 5590 2644 5624 non
2670 5574 2829 5624 videt.
2872 5570 2979 5623 Hoc
3011 5574 3125 5639 ipso
3159 5574 3210 5625 in
3260 5573 3375 5622 loco
3403 5570 3567 5623 editio
3601 5571 3771 5623 Paris.
3810 5584 3895 5621 και

2351 5644 2629 5713 ταφεὺγει,
2654 5644 2745 5695 καὶ
2765 5640 2930 5713 αὐτὴν
2952 5643 3045 5712 τὴν
3065 5642 3246 5713 οὐσίαν
3273 5639 3477 5713 τίθεται
3503 5642 3571 5695 τὸ
3596 5641 3891 5713 ἀγέννητον.

2356 5712 2529 5769 Editio
2570 5714 2699 5767 Ven.
2729 5711 3080 5781 καταφεύγει,
3108 5712 3181 5783 τῷ
3208 5712 3397 5783 αὑτήν,
3429 5724 3559 5775 etc.,
3599 5724 3656 5765 ut
3711 5713 3760 5763 in
3800 5711 3896 5764 edi-
