4084 6318
172 421 276 477 537

1250 405 1613 463 ADVERSUS
1652 400 2013 459 EUNOMIUM
2054 402 2180 455 [ΑΒ.
2222 402 2263 453 1.

3268 402 3366 454 55S

165 532 411 590 τίθεσθαι
436 532 496 585 τὸ
526 534 836 601 ἀγέννητον,
865 527 957 581 καὶ
979 527 1221 594 συνάγων
1253 522 1427 592 ἑαυτῷ
1452 523 1542 576 τὸν
1565 523 1719 590 λόγον

1842 519 1991 588 ’ugit;
2018 532 2082 571 eo
2109 516 2387 577 nimirum,
2419 522 2474 565 ut
2514 516 2563 565 in
2602 518 2713 582 ipsa
2751 514 3048 570 substantia
3077 513 3371 579 ingentium

168 623 311 695 πρὸς
334 624 394 677 τὸ
414 621 724 692 κεφάλαιον,
756 615 897 670 οὕτω
917 617 1136 685 γράφει’

244 798 403 853 ΕΥΝ.
436 793 641 849 Οὐκοῦν
662 834 678 861 ,
711 795 758 846 εἰ
790 792 925 863 μήτε
963 794 1079 845 κατ’
1113 793 1385 854 ἐπίνοιαν,
1419 792 1551 862 μήτε
1588 790 1726 846 κατὰ

170 889 461 961 στέρησιν,
495 886 630 957 μήτε
669 887 724 939 έν
766 884 917 956 μέρει
945 883 1174 957 (ἀμερὴς
1200 882 1350 953 γὰρ),
1386 884 1521 952 μήτε
1552 886 1609 937 ὲν
1633 884 1729 938 αὑ-

168 982 251 1052 τῷ
280 982 352 1044 ὼς
374 981 553 1051 ἕτερον
585 978 805 1050 (ἁπλοῦς
829 976 980 1051 γὰρ),
1012 982 1149 1051 μήτε
1191 978 1319 1049 παρ’
1350 975 1508 1033 αὑτὸν
1544 976 1728 1049 ἕτερον

171 1069 278 1144 (εἷς
304 1074 406 1142 γὰρ
446 1074 539 1125 καὶ
588 1071 743 1143 μόνος
781 1071 1126 1143 ἀγέννητος),
1174 1069 1304 1123 αὐτὸ
1337 1069 1401 1125 ἂν
1444 1068 1527 1139 εἴη
1577 1070 1729 1122 οὐσία

166 1168 489 1236 ἀγέννητος.

249 1345 396 1400 ΒΑΣ.
429 1347 636 1414 Ἤγαγε
664 1345 753 1397 τὸν
780 1343 936 1412 λόγον
979 1342 1061 1413 ἐφ’
1091 1342 1126 1397 ἀ
1158 1343 1433 1409 ἐϐούλετο,
1473 1343 1563 1395 καὶ
1595 1358 1730 1394 παν-

169 1438 401 1507 ταχόθεν
441 1437 503 1491 τὸ
554 1436 846 1506 ἀγέννητον
884 1437 1235 1501 ἀποσπάσας,
1281 1440 1359 1499 εἰς
1408 1436 1575 1506 αὐτὴν
1620 1434 1730 1504 (75)

180 1532 495 1600 συνήλασεν,
543 1528 617 1591 ὡς
673 1527 828 1598 ᾢετο,
862 1529 955 1601 τὴν
982 1533 1200 1586 ούσίαν·
1260 1528 1426 1583 εἰπὼν
1472 1532 1597 1602 περί
1638 1529 1730 1583 τοῦ

173 1620 316 1673 Θεοῦ
355 1620 459 1674 τῶν
499 1618 654 1683 ὅλων,
692 1620 772 1673 ὅτι
817 1622 946 1675 αὐτὸ
989 1624 1053 1677 ἂν
1103 1623 1186 1692 εἰη
1231 1620 1384 1674 οὐσία
1422 1621 1728 1693 ἀγέννητος.

186 1711 334 1780 Ἐγὼ
356 1713 411 1765 δὲ
455 1712 551 1783 τὴν
592 1712 689 1783 μὲν
740 1713 924 1767 υύσίαν
954 1714 1045 1768 τοῦ
1096 1711 1228 1765 Θεοῦ
1278 1713 1564 1784 ἀγέννητον
1597 1709 1733 1766 εἶναι

172 1806 275 1859 καὶ
291 1805 448 1869 αὐτὸς
480 1804 543 1859 ἀν
573 1806 756 1877 φαίην,
785 1807 844 1859 ού
878 1806 981 1877 μὴν
1008 1806 1067 1858 τὸ
1089 1804 1376 1876 ἀγέννητον
1400 1805 1497 1875 τὴν
1525 1805 1729 1857 οὐσίαν.

176 1899 413 1952 Ἔπειτα
446 1898 625 1968 μέντοι
646 1899 880 1967 κάκείνῳ
904 1898 1186 1969 προσέχειν
1211 1898 1376 1964 ἄξιον,
1409 1899 1488 1950 ὅτι
1518 1898 1578 1950 τὸ
1604 1899 1736 1968 ἀμε-
1768 1886 1809 1939 Β

175 1991 273 2061 ρὲς
301 1990 391 2041 καί
417 1988 476 2041 τὸ
503 1984 723 2051 ἁπλοῦν,
749 1989 939 2042 ταυτὸν
980 1990 1217 2061 ὑπάρχον
1240 1990 1378 2044 κατά
1411 1989 1505 2059 τὴν
1534 1988 1737 2041 ἔννοιαν

174 2080 407 2151 (ἀμερές
432 2096 490 2133 τε
520 2080 629 2150 (74)
658 2081 765 2153 γάρ
802 2083 915 2134 ὲστι
941 2080 1001 2134 τὸ
1031 2081 1104 2153 μὴ
1136 2085 1199 2135 ὲκ
1241 2079 1420 2151 μερῶν
1452 2080 1739 2148 συγκείμε-

172 2187 289 2236 νον,
320 2172 411 2224 xei.
443 2172 644 2225 ἁπλοῦν
674 2172 929 2236 ὡσαύτως
954 2172 1013 2225 τὸ
1040 2173 1113 2243 μὴ
1160 2173 1223 2222 ὲκ
1252 2170 1509 2223 πλειόνων
1531 2170 1627 2240 τὴν
1655 2168 1740 2221 σύ-

174 2278 370 2315 στασιν
417 2262 579 2332 ἕχον),
619 2258 769 2324 οὗτος
817 2262 892 2323 ὡς
913 2260 1234 2329 διαφέροντα
1277 2257 1354 2329 τῷ
1401 2255 1739 2327 ὑποκειμένῳ

172 2351 444 2421 διίστησιν
470 2354 562 2405 ἀπ’
586 2351 847 2420 ἀλλήλων.
881 2345 1013 2401 Εἶτα
1037 2348 1365 2421 ἀπαγορεύει
1399 2348 1471 2419 μὴ
1501 2348 1607 2400 δεῖν
1638 2365 1737 2401 κα-

173 2444 497 2515 τιμερίζειν
525 2445 613 2497 τὸν
647 2443 798 2505 Θεὸν,
832 2442 965 2513 μηδὲ
1004 2441 1062 2495 τὸ
1098 2441 1196 2512 μέν
1236 2459 1287 2493 τι
1319 2439 1481 2493 αὑτοῦ
1516 2439 1741 2508 ἀγέννη-

173 2553 295 2597 τον,
319 2535 380 2588 τὸ
410 2535 465 2589 δὲ
490 2534 741 2605 γεννητὸν
785 2533 1138 2586 ὑποπτεύειν·
1190 2532 1312 2603 μηδ’
1355 2527 1419 2584 αὖ
1466 2531 1741 2599 ἐγκεῖσθαι

174 2628 258 2691 ὡς
285 2627 467 2698 ἓτερον
488 2628 543 2680 ὲν
573 2626 742 2696 ἑτέρῳ
771 2625 1006 2695 νομίζειν
1027 2623 1174 2693 αύτῷ
1201 2624 1257 2676 τὸ
1284 2623 1591 2695 ἀγέννητον.
1612 2622 1743 2675 Τού-

174 2735 293 2769 των
330 2716 386 2769 δὲ
420 2716 479 2769 τὸ
524 2716 746 2787 μάταιον
794 2714 1013 2769 ἀποκνῶ
1043 2714 1356 2785 διελέγχειν.
1406 2716 1587 2767 Ἐοικε
1636 2714 1743 2785 γάρ

178 2824 301 2869 πως
324 2806 787 2877 συνεξομοιοῦσθαι
812 2806 885 2877 τῷ
912 2806 1345 2876 ματαιολογοῦντι
1372 2808 1400 2859 ὁ
1426 2805 1737 2872 ἀντιλέγων.

177 2897 405 2966 Διόπερ,
430 2892 603 2966 οἶμαι,
629 2900 657 2949 ό
694 2897 855 2964 σοφὸς
889 2899 1172 2966 παρεγγυᾷ
1209 2895 1455 2964 Σολομὼν
1505 2896 1578 2966 μὴ
1614 2897 1743 2948 ἀπο-

179 2986 473 3057 κρίνασθαι
504 2988 613 3056 (75)
638 2988 713 3055 τῷ
748 2986 937 3059 ἄφρονι
965 2988 1104 3040 κατά
1134 2988 1228 3057 τὴν
1266 2987 1476 3039 ὲκείιου
1509 2987 1745 3056 ἀφροσύ-

178 3095 302 3146 νην.
343 3076 478 3141 Τοὺς
503 3078 608 3150 γὰρ
639 3076 747 3148 (76)
783 3078 919 3149 μήτε
952 3078 1267 3148 εἰρημένους
1300 3078 1434 3147 μήτε
1461 3076 1745 3147 λεχθέντας

180 3170 318 3223 ποτὲ
344 3170 529 3238 λόγους
553 3169 655 3222 ὑπὸ
679 3168 939 3240 διαίρεσιν
972 3169 1196 3240 ἢγαγεν,
1237 3167 1322 3221 ἴνα
1363 3167 1489 3242 δόξῃ
1516 3170 1572 3220 ὲν
1616 3167 1743 3219 πολ-

177 3260 298 3322 λοῖς
340 3261 450 3321 τοῖς
494 3259 998 3329 ἀπηριθμημένοις,
1035 3258 1156 3312 καθ’
1196 3258 1291 3311 ἕνα
1333 3257 1490 3329 μόνον
1524 3258 1742 3329 τρόπον,

175 3352 401 3413 οἰκείως
432 3350 761 3421 ἐξευρίσκειν
789 3351 1075 3419 λεγόμενον
1117 3351 1178 3403 τὸ
1231 3350 1537 3421 ἀγέννητον.
1588 3352 1744 3420 Ἡμῖν

176 3444 243 3497 δὲ
293 3444 419 3505 ἴσως
465 3441 703 3505 πλείονος
753 3440 855 3493 ἔδει
893 3440 1049 3508 λόγου
1095 3440 1229 3511 πρὸς
1260 3441 1357 3512 τὴν
1398 3440 1489 3492 τοῦ
1524 3440 1745 3509 ψεύδους

180 3534 550 3605 παράστασιν,
588 3532 682 3585 καὶ
719 3533 853 3603 πρὸς
884 3531 943 3584 τὸ
968 3532 1165 3595 δεῖξαι,
1193 3533 1275 3584 ὅτι
1317 3548 1420 3603 περ
1464 3532 1561 3585 οὑκ
1592 3534 1747 3586 οὐσία

178 3626 323 3678 Θεοῦ
346 3627 402 3680 τὸ
427 3626 737 3697 ἀγέννητον,
765 3624 920 3696 εἴπερ
946 3624 1013 3677 τά
1038 3628 1094 3677 ὲν
1123 3628 1185 3696 τῇ
1213 3624 1470 3695 διαιρέσει
1500 3624 1626 3695 παρ’
1660 3626 1744 3677 αὑ·

178 3717 282 3769 τοῦ
314 3718 741 3789 ἀπηριθμημένα
793 3716 866 3787 μὴ
912 3716 1095 3786 σαφῶς
1140 3716 1506 3788 ἐξελήλεγκτο.
1536 3717 1595 3768 Εἰ
1642 3717 1748 3786 γὰρ

186 3808 427 3879 ἰσχυρῶς
472 3803 614 3878 εἶχεν
648 3812 675 3861 ό
714 3809 865 3878 λόγος
908 3808 1076 3879 αὐτῷ,
1106 3809 1185 3861 ὅτι
1216 3808 1337 3862 οὔτε
1369 3811 1486 3862 κατ’
1510 3809 1747 3865 ἐπίνοιαν

180 3898 313 3952 οὔτε
365 3900 500 3951 κατά
553 3900 805 3969 στέρησιν
830 3900 1160 3971 λαμϐάνεται
1200 3903 1259 3955 τὸ
1288 3904 1576 3974 ἀγέννητον
1596 3944 1609 3968 ,
1638 3904 1743 3957 οὐδ’

180 3991 333 4043 οὕτω
364 3990 460 4060 μὲν
484 3990 547 4042 ἂν
570 3992 783 4054 πάντως
805 3992 1119 4046 ἀκολουθίαν
1151 3990 1261 4065 εἶχε
1280 3995 1338 4048 τὸ
1364 3997 1742 4067 συναγόμενον.

182 4081 288 4144 Τίς
309 4081 416 4151 γάρ
444 4082 476 4151 ή
518 4080 751 4153 ἀνάγκη,
785 4082 887 4134 ὑπὸ
917 4082 972 4135 ἓν
1012 4084 1117 4137 τῶν
1152 4084 1615 4156 ἀπηριθμημένων
1651 4088 1747 4157 τὴν

183 4172 515 4242 ἀγεννησίαν
568 4175 781 4237 πεσεῖν;
822 4173 894 4225 Ού
957 4173 1061 4243 μὴν
1118 4174 1230 4227 ἀλλ’
1264 4175 1445 4246 ἐπειδὴ
1489 4178 1647 4240 αὐτὸς
1676 4177 1750 4241 ὼς

184 4260 497 4327 ἀναγκαίως
524 4260 860 4331 συνημμένον
885 4264 994 4323 τοῖς
1028 4262 1351 4331 προάγουσιν
1386 4263 1629 4332 ἐπιφέρει
1667 4260 1748 4326 τὸ,

185 4352 401 4405 Οὐκοῦν
427 4354 474 4403 εἰ
504 4354 611 4422 (77)
647 4357 780 4424 μήτε
820 4354 939 4407 κατ’
981 4354 1239 4441 ἐπίνοιαν,
1274 4356 1406 4425 μήτε
1447 4356 1586 4408 κατά
1632 4354 1749 4407 στέ-

190 4460 373 4515 ρησιν,
411 4445 544 4515 μήτε
599 4446 738 4498 κατὰ
776 4446 929 4500 ἀλλον
967 4446 1087 4499 τινὰ
1137 4446 1243 4500 τῶν
1288 4446 1752 4518 ἀπηριθμημένων

1823 610 2143 672 constituat;
2171 620 2586 673 sermonemque
2627 608 2677 658 in
2714 620 2976 661 summam
3029 602 3377 668 contrahens,

1825 702 1896 757 ita
1923 703 2105 757 scribit
2135 717 2147 752 :

1896 793 2027 849 Eua.
2069 792 2234 864 igitur
2268 792 2310 845 si
2346 803 2523 857 neque
2560 788 2852 843 secundum
2896 787 3234 859 concipiendi
3269 802 3382 841 mo-

1826 882 1975 946 dum,
2007 898 2179 951 neque
2208 880 2496 937 secundum
2540 879 2917 949 privationem.
2944 895 3116 946 neque
3144 881 3196 935 in
3231 888 3383 948 parte

1829 978 2045 1045 (quippe
2075 985 2157 1027 cst
2203 972 2586 1040 indivisibilis),
2618 986 2789 1041 neque
2818 974 2868 1025 in
2901 973 3017 1039 ipso
3047 971 3190 1026 velut
3238 969 3382 1026 aliud

1831 1068 2079 1141 (simplex
2133 1082 2361 1135 namque
2412 1066 2541 1135 est),
2599 1080 2769 1135 neque
2823 1072 3015 1132 praeter
3069 1076 3189 1115 eum
3241 1063 3383 1117 aliud

1831 1165 1992 1235 (unus
2026 1160 2167 1214 enim
2200 1170 2283 1213 est
2314 1170 2367 1213 et
2407 1159 2551 1214 solus
2576 1155 2866 1227 ingenitus)
2900 1174 2911 1209 :
2947 1155 3045 1209 hoc
3071 1156 3240 1224 ipsum
3269 1153 3384 1208 fue-

1830 1257 1903 1309 rit
1927 1255 2108 1322 utique
2139 1251 2437 1307 substantia
2467 1253 2723 1319 ingenita.

1901 1347 2023 1402 Bas.
2080 1344 2334 1399 Perduxit
2384 1344 2677 1396 orationem
2733 1356 2836 1411 quo
2865 1339 3059 1403 voluit;
3093 1346 3146 1391 et
3174 1345 3384 1406 postea-

1831 1458 1990 1512 quam
2038 1440 2307 1497 undelibet
2354 1438 2645 1506 ingenitum
2697 1437 2947 1497 extrusit,
2994 1433 3047 1487 in
3096 1432 3281 1499 ipsam,
3331 1438 3390 1483 ut

1832 1537 2051 1603 putavit,
2103 1532 2452 1588 substantiam
2512 1529 2756 1589 intrusit,
2816 1527 3010 1595 quippe
3052 1525 3140 1593 qui
3182 1523 3246 1576 de
3282 1524 3388 1573 Deo

1830 1622 2199 1677 universorum
2256 1620 2494 1681 dixerit,
2541 1619 2680 1686 quod
2736 1616 3026 1684 ingenitum
3084 1616 3197 1684 ipsa
3242 1612 3391 1681 ingv-

1834 1716 1943 1768 nita
1972 1714 2265 1766 substantia
2308 1714 2397 1767 sit.
2449 1710 2571 1778 Ego
2609 1722 2734 1763 vero
2776 1692 3123 1761 substantiam
3169 1705 3260 1759 Dei
3309 1704 3391 1758 in-

1834 1806 2065 1875 genitam
2096 1817 2235 1861 esse,
2272 1803 2432 1855 etiam
2462 1802 2576 1871 ipse
2616 1800 2863 1863 dixerim,
2897 1813 2998 1851 non
3030 1807 3204 1850 autem
3242 1797 3390 1867 inge-

1840 1899 2012 1953 nitum
2044 1910 2162 1952 esse
2190 1894 2572 1950 substantiam.
2600 1892 2798 1946 Deinde
2827 1890 2951 1944 illud
2989 1902 3199 1959 quoque
3219 1898 3390 1941 atten-

1839 1991 1963 2041 dere
1993 2001 2167 2056 opera:
2222 1984 2449 2053 pretium
2499 1996 2601 2046 est,
2634 1986 2774 2053 quod
2824 1980 3154 2036 indivisibile
3184 1987 3237 2033 et
3263 1981 3387 2032 sime

1840 2080 1982 2147 ples,
2020 2095 2138 2146 quae
2165 2078 2351 2132 eadem
2385 2085 2509 2128 sunt
2542 2076 2677 2128 inter
2719 2088 2777 2127 se
2805 2073 3202 2142 signiﬁcatione
3231 2071 3390 2141 (iudi—

1838 2168 2045 2223 visibile
2074 2169 2215 2221 enim
2249 2177 2330 2221 est
2354 2165 2493 2233 quod
2525 2179 2589 2218 ex
2621 2162 2862 2233 partibus
2894 2178 2997 2216 non
3028 2162 3389 2229 componitur,

1838 2272 1891 2317 et
1915 2260 2138 2329 simplex
2188 2258 2437 2312 similiter
2460 2257 2602 2327 quod
2633 2272 2662 2312 e
2695 2256 2936 2326 pluribus
2984 2270 3086 2309 non
3122 2252 3389 2324 constat);

1839 2353 1927 2408 hic
1952 2352 2101 2423 quasi
2137 2351 2349 2405 diversa
2388 2351 2495 2403 sint
2530 2348 2792 2417 subjecto,
2841 2348 3068 2401 alterum
3119 2346 3186 2401 ab
3225 2344 3393 2399 altero

1838 2458 2069 2518 separat.
2107 2448 2296 2502 Postea
2336 2456 2502 2512 vetat,
2562 2445 2725 2499 Deum
2773 2444 2936 2498 dividi
2984 2453 3256 2511 oportere,
3302 2450 3393 2494 aut

1841 2541 1999 2594 aliam
2035 2540 2201 2607 ipsius
2229 2550 2433 2606 partem
2467 2538 2782 2604 ingenitam,
2836 2534 2993 2589 aliam
3042 2535 3275 2603 genitam
3312 2549 3395 2587 su-

1841 2630 2053 2700 Spicari,
2080 2638 2173 2682 aut
2201 2643 2393 2682 rursus
2421 2628 2699 2690 arbitrari,
2731 2627 3027 2696 ingenitum
3059 2625 3111 2677 in
3143 2625 3256 2694 ipso
3282 2624 3397 2677 vel-

1842 2732 1899 2775 ut
1930 2720 2071 2774 aliud
2110 2721 2161 2773 in
2221 2719 2325 2772 alio
2386 2719 2547 2774 situm
2579 2734 2716 2775 esse.
2756 2717 2955 2772 Horum
2999 2725 3175 2769 autem
3214 2717 3395 2769 rerbo-

1843 2828 1957 2865 rum
1996 2811 2287 2865 vanitatem
2321 2810 2459 2877 piget
2517 2824 2601 2862 me
2648 2806 2951 2861 confutare.
2996 2804 3219 2859 Videtur
3250 2806 3393 2860 enim

1842 2903 2233 2972 quodammodo
2284 2901 2476 2955 similis
2509 2900 2621 2953 ﬁeri
2658 2900 2706 2953 ei
2752 2899 2843 2968 qui
2882 2913 3015 2950 vana
3050 2898 3198 2959 dicit,
3217 2896 3273 2961 is
3303 2896 3395 2963 qui

1842 2995 2176 3047 contradicit.
2210 2993 2371 3064 224
2410 2994 2763 3064 Quapropter,
2790 2992 2996 3060 Opinor,
3027 2990 3244 3058 sapiens
3306 2986 3401 3041 Sa-

1844 3084 2023 3138 lomon
2070 3085 2417 3150 admonet“,
2470 3093 2523 3137 ut
2567 3100 2631 3137 ne
2666 3084 3079 3151 respondeamus
3126 3081 3397 3149 insipienti

1842 3174 1993 3242 juxta
2044 3173 2402 3242 insipientiam
2460 3172 2621 3228 illius.
2663 3174 2791 3238 Quae
2821 3172 2963 3225 enim
3016 3185 3188 3241 neque
3234 3170 3398 3234 dicta,

1846 3278 2017 3333 neque
2046 3263 2249 3331 prolata
2301 3270 2425 3315 sunt
2460 3276 2716 3331 unquam,
2748 3277 2810 3315 ea
2849 3261 2935 3316 hic
2984 3276 3094 3315 sua:
3147 3260 3397 3314 divisioni

1844 3354 2091 3424 subjecit,
2124 3366 2203 3419 ut,
2236 3354 2418 3407 multis
2457 3354 2811 3419 enumeratis,
2865 3353 3106 3407 invenire
3156 3352 3403 3406 rideatur

1846 3448 2139 3517 ingenitum
2193 3446 2352 3499 unico
2390 3445 2548 3499 modo
2588 3445 2799 3513 proprie
2841 3444 2967 3498 dici.
3008 3441 3172 3498 Nobis
3220 3452 3400 3496 autem

1848 3538 2070 3591 fortasse
2097 3537 2319 3606 longiori
2346 3551 2478 3605 opus
2504 3545 2648 3590 esset
2678 3535 2942 3599 oratione,
2971 3543 3027 3587 ut
3066 3534 3400 3588 mendacium

1847 3629 2238 3698 detegeretnus,
2286 3628 2691 3696 ingenituntque
2743 3627 3099 3681 substantiam
3161 3625 3253 3678 Dei
3294 3638 3395 3680 nor.

1846 3734 1964 3772 esse
1987 3721 2479 3773 demonstraremus
2514 3736 2526 3771 :
2561 3718 2664 3772 nisi
2698 3734 2814 3786 qua:
2858 3720 2924 3772 ab
2955 3733 3019 3772 eo
3058 3732 3151 3786 per
3178 3716 3400 3771 divisio-

1846 3823 1966 3862 nem
2000 3817 2310 3862 ennmcrata
2343 3818 2488 3873 sunt,
2513 3810 2624 3875 jam
2676 3808 2877 3877 liquido
2923 3807 3153 3862 relutata
3199 3816 3399 3861 essent.

1846 3900 1977 3955 Nam
2008 3901 2218 3955 etiamsi
2249 3902 2351 3954 vim
2386 3902 2609 3956 haberet
2645 3902 2803 3954 allata
2838 3900 2904 3953 ab
2939 3900 3031 3953 illo
3065 3900 3225 3961 ratio,
3260 3899 3403 3966 quod

1849 4006 2020 4060 neque
2065 4006 2131 4046 ex
2188 3992 2516 4063 intelligendi
2550 3995 2726 4056 modo,
2775 4006 2950 4059 neque
2989 4006 3053 4043 ex
3110 3990 3403 4058 privatione

1848 4082 2143 4153 ingenitum
2173 4085 2433 4153 accipitur
2464 4098 2479 4137 :
2516 4084 2701 4153 utique
2728 4100 2792 4136 ne
2826 4084 2904 4137 sic
2932 4083 3143 4152 quidem
3180 4083 3229 4137 id
3262 4084 3401 4152 quod

1847 4177 2066 4246 colligit,
2093 4188 2530 4245 consequeretur.
2563 4177 2699 4243 Quid
2739 4178 2881 4233 enim
2930 4192 3146 4231 necesse
3179 4186 3261 4230 est
3300 4176 3402 4230 sub

1848 4283 1954 4321 uno
1986 4279 2420 4322 enumeratorum
2453 4270 2718 4323 contineri
2752 4270 3088 4338 ingenitum?
3122 4268 3227 4324 Sed
3269 4284 3405 4336 quo-

1850 4360 1990 4413 niam
2024 4361 2137 4428 ipse
2162 4370 2413 4429 tanquam
2456 4362 2655 4431 aliquid
2709 4362 3128 4431 praecedentibus
3158 4374 3404 4414 necessa-

1852 4450 1932 4503 rio
1960 4451 2300 4521 conjunctum
2335 4450 2498 4506 infert
2536 4452 2661 4504 illud
2689 4467 2703 4503 :
2727 4452 2895 4519 Igitur
2922 4450 2967 4503 si
3002 4462 3179 4517 neque
3213 4460 3404 4501 secun-

183 4536 413 4606 τρόπον,
448 4535 579 4587 αὐτὸ
618 4534 681 4587 ἂν
722 4536 805 4607 εἴη
839 4538 992 4589 οὐσία
1018 4538 1306 4607 ἀγέννητος
1330 4555 1342 4569 ·
1376 4537 1545 4602 οὕτως
1588 4540 1741 4608 ἡμεῖς

1851 4541 1973 4594 dum
2015 4541 2440 4612 intelligentiam,
2473 4556 2647 4611 neque
2699 4541 2992 4595 secundum
3024 4540 3402 4608 privationem,

187 4625 643 4695 ἀντιστρέψαντες
704 4626 969 4696 εἴπωμεν,
1024 4629 1103 4679 ὅτι
1152 4628 1358 4680 Οὐκοῦν
1401 4629 1583 4699 ἐπειδὴ
1626 4631 1751 4682 κατ’

188 4717 435 4769 ἐπίνοιαν
473 4716 769 4788 θεωρεῖται,
819 4719 910 4770 καὶ
962 4718 1274 4790 στερητικόν
1317 4722 1432 4773 ὲστι
1464 4720 1523 4773 τὸ
1555 4720 1747 4790 ὄνομα,

186 4809 317 4877 οὐχὶ
370 4809 523 4861 οὐσία
570 4807 661 4861 τοῦ
688 4807 819 4861 Θεοῦ
862 4809 920 4861 τὸ
964 4810 1274 4880 ἀγέννητον.
1314 4811 1456 4871 Ἕως
1500 4810 1606 4881 γὰο
1651 4812 1750 4865 οὐκ

273 4964 318 4995 ⁸⁸
341 4962 497 5018 Prov.
532 4980 677 5029 χχιιι,
705 4965 765 5018 4.

195 5141 555 5215 tioneParis.
587 5143 762 5198 Codex
808 5143 961 5199 Colb.
992 5152 1045 5197 et
1074 5144 1159 5197 alii
1185 5146 1417 5213 quinque
1448 5146 1593 5215 Regii
1632 5164 1732 5200 κα-

190 5211 482 5287 ταφεύγει,
515 5213 573 5287 τό
601 5216 678 5287 εἰς
709 5215 873 5287 αὐτὴν
897 5215 993 5287 τὴν
1021 5211 1458 5269 ούσίαντίθεσθαι
1482 5211 1550 5269 τὸ*
1573 5218 1731 5284 ἀγέν-

190 5298 378 5356 νητον.
410 5283 750 5356 Supplenﬁjcm
784 5284 890 5343 ὲπί,
926 5283 980 5337 ιιί
1017 5287 1156 5353 legas
1189 5287 1304 5356 ἦτοι
1332 5287 1423 5337 ἐπὶ
1446 5288 1505 5337 τὸ
1536 5283 1734 5350 εἰςίαύ-

191 5352 297 5437 την
318 5355 437 5437 τήν,
460 5365 564 5406 etc.
594 5351 849 5437 Videlicet
883 5371 945 5407 eo
970 5351 1371 5437 C'Olll‘t‘lgll-‘f‘aul
1393 5357 1540 5437 illud,
1573 5357 1632 5409 τὸ
1656 5359 1733 5437 εἰς

192 5423 391 5496 αὐτήν,
428 5424 648 5496 inverte‘,
684 5436 739 5496 ut
767 5424 934 5496 legas,
959 5425 1035 5485 εἰς
1064 5424 1123 5476 τὸ
1151 5425 1315 5496 αὐτὴν
1346 5427 1467 5495 τήν,
1500 5438 1625 5487 etc.,
1661 5429 1734 5479 ita

191 5491 557 5545 utarbilretur
582 5491 733 5553 illud,
768 5494 1069 5560 ingenitum,
1118 5491 1283 5560 ipsani
1313 5491 1429 5549 esse
1481 5498 1733 5549 substan-

196 5565 355 5614 tiam.
392 5563 598 5616 Etenim
639 5564 913 5630 principiis
961 5566 1069 5616 suis
1124 5565 1374 5617 insistens
1424 5564 1734 5631 Eunomius,

192 5647 325 5686 mox
356 5635 431 5685 ait
470 5632 616 5694 illud,
650 5634 925 5701 ingenitus,
960 5635 1126 5698 ipsam
1151 5648 1269 5687 esse
1293 5638 1671 5690 substantiam.

265 5702 379 5775 (733)
412 5702 541 5775 Beg.
568 5714 786 5771 quartus
814 5703 1133 5766 ἀποσπάσας
1166 5705 1249 5755 ἐπ’
1280 5706 1463 5775 αὐτήν.

266 5770 383 5839 (74)
410 5771 499 5825 Sic
528 5770 653 5825 tusis.
687 5785 813 5825 tres.
848 5776 1011 5826 Abest
1031 5790 1088 5824 τε
1113 5791 1138 5824 a
1174 5770 1418 5840 vulgatis.

262 5841 381 5911 (75)
409 5842 627 5911 Antiqui
655 5842 758 5896 duo
784 5844 901 5898 libri
939 5844 1011 5913 μὴ
1036 5844 1439 5904 ἀποκρίνεσθαι.

1856 4648 2027 4699 neque
2047 4636 2336 4687 secundum
2364 4633 2523 4687 alium
2553 4633 2714 4685 ullum
2736 4647 2800 4685 ex
2821 4631 3143 4685 enumeratis
3168 4631 3401 4690 modum,

1858 4724 2150 4791 ingenitum
2196 4726 2379 4792 utique
2443 4724 2667 4793 ipsamet
2716 4722 2876 4776 fuerit
2914 4720 3214 4779 substantia
3260 4720 3408 4789 inge-

1860 4814 1971 4868 uita
2001 4834 2012 4869 :
2041 4829 2135 4869 nos
2169 4826 2542 4885 rctorquentes
2564 4815 2641 4869 sic
2668 4814 2935 4869 dicamus:
2957 4814 3121 4883 Igitur
3151 4811 3404 4882 quoniam

1908 5148 2020 5219 (76)
2053 5147 2251 5202 Horum
2289 5146 2773 5219 verborttm,__'l‘obq
2802 5144 2934 5219 γάρ,
2984 5153 3116 5219 etc._,
3148 5143 3280 5219 lucc
3326 5153 3407 5197 est

1839 5213 2102 5273 sententia
2144 5236 2157 5270 :
2205 5219 2517 5269 divisionem
2580 5217 2743 5279 illam,
2784 5213 2921 5286 μήτε
2984 5215 3099 5286 κατ’
3145 5213 3403 5277 ἐπίνοιαν,

1842 5291 1974 5360 μήτε
1999 5290 2136 5343 κατὰ
2184 5288 2457 5358 στέρησιν,
2505 5287 2640 5356 μήτε
2676 5288 2732 5360 ὲν
2766 5285 2945 5355 μέρει,
2979 5285 3270 5337 Eunomtus
3308 5287 3406 5337 litt-

1840 5358 1938 5423 χιι,
1974 5373 2197 5426 eantque
2232 5361 2435 5421 primus
2470 5358 2761 5422 evolgavit.

1909 5430 2018 5500 (77)
2047 5423 2377 5491 Illa,Ot’)zon
2406 5427 2473 5500 εἰ,
2496 5428 2563 5478 ita
2587 5427 2835 5500 _i_ntell_ige
2865 5443 2877 5477 :
2918 5423 2973 5478 Si
3012 5438 3183 5489 neque
3205 5437 3402 5475 secun-

1840 5496 1962 5555 duin
2002 5496 2246 5551 nostram
2295 5496 2617 5565 intelligendi
2666 5497 2949 5559 rationem,
2999 5506 3169 5560 neque
3217 5507 3408 5545 secun-

1849 5573 1973 5624 dum
2008 5568 2378 5636 privationem,
2416 5582 2588 5633 neque
2620 5568 2909 5619 secundum
2940 5565 3072 5617 alios
3107 5576 3241 5636 quos
3274 5575 3409 5636 enu-

1852 5632 2172 5692 merarimus
2230 5632 2557 5705 intelligendi
2615 5638 2796 5688 modos
2857 5636 3141 5705 ingenitum
3170 5633 3245 5705 de
3302 5632 3409 5705 Deo

1851 5709 2078 5771 dicitur;
2126 5722 2345 5760 necesse
2388 5702 2469 5759 e'st
2497 5717 2553 5759 ut
2584 5707 2871 5773 ingenitum
2904 5702 3015 5775 ipsa
3064 5702 3133 5757 sit
3169 5702 3412 5769 ingenita

1849 5780 2085 5835 essentia
2115 5777 2538 5846 substantiaque.
