4084 6318
661 405 764 450 5.39
1971 384 2029 434 δ.
2070 381 2151 433 ΒΑ
2163 379 2311 433 SILI]
2350 377 2560 432 MAGM
3798 365 3890 419 54!)

662 511 870 564 ratione
905 509 1302 572 consideratur,
1339 517 1393 562 et
1415 505 1738 577 privativum
1770 519 1960 557 nomen
1982 513 2084 568 est,
2121 518 2223 556 non

2340 502 2539 571 ἐλέγχει
2589 500 2656 552 τὰ
2709 497 2988 569 εἰρημένα,
3038 494 3156 547 οὐδὲ
3193 496 3308 556 ταῖς
3338 492 3672 562 προτάσεων
3707 484 3889 538 ἑαυτοῦ

660 611 740 656 est
792 601 1096 654 substantia
1145 602 1236 655 Dei
1300 601 1620 668 ingenitum.
1657 596 1902 662 Quandiu
1934 596 2075 650 enim
2113 609 2231 662 qua:

662 693 968 748 tiebisdicta
998 703 1121 746 sunt
1143 709 1246 746 non
1278 691 1493 754 refutat,
1519 706 1617 743 nec
1642 689 1752 742 suis
1782 689 2230 757 propositimiibus

659 789 827 842 robur
846 787 1014 851 addit,
1047 787 1098 840 id
1135 787 1276 856 quod
1303 786 1524 852 colligit,
1567 783 1763 837 nullum
1789 783 1960 836 locum
1996 784 2228 836 habebit.

737 878 817 932 12.
881 878 935 931 In
983 894 1189 932 summa
1218 917 1233 943 ,
1289 878 1428 946 quod
1494 885 1643 945 putat
1681 890 1736 928 se
1774 875 1886 938 Dei,
1938 874 2027 942 qui
2069 887 2232 941 super

662 991 842 1044 omnia
887 999 990 1056 est,
1036 991 1392 1044 substantiam
1448 990 1616 1058 ipsam
1676 989 2038 1052 adiiivenisse,
2068 1002 2232 1054 quan-

666 1091 732 1134 ta:
762 1082 1024 1145 superbia:
1047 1093 1129 1133 est
1148 1092 1308 1150 atque
1331 1080 1614 1134 elationis!
1647 1078 1781 1132 Fere
1811 1079 1950 1131 enim
1973 1077 2231 1146 jactantia

663 1181 923 1241 superant
952 1173 1034 1224 vel
1072 1173 1222 1226 illum
1283 1174 1482 1241 ipsum,
1533 1173 1623 1239 qui
1674 1171 1849 1224 dixit:
1887 1170 2056 1238 Super
2086 1181 2230 1223 astra

663 1278 849 1330 ponam
873 1263 1042 1315 sedem
1071 1280 1236 1314 meam
1260 1264 1304 1292 ⁷ο
1333 1281 1345 1315 :
1375 1263 1462 1330 qui
1498 1262 1704 1315 scilicet
1734 1276 1835 1314 non
1873 1270 2056 1313 contra
2090 1259 2222 1312 stel-

664 1351 743 1406 las
764 1365 852 1406 aut
871 1354 1065 1408 cmluin
1088 1356 1388 1423 iiisuigant,
1417 1356 1508 1408 sed
1537 1356 1704 1422 ipsam
1738 1352 1826 1406 Dei
1856 1353 2227 1405 universorum

667 1445 1022 1498 substantiam
1075 1447 1366 1513 pervadere
1401 1461 1456 1500 se
1491 1446 1810 1513 glorientur.
1847 1445 2232 1499 Percontemiir

666 1545 844 1588 autem
877 1551 1020 1600 eum,
1044 1539 1308 1590 undenain
1344 1537 1818 1605 comprehendisse
1843 1551 1901 1590 se
1927 1551 2042 1590 eam
2069 1535 2230 1588 dicat.

667 1627 746 1679 Ex
770 1629 1116 1680 ceinmiinine
1141 1628 1392 1681 notione?
1415 1630 1479 1680 At
1495 1628 1604 1681 haec
1631 1627 1794 1679 Deum
1814 1641 1955 1689 esse,
1981 1641 2084 1679 non
2107 1625 2232 1692 quid

667 1718 759 1779 sit,
785 1733 879 1770 nos
911 1719 1180 1771 admonet.
1224 1718 1304 1770 An
1363 1733 1425 1772 ex
1470 1718 1715 1772 doctrina
1756 1715 2022 1784 Spiritus?
2055 1715 2230 1780 Quali,

667 1814 758 1858 aut
797 1807 884 1860 ubi
933 1807 1164 1860 tradita?
1200 1808 1385 1862 Nonne
1413 1823 1634 1874 magnus
1677 1807 1763 1860 ille
1817 1808 1982 1861 David
2023 1809 2106 1862 cui
2144 1823 2233 1860 oc-

670 1897 816 1951 eiilta
842 1899 1260 1968 absconditaque
1297 1915 1406 1952 suae
1435 1900 1711 1967 sapientia:
1745 1899 1884 1952 Deus
1911 1900 2230 1952 manifesta--

665 1992 763 2054 vit,
797 1990 971 2058 palam
1022 1993 1312 2044 conlitetur
1343 1992 1669 2046 inaccessam
1704 2006 1820 2045 esse
1853 1991 1943 2045 Dei
1969 1992 2232 2058 cognitio-

667 2094 814 2144 nem,
854 2095 972 2131 eum
1005 2080 1135 2133 dicit
1169 2097 1184 2133 :
1219 2079 1473 2136 Mirabilis
1514 2082 1657 2149 facta
1697 2093 1770 2135 est
1798 2083 2012 2134 sc.‘entia
2035 2093 2123 2134 tua
2170 2099 2233 2135 ea:

667 2187 768 2232 me,
807 2171 1099 2238 confertam
1150 2183 1262 2236 est;
1320 2190 1442 2226 num
1475 2183 1656 2240 potero
1689 2175 1756 2225 ad
1801 2173 2021 2226 eam“?
2065 2173 2234 2228 Isaias

667 2270 848 2313 autem
884 2261 1006 2312 duni
1042 2261 1376 2328 inajestatem
1416 2263 1506 2316 Dei
1551 2263 1942 2331 specularetur,
1971 2263 2098 2330 quid
2135 2278 2232 2316 no-

667 2351 751 2404 bis
779 2353 844 2406 de
873 2354 1051 2406 divina
1105 2355 1401 2408 substantia
1430 2354 1720 2408 declaravit
1755 2354 1778 2406 ?
1830 2355 1915 2421 qui
1955 2355 2232 2424 proferens

668 2445 734 2497 de
766 2445 984 2498 Christo
1020 2447 1352 2508 vaticinium,
1385 2455 1614 2499 testatur
1643 2448 1724 2500 his
1749 2448 1928 2499 verbis
1963 2464 1976 2499 :
2004 2445 2233 2499 Genera-

670 2536 868 2588 tionem
907 2535 1017 2602 ejus
1051 2537 1164 2604 quis
1193 2537 1455 2588 enarrabit
1474 2535 1556 2586 "?
1583 2535 1720 2599 Quid
1746 2550 1872 2587 vero
1901 2550 1992 2587 vas
2015 2535 2233 2591 electio—

674 2629 760 2680 nis
791 2627 1008 2689 Paulus,
1044 2629 1133 2695 qui
1173 2628 1476 2696 loquentem
1512 2626 1564 2679 in
1604 2641 1660 2680 se
1689 2625 2231 2687 liabehatChristuni,

669 2721 761 2789 qui
797 2721 862 2772 ad
895 2720 1110 2773 tertium
1141 2735 1310 2789 usque
1355 2719 1548 2773 malum
1587 2731 1766 2786 raptus
1797 2730 1896 2783 est,
1923 2720 2010 2787 qui
2043 2734 2231 2772 arcana

669 2810 874 2861 audivit
924 2810 1102 2872 verba,
1130 2826 1247 2878 qua:
1307 2825 1409 2863 non
1467 2811 1589 2864 licet
1620 2811 1819 2864 homini
1848 2811 1987 2878 loqui
2019 2829 2032 2876 ;
2068 2826 2232 2879 quam

671 2901 826 2953 nobis
852 2899 916 2953 de
950 2900 1245 2954 substantia
1277 2899 1370 2954 Dei
1420 2900 1722 2954 doctrinam
1763 2901 2014 2968 reliquit?
2051 2901 2146 2954 Hic
2168 2901 2232 2954 ad

671 2992 1027 3060 particulares
1081 2992 1429 3060 providentia:
1470 2993 1702 3044 rationes
1733 3008 1853 3044 cum
1892 2994 2232 3059 respexisset,

676 3084 821 3137 velut
851 3084 1114 3151 vertigine
1147 3084 1402 3137 laborans
1421 3093 1641 3152 prepter
1677 3082 2086 3150 insuperabilem
2117 3099 2238 3134 cou-

680 3177 970 3246 templandi
1010 3176 1401 3239 difﬁcultatem,
1428 3177 1579 3244 quasi
1609 3175 1847 3228 clamans
1887 3189 2069 3228 vocem
2093 3173 2233 3227 illam

675 3269 854 3322 emisit
886 3286 897 3321 :
943 3267 986 3323 0
1019 3269 1246 3322 altitudo
1285 3269 1586 3320 diuitiarum
1624 3280 1669 3322 et
1699 3269 1968 3336 sapientia:
1990 3277 2036 3320 et
2060 3267 2238 3336 (ogni-

675 3358 832 3410 tionis
867 3357 1004 3410 Dei:
1035 3375 1192 3426 quam
1229 3359 1593 3410 inscrutabilia
1634 3370 1750 3410 sunt
1777 3359 1988 3426 judicia
2029 3358 2160 3425 ejus,
2189 3367 2236 3410 et

675 3449 1169 3518 imperrestigabiles
1196 3450 1292 3502 via!
1330 3450 1443 3516 ejus
1468 3449 1548 3500 "l
1597 3449 1748 3513 Quod
1795 3450 1838 3501 si
1876 3449 1989 3500 haec
2024 3449 2097 3500 illi
2143 3451 2238 3516 ipsi

677 3541 769 3609 qui
821 3540 886 3593 ad
934 3555 1236 3593 mensuram
1291 3538 1612 3609 cognitionis
1660 3538 1805 3592 Pauli
1859 3549 2241 3606 pervenerunt,

678 3631 895 3699 assequi
932 3645 1036 3684 non
1088 3640 1342 3699 possunt;
1395 3640 1593 3698 quanta
1637 3640 1718 3684 est
1755 3630 2001 3698 superbia
2033 3643 2241 3693 eorum,

676 3723 772 3790 qui
803 3738 860 3776 se
893 3723 1247 3777 substantiam
1274 3721 1433 3790 225
1473 3722 1561 3774 Dei
1592 3722 1908 3790 proﬁtentur
1950 3734 2243 3790 cognosce-

680 3813 778 3866 re?
814 3812 957 3877 Quos
989 3813 1229 3879 profecto
1277 3814 1449 3868 libens
1489 3813 1955 3883 interrogaverim,
1989 3814 2240 3883 quidnam

681 3903 746 3956 de
781 3912 922 3956 terra
965 3904 1017 3954 in
1051 3917 1155 3970 qua
1187 3914 1610 3968 commorantur,
1642 3915 1695 3957 et
1718 3921 1779 3958 ex
1811 3920 1915 3973 qua
1957 3905 2068 3958 nati
2097 3914 2241 3968 sunt,

679 3995 883 4056 dicant,
914 4009 1076 4063 quam
1113 3993 1228 4060 ejus
1267 3995 1420 4047 nobis
1448 4006 1717 4061 exponant
1751 3996 2103 4050 substantiam
2141 4014 2153 4048 :
2184 4006 2243 4049 ut

680 4092 724 4147 si
750 4092 815 4146 de
843 4092 905 4145 iis
934 4107 1052 4161 quae
1078 4091 1223 4146 humi
1258 4101 1384 4146 sunt
1410 4107 1474 4146 ae
1507 4094 1730 4161 pedibus
1772 4095 2071 4163 subiacent,
2097 4107 2244 4151 certo

680 4183 1151 4250 indubitanterqne
1184 4183 1470 4252 disserant,
1502 4193 1627 4238 tunc
1656 4185 1735 4240 eis
1773 4201 2005 4256 quoque,
2037 4202 2153 4240 cum
2182 4191 2244 4242 de

683 4272 843 4325 rebus
877 4272 1203 4326 intellectum
1237 4289 1449 4328 omnem
1489 4278 1868 4344 superantibus
1917 4281 2238 4334 sententiam

679 4361 982 4431 proferunt,
1031 4365 1186 4418 [idem
1221 4365 1537 4420 habeamus.
1570 4368 1698 4432 Quae
1738 4372 1897 4437 igitur
1944 4370 2238 4424 substantia

681 4463 766 4506 est
797 4455 988 4506 terrae?
1030 4456 1152 4522 quis
1201 4457 1697 4524 comprehensionis
1739 4461 1960 4514 modus?
2001 4463 2242 4529 Respon-

2327 594 2425 665 τὴν
2455 593 2602 663 ίσχὺν
2636 590 2971 654 ἀποδίδωσιν,
3012 587 3261 658 οὐδεμίαν
3283 585 3430 654 αὑτῷ
3481 582 3668 653 χώραν
3688 578 3801 644 ἕξει
3836 578 3892 630 τὸ

2331 689 2711 758 συναγόμενον.

2401 867 2483 920 η.
2511 867 2684 928 Ὄλως
2709 865 2762 916 δὲ
2785 905 2797 926 ,
2820 863 2879 915 τὸ
2917 861 3120 914 οἴεσθαι
3145 857 3236 911 τοῦ
3273 858 3363 910 ἐπὶ
3391 855 3612 908 πάντων
3638 853 3777 907 Θεοῦ
3807 855 3893 906 αὺ-

2331 959 2424 1030 τὴν
2476 961 2572 1029 τὴν
2620 958 2805 1010 οὐσίαν
2857 954 3237 1025 ἐξευρηκέναι,
3297 953 3470 1020 πόσης
3516 949 3894 1019 ὑπερηφανίας

2331 1053 2442 1103 ἐστὶ
2481 1053 2572 1104 καὶ
2603 1054 2914 1118 φυσιώσεως
2940 1050 2950 1100 !
2994 1047 3182 1116 Σχεδὸν
3207 1047 3311 1116 γὰρ
3341 1046 3432 1097 καὶ
3461 1043 3626 1096 αὐτὸν
3654 1041 3894 1110 ἀποκρὺ.

2332 1162 2520 1196 πτουσι
2564 1149 2626 1215 τῇ
2671 1143 3040 1214 μεγαληγορίᾳ
3072 1143 3160 1196 τὸν
3200 1142 3452 1193 εἰπόντα·
3508 1137 3750 1190 Ἐπάνω
3791 1134 3898 1186 τῶν

2331 1237 2565 1303 ἄστρων
2603 1237 2852 1305 θήσομαι
2878 1236 2982 1288 τὸν
3007 1235 3218 1301 θρόνον
3231 1252 3347 1301 μου
3368 1252 3380 1263 ο
3411 1233 3466 1284 οἵ
3503 1247 3564 1298 γε
3599 1229 3722 1298 οῦχὶ
3752 1228 3900 1279 ἀστέ-

2333 1347 2461 1401 ρων,
2512 1330 2544 1398 ἣ
2592 1329 2818 1399 οὐρανοῦ
2877 1327 3304 1396 κατατολμῶσιν,
3359 1325 3470 1376 ἀλλ’
3515 1323 3690 1392 αὐτὴν
3729 1321 3899 1390 ἐμϐα-

2329 1421 2503 1473 τεύειν
2545 1421 2637 1472 τοῦ
2689 1420 2820 1473 Θεοῦ
2875 1421 2979 1473 τῶν
3032 1421 3165 1473 ὅλων
3190 1419 3287 1489 τὴν
3317 1419 3501 1470 οὐσίαν
3553 1413 3900 1477 ἀλαζονεύον-

2331 1531 2437 1567 ται.
2501 1512 2868 1581 Ἐξετάσωμεν
2921 1514 3026 1583 γὰρ
3081 1512 3258 1571 αὑτὸν,
3347 1510 3506 1562 πόθεν
3578 1508 3753 1576 αὐτῆς
3809 1524 3905 1575 φη-

2333 1623 2415 1658 σιν
2468 1607 2524 1658 ἐν
2590 1605 2834 1674 περινοίᾳ
2889 1603 3233 1674 γεγενῆσθαι.
3283 1599 3406 1672 Ἆρ’
3447 1603 3511 1653 ὲκ
3557 1600 3662 1669 τῆς
3717 1600 3904 1665 κοινῆς

2333 1697 2539 1759 ἐννοίας
2567 1695 2711 1764 (78);
2761 1694 2897 1746 Ἀλλ’
2927 1695 3062 1765 αῦτη
3103 1696 3162 1747 τὸ
3189 1691 3327 1747 εἶναι
3361 1694 3448 1746 τὸν
3487 1693 3642 1753 Θεὸν,
3673 1692 3737 1742 οὐ
3767 1691 3828 1741 τὸ
3856 1688 3904 1740 τί

2335 1785 2468 1842 εἶναι
2521 1792 2649 1858 ἡμῖν
2696 1787 3002 1840 ὑποϐάλλει.
3070 1788 3203 1839 Ἀλλ’
3270 1790 3331 1840 ὲκ
3392 1786 3492 1855 τῆς
3551 1783 3906 1845 διδασκαλίας

2335 1881 2426 1933 τοῦ
2470 1881 2811 1950 Πνεῦματος;
2849 1881 3042 1942 Ποίας;
3071 1879 3102 1948 ἢ
3133 1880 3228 1947 τῆς
3261 1879 3361 1930 ποῦ
3393 1878 3649 1948 κειμένης
3679 1894 3690 1940 ;
3732 1877 3847 1944 Οῦχ
3880 1878 3906 1926 ό

2342 1972 2438 2042 μὲν
2491 1973 2660 2040 μέγας
2690 1973 2870 2032 Δαὸὶδ,
3013 1971 3080 2022 τε
3121 1969 3284 2038 ἄδηλα
3329 1971 3513 2022 καὶτὰ
3552 1969 3767 2039 κρύφια
3813 1967 3908 2034 τῆς

2338 2061 2531 2115 ἑαυτοῦ
2579 2063 2765 2130 σοφίας
2806 2061 3070 2132 ἐδήλωσεν
3103 2061 3130 2112 ό
3165 2059 3315 2121 Θεὸς,
3369 2061 3615 2130 φανερῶς
3653 2059 3910 2129 ὁμολογεῖ

2340 2153 2452 2225 (79)
2495 2154 2592 2224 τῆς
2636 2156 2884 2222 γνώσεως
2919 2154 2981 2206 τὸ
3011 2154 3321 2225 ἀπρόσιτον,
3357 2152 3553 2218 λέγων·
3614 2155 3906 2222 Ἐθαυμιι-

2337 2246 2532 2312 στώθη
2566 2247 2616 2312 ,ἡ
2645 2245 2865 2313 γνῶσίς
2897 2246 3005 2315 (80)
3048 2263 3162 2298 σου
3203 2244 3270 2307 ἐξ
3297 2243 3460 2311 ἐμοῦ,
3496 2244 3867 2310 ἑκραταιώθη
3891 2260 3904 2272 ⁸

2337 2339 2408 2389 οὐ
2427 2336 2512 2404 μὴ
2547 2337 2808 2405 δύνωμαι
2831 2337 2976 2405 πρὸς
3001 2336 3230 2402 αἰοτήν;
3274 2334 3493 2394 Ἡσαῖας
3521 2333 3594 2393 δὲ,
3622 2337 3650 2384 ό
3681 2337 3740 2385 ἐν
3774 2334 3908 2384 Θεωο

2340 2431 2430 2500 ρίᾳ
2453 2430 2550 2499 τῆς
2576 2430 2730 2498 δόξης
2763 2430 2855 2481 τοῦ
2877 2429 3010 2481 Θεοῦ
3041 2431 3345 2499 γενόμενος,
3389 2428 3440 2478 τί
3476 2428 3602 2495 περὶ
3635 2427 3736 2494 τῆς
3763 2426 3912 2487 Θείας

2339 2523 2517 2586 οὐσίας
2551 2523 2816 2591 ἐδήλωσεν
2870 2526 3034 2593 msh;
3088 2524 3144 2584 ὃς
3194 2540 3254 2588 γε
3312 2523 3367 2573 ὲν
3395 2525 3458 2591 τῇ
3490 2521 3617 2590 περὶ
3667 2519 3909 2588 Χριστοῦ

2341 2614 2640 2682 προφητείᾳ
2683 2613 3103 2683 διαμαρτύρεται
3152 2614 3353 2680 λέγων·
3400 2613 3515 2679 Τὴν
3553 2611 3778 2678 γενεὰν
3807 2613 3911 2662 σὺ·

2340 2703 2444 2756 τοῦ
2491 2703 2580 2768 τίς
2607 2703 2990 2770 διηγήσεται;
3024 2705 3086 2754 Τί
3128 2704 3180 2756 δὲ
3210 2707 3269 2756 τὸ
3308 2705 3494 2766 σκεῦος
3527 2705 3626 2773 τῆς
3679 2704 3913 2770 ἐκλογῆς

2341 2796 2566 2860 Παῦλος,
2604 2798 2631 2848 ὁ
2660 2796 2918 2849 λαλοῦντα
2953 2796 3086 2866 ἔχων
3133 2800 3188 2849 ἐν
3229 2798 3404 2865 ἑαυτῷ
3448 2798 3537 2848 τὸν
3586 2800 3855 2868 Χριστὸν,
3887 2800 3913 2848 ὁ

2340 2890 2441 2952 ἕως
2474 2889 2656 2959 τρίτου
2687 2889 2956 2960 ἁρπαγεὶς
2981 2887 3230 2958 οὐρανοῦ,
3261 2892 3286 2940 ὁ
3324 2888 3391 2940 τὰ
3424 2890 3638 2957 ἄρρητα
3669 2890 3912 2952 ἀκοὺτας

2343 2983 2578 3054 ῥήματα,
2625 2982 2659 3035 ἃ
2691 2983 2788 3035 οὑκ
2846 2981 2962 3048 ἐξὸν
3009 2981 3277 3053 ἀνθρώπῳ
3330 2981 3574 3050 λαλῆσαι,
3625 2983 3750 3033 τίνα
3786 2986 3914 3052 ἡμῖν

2342 3076 2468 3144 περὶ
2502 3076 2686 3138 οὐσίας
2717 3076 2848 3128 Θεοῦ
2875 3076 3215 3129 διδασκαλίαν
3249 3076 3485 3145 ἀφῆκεν;
3523 3077 3578 3138 ὃς
3618 3094 3682 3143 γε
3715 3078 3809 3128 ὅτε
3839 3081 3915 3140 εἰς

2341 3167 2466 3228 τοὺς
2519 3169 2771 3236 μερικοὺς
2805 3168 2903 3236 τῆς
2931 3168 3236 3237 οἰκονομίας
3280 3168 3498 3236 διέκυψε
3531 3169 3747 3236 λόγους,
3805 3165 3915 3221 οἷον

2345 3264 2644 3332 ἰλιγγιάσας
2685 3263 2815 3334 πρὸς
2847 3263 2905 3315 τὸ
2936 3265 3032 3334 τῆς
3059 3264 3286 3332 θεωρίας
3332 3263 3717 3328 ἁδιεζόδευτον,
3774 3264 3916 3314 ὲκεί-

2341 3372 2436 3426 νην
2481 3356 2732 3426 ὲξεϐόησε
2784 3356 2881 3426 τὴν
2935 3358 3146 3428 φωνήν·
3184 3353 3250 3408 Ὦ
3291 3356 3468 3426 βάθος
3503 3357 3779 3408 πλούτου
3817 3355 3914 3408 καὶ

2341 3449 2558 3516 σοφίας
2596 3448 2693 3500 καὶ
2731 3448 3001 3516 γνώσεως
3030 3449 3174 3501 Θεοῦ
3200 3465 3213 3477 ο
3249 3449 3327 3511 ὡς
3362 3447 3809 3513 ἀνεξερεύνητα
3849 3449 3917 3500 τὰ

2343 3539 2592 3605 κρίματα
2620 3540 2824 3603 αὐτοῦ,
2849 3540 2946 3592 καὶ
2971 3539 3412 3606 ἀνεξιχνίαστοι
3439 3544 3495 3589 ai
3526 3539 3654 3591 ὁδοὶ
3685 3541 3876 3593 αὐτοῦ
3898 3543 3916 3590 .¹

2342 3628 2405 3679 Et
2431 3626 2485 3678 δὲ
2511 3629 2678 3680 ταῦτα
2713 3634 2819 3693 τοῖς
2851 3633 2928 3692 εἰς
2960 3628 3020 3680 τὸ
3057 3629 3154 3699 τῆς
3185 3628 3393 3682 Παύλου
3429 3629 3684 3696 γνώσεως
3715 3631 3916 3701 μέτρον

2344 3719 2632 3788 ἐφθακόσιν
2663 3721 2943 3788 ἀνέφικτα,
2991 3721 3152 3785 πόσος
3181 3725 3209 3776 ό
3238 3721 3404 3790 τῦφος
3437 3724 3543 3775 τῶν
3579 3725 3918 3792 ἐπαγγελλο-

2347 3814 2520 3884 μένων
2553 3812 2748 3865 εἰδέναι
2785 3813 2876 3865 τοῦ
2906 3813 3038 3867 Θεοῦ
3083 3816 3180 3886 τὴν
3213 3816 3432 3879 οὺσίαν;
3481 3816 3588 3877 Οὓς
3619 3818 3798 3881 ἡδέως
3854 3819 3914 3870 ἂν

2343 3906 2680 3975 ἐρωτήσαιμι
2725 3905 2854 3974 περὶ
2884 3904 2981 3974 τῆς
3014 3906 3114 3975 γῆς
3140 3907 3224 3972 ἐφ’
3250 3902 3316 3976 ἧς
3351 3909 3555 3969 ἑστᾶσι,
3595 3910 3691 3959 καὶ
3724 3911 3825 3976 ἀφ’
3852 3905 3917 3978 ἦς

2343 3998 2615 4064 γεγόνασι,
2651 3997 2704 4049 τί
2758 4017 2884 4051 ποτε
2925 4000 3174 4068 λέγουσι;
3227 4001 3344 4051 τίνα
3384 4001 3681 4071 αὑτῆςιτὴν
3725 4003 3916 4053 οὐσίαν

2344 4090 2768 4157 ἀπαγγέλλουσιν
2810 4095 2978 4162 ἡμῖνς
3021 4094 3127 4154 ἵνα,
3167 4091 3258 4144 ἐὰν
3299 4093 3403 4160 ἄρα
3435 4094 3561 4161 περὶ
3598 4094 3710 4144 τῶν
3738 4096 3917 4162 χαμαὶ

2347 4185 2435 4235 καὶ
2462 4184 2563 4235 ὑπὸ
2590 4187 2698 4246 τοῖς
2739 4187 2879 4237 ποσὶ.
2899 4184 3158 4251 κειμένων
3187 4185 3590 4253 ἁναντιῤῥήτως
3627 4189 3762 4255 ἡμῖν
3789 4187 3917 4238 δια-

2344 4273 2592 4342 λεχθῶσι,
2639 4275 2755 4324 τότε
2799 4275 2978 4336 αὐτοῖς
3010 4275 3097 4326 καὶ
3145 4274 3270 4343 περὶ
3304 4273 3409 4324 τῶν
3445 4273 3702 4324 ἐπέκεινα
3733 4276 3916 4341 πάσης

2347 4366 2552 4428 ἑννοίας
2585 4365 3000 4436 διατεινομένοις
3025 4366 3418 4434 πιστεύσωμεν.
3447 4367 3540 4426 Τίς
3559 4361 3652 4417 οὖν
3684 4365 3788 4434 τῆς
3817 4371 3917 4434 γῆς

2346 4460 2377 4528 ἡ
2413 4458 2601 4521 obuia;
2632 4461 2780 4521 ποῖος
2813 4459 3010 4529 τρόπος
3043 4459 3138 4528 τῆς
3165 4457 3543 4527 καταλήψεως
3591 4457 3919 4527 Ἀποκρινά-

682 4547 844 4598 deant
873 4546 1027 4599 nobis
1051 4558 1227 4599 utrum
1258 4562 1373 4600 eam
1403 4549 1536 4602 ratio
1562 4562 1897 4619 assequatur,
1922 4570 1987 4606 an
2018 4555 2235 4607 sensus?

2348 4550 2557 4603 σθωσαν
2595 4553 2743 4620 ἡμῖν,
2792 4553 3017 4620 πότερον
3056 4551 3212 4616 λόγος
3257 4552 3472 4619 ἐφίκετο
3505 4551 3730 4620 ταύτης,
3768 4552 3802 4620 ἢ
3842 4553 3920 4604 αἷ-

682 4636 776 4689 sed
802 4639 844 4689 si
877 4651 1094 4690 sensum
1141 4637 1340 4704 dicent,
1369 4653 1475 4706 quo
1497 4655 1654 4695 sensu
1692 4654 1865 4710 potest
1892 4647 2244 4714 comprehen-

682 4727 774 4780 di?
823 4725 1053 4780 Visune?
1107 4728 1174 4780 At
1206 4729 1296 4782 hic
1327 4730 1533 4785 colores
1569 4735 1814 4801 percipit.
1851 4735 1932 4791 An
1971 4737 2154 4789 tactu?
2178 4737 2246 4789 At

683 4815 771 4870 hic
799 4817 1050 4870 duritiem
1081 4827 1136 4870 et
1179 4819 1474 4883 mollitiem,
1517 4822 1746 4876 calidum
1778 4835 1830 4877 et
1889 4823 2162 4892 frigidum,
2193 4835 2243 4879 et

683 4909 788 4962 alia
830 4909 1134 4975 huiusmodi
1184 4912 1440 4964 discernit
1471 4932 1482 4966 :
1510 4930 1734 4982 quorum
1766 4917 1897 4968 nihil
1929 4919 2088 4982 ullus,
2140 4919 2240 4971 nisi

683 5000 736 5054 in
760 5017 1024 5054 summam
1069 5002 1390 5056 dementiam
1443 5003 1640 5071 lapsus,
1690 5007 2044 5061 substantiam
2093 5010 2243 5062 dixe—

683 5092 772 5144 rit.
825 5091 897 5145 De
929 5104 1085 5160 gustu
1134 5105 1281 5154 vero,
1316 5093 1487 5163 deque
1527 5095 1722 5148 olfactu
1770 5098 1901 5165 quid
1935 5100 2124 5151 attinet
2157 5099 2240 5150 dic

683 5181 842 5235 cere?
873 5197 1102 5251 quorum
1145 5183 1280 5238 alter
1311 5199 1548 5254 sapores,
1578 5185 1713 5239 alter
1747 5201 1968 5255 vapores
2007 5191 2238 5255 attingit.

763 5371 809 5402 ⁷⁸
843 5369 944 5425 Isa.
973 5389 1081 5439 nv,
1119 5376 1204 5429 13.
1280 5377 1322 5408 ⁷¹
1355 5375 1496 5432 Psal.
1528 5394 1792 5446 cxxu'tn,
1823 5379 1878 5434 6.

759 5524 870 5605 (78)
906 5526 1057 5605 Coll).
1084 5523 1228 5605 ᾊρα
1256 5532 1323 5604 ἐκ
1340 5535 1437 5601 τῆς
1460 5535 1640 5603 κοινῆς
1664 5537 1882 5598 οὐσίαςς
1927 5536 2003 5590 An
2025 5554 2088 5590 ex
2111 5555 2244 5591 com-

688 5599 831 5644 muni
869 5599 1128 5649 essentia?
1164 5599 1320 5651 Male.

756 5660 866 5742 £79)
896 5663 1024 5739 Reg.
1057 5669 1244 5718 tertius
1272 5669 1498 5736 ἐδήλωσε
1527 5673 1770 5739 φανερῶς
1798 5675 1825 5723 ὁ
1855 5673 2006 5735 Θεὸς,
2053 5676 2244 5742 ὁμολο-

691 5743 798 5793 γει,
829 5745 929 5779 non
962 5743 1030 5780 ita
1057 5744 1221 5785 recte.

768 5795 879 5863 (80)
925 5797 1068 5850 Libri
1102 5811 1309 5853 veteres
1339 5803 1372 5867 ἡ
1399 5802 1616 5865 γνῶσις.
1648 5805 1920 5858 Articulus
1945 5808 1994 5858 in
2028 5810 2239 5862 excusis

1955 5383 1998 5414 "
2026 5383 2127 5438 isa.
2166 5396 2284 5449 Llll,
2316 5384 2367 5438 8.

2343 4643 2563 4712 σΟησις;
2595 4644 2686 4694 καὶ
2729 4647 2775 4694 εί
2809 4645 2903 4711 μὲν
2936 4642 3033 4712 τὴν
3061 4641 3308 4710 αίσθησιν
3353 4645 3602 4711 φήσουσι.
3640 4644 3771 4712 ποία
3813 4643 3918 4694 τῶν

2339 4731 2640 4802 αἰσθήσεών
2663 4735 2777 4784 ἐστι
2808 4731 3125 4802 καταληπτή
3151 4749 3164 4795 ;
3202 4731 3452 4800 Ὀρὰσει;
3495 4731 3654 4782 Ἀλλὰ
3684 4732 3917 4800 χρωμα-

2339 4841 2444 4876 των
2491 4824 2635 4875 ἐστὶν
2670 4823 3022 4894 ἀντιληπτικὴ
3053 4823 3208 4892 αὕτη.
3258 4823 3392 4874 Ἀλλ’
3441 4823 3592 4891 assii;
3630 4823 3740 4874 Καὶ
3777 4823 3917 4891 αῦτη

2350 4915 2458 4983 (81)
2509 4915 2868 4985 σκληρότητος
2899 4916 2991 4967 καὶ
3043 4915 3395 4983 ἁπαλότητος,
3432 4916 3524 4967 καὶ
3587 4913 3796 4983 θερμοῦ
3830 4917 3919 4966 καί

2346 5007 2568 5076 ψυχροῦ,
2608 5008 2699 5058 καὶ
2732 5008 2838 5058 τῶν
2877 5007 3128 5060 τοιούτων
3158 5007 3272 5058 ἐστὶ
3300 5006 3627 5076 διακριτικὴ,
3659 5000 3734 5058 ὧν
3766 5007 3922 5058 οὐδὲν

2345 5100 2408 5152 ἄν
2437 5116 2516 5161 τις
2553 5099 2736 5151 οὐσίαν
2779 5099 2940 5162 εἴποι,
2992 5100 3064 5169 μὴ
3109 5102 3188 5161 εἰς
3219 5099 3440 5167 ἔσχατον
3487 5099 3790 5169 παρανοίας
3821 5101 3924 5149 ὺπ-

2345 5191 2597 5260 ενεχϐείς.
2640 5192 2771 5260 Περὶ
2797 5193 3035 5259 γεύσεως
3060 5192 3115 5243 δὲ
3139 5192 3229 5243 καὶ
3250 5191 3569 5261 ὀσφρήσεως
3601 5192 3653 5241 τί
3685 5191 3792 5261 χρὴ
3831 5191 3923 5243 καὶ

2442 5384 2486 5414 ’⁷³
2511 5383 2664 5437 Rom.
2701 5400 2775 5448 ιι,
2809 5383 2877 5437 35

2353 5540 2708 5593 desideratur.
2741 5539 2932 5593 Statim
2956 5541 3006 5594 in
3032 5550 3260 5607 quatuor
3287 5555 3418 5592 mss.
3456 5540 3722 5600 reperitur
3754 5537 3924 5590 int-~r-

2350 5613 2646 5710 rngut’ionis
2678 5624 2800 5662 nota
2839 5621 2956 5676 post
3011 5626 3190 5664 vocem
3217 5613 3418 5678 αὺτήν;
3466 5609 3611 5660 Νητη
3636 5615 3832 5676 {potero
3858 5613 3922 5660 ad

2349 5693 2460 5726 eam
2489 5693 2498 5726 .‘

2421 5745 2529 5812 (8t)
2568 5743 2704 5793 Ε.Ιίιὶ
2747 5744 2904 5792 Ἀλλὰ
2955 5746 3105 5812 diei];
3168 5747 3276 5797 Καὶ
3320 5747 3482 5812 αὐτή.
3525 5747 3595 5796 At
3643 5758 3773 5798 mss.
3821 5745 3924 5798 duo

2363 5811 2496 5860 Ἀλλ’
2663 5827 2676 5871 ;
2703 5813 2794 5860 καὶ
2822 5812 2974 5878 αῦτη.
