4084 6318
194 375 302 431 541

1290 372 1655 428 ADVERSUS
1692 371 2054 428 EUNOMIUM
2096 371 2222 428 LIB.
2265 369 2309 428 1.

3330 373 3434 428 5-ιὲ

189 490 376 558 λέγειν
402 507 416 554 ;
454 483 579 560 ὧνὴ
615 490 708 561 μὲν
731 489 939 560 χυμῶν,
976 492 1008 560 ἡ
1034 491 1090 543 δὲ
1120 491 1280 560 ἑτέρα
1313 489 1420 542 τῶν
1452 492 1638 561 ἀτμῶν
1661 492 1757 561 τὴν

1863 490 2097 543 Auditus
2147 489 2379 557 denique
2436 502 2597 542 sonos
2650 488 2879 558 percipit
2913 496 2968 541 et
3021 503 3205 556 voces,
3238 489 3435 559 quibus

187 582 480 652 ἀντίληψιν
512 582 642 652 ἔχει.
681 583 839 653 Ἀκοῆ
867 583 923 635 δὲ
965 584 1150 653 ψόφων
1183 584 1296 636 ἐστὶ
1329 585 1423 635 καὶ
1455 583 1647 651 φωνῶν
1680 584 1762 635 ai-

188 671 452 744 σθητικὴ,
487 674 593 725 τῶν
626 674 878 743 οὐδεμίαν
905 675 1130 743 ἐχόντων
1158 674 1290 745 πρὸς
1320 673 1416 744 τὴν
1441 676 1544 744 γῆν
1578 677 1763 728 οἰκειό-

184 781 356 835 τητα.
383 765 638 817 Λείπεται
670 760 762 818 οὖν
808 765 884 836 τῷ
912 765 1052 835 λόγῳ
1079 766 1303 834 φάσκειν
1330 766 1525 829 αὐτοὺς
1547 767 1644 838 τὴν
1673 767 1761 819 ού-

189 857 320 909 σίαν
361 857 526 926 αὐτῆς
555 858 863 928 εὑρηκέναι.
899 858 1040 927 Ποίῳ
1096 858 1304 930 τούτῳ;
1346 859 1447 912 ποῦ
1497 861 1593 930 τῆς
1624 861 1761 930 Γρα-

180 949 309 1017 φῆς
334 949 601 1019 κειμένῳ;
632 951 734 1003 ὑπὸ
761 951 902 1013 τίνος
933 951 1040 1002 τῶν
1068 950 1234 1019 ἁγίων
1259 952 1614 1022 παραδοθέντι
1641 969 1655 1017 ;

272 1041 359 1094 15.
400 1043 454 1094 '0
485 1042 582 1112 μέν
614 1059 676 1110 γε
712 1043 836 1112 περὶ
861 1043 959 1112 τῆς
997 1044 1224 1107 κτίσεως
1271 1047 1402 1116 ἡμῖν
1441 1045 1761 1115 διαλεχθεὶς,

185 1134 446 1188 τοσοῦτον
487 1137 630 1207 ἡμᾶς
662 1135 912 1202 ἐδίδαξεν,
946 1137 1025 1188 ὅτι
1069 1135 1171 1190 Ἔν
1201 1138 1356 1207 ἀρχῆ
1405 1140 1693 1206 ἐποίησεν
1727 1143 1758 1192 ὀ

187 1231 343 1296 Θεὸς
358 1231 463 1283 τὸν
492 1230 750 1299 οὐρανὸν
779 1229 876 1282 καὶ
893 1229 1007 1297 τὴν
1027 1230 1162 1299 γῆν·
1186 1233 1222 1299 ἡ
1244 1231 1311 1283 δὲ
1329 1232 1404 1299 γῆ
1426 1232 1504 1300 ἦν
1518 1233 1766 1300 ἀόρατος

186 1326 298 1377 καὶ
323 1325 850 1390 ἀκατησκεύιιστος
877 1341 889 1354 ο
909 1324 1160 1394 ἐξαρκεῖν
1183 1323 1489 1394 ἡγούμενος
1504 1325 1593 1377 τὸν
1618 1327 1766 1396 ποιή-

191 1434 368 1469 σαντα
396 1416 560 1486 αὐτὴν
581 1416 671 1467 καὶ
701 1417 1141 1488 διακοσμήσαντα
1172 1417 1506 1487 διαγγεῖλαι·
1537 1419 1619 1480 τίς
1652 1420 1706 1471 δὲ
1732 1421 1764 1490 ἡ

183 1509 353 1561 οὐσία
375 1509 573 1577 ταύτης
594 1509 1064 1578 περιεργάζεσθαι,
1092 1511 1165 1572 ὡς
1196 1513 1416 1581 μάταιον
1439 1512 1530 1563 καὶ
1558 1513 1766 1580 ἀνωφε-

187 1601 289 1665 λὲς
320 1605 428 1664 τοῖς
457 1602 709 1655 ἀκούουσι
737 1604 1109 1673 παρῃτήσατο.
1140 1605 1200 1656 Εἰ
1231 1605 1407 1656 τοίνυν
1436 1606 1571 1675 μήτε
1611 1608 1673 1675 τῇ
1702 1607 1765 1658 ἐκ

182 1694 295 1762 τῆς
324 1694 622 1763 αἰσθήσεως
664 1695 956 1765 μαρτυρία,
1002 1695 1136 1764 μήτε
1180 1698 1244 1766 τῇ
1283 1698 1344 1748 ἐκ
1376 1695 1466 1747 τοῦ
1499 1695 1655 1764 λόγου
1689 1697 1765 1748 δι-

181 1783 531 1855 δασκαλίᾳ,ή
566 1786 766 1853 γνῶσις
801 1787 967 1855 αὐτῆς
995 1785 1320 1854 βεϐαιοῦται,
1355 1786 1513 1839 πόθεν
1549 1787 1626 1840 ἔτι
1658 1790 1760 1858 φή-

1865 582 2001 636 nihiI
2035 590 2118 636 est
2154 579 2432 634 afﬁnitatis
2458 597 2579 635 cum
2611 591 2772 635 terra.
2813 580 3095 650 Reliquum
3127 583 3302 653 igitur
3331 594 3432 648 est,

1865 685 1922 727 ut
1954 689 2206 729 sermone
2256 673 2533 727 invenisse
2581 689 2638 728 se
2665 675 2780 744 ejus
2811 675 3167 728 substantiam
3223 676 3432 728 dicant.

1864 765 1982 830 Quo
2021 766 2284 819 tandem?
2314 776 2368 820 et
2399 782 2506 835 qun
2546 766 2663 821 loco
2705 764 3000 833 Scriptura:
3036 766 3211 822 editus
3256 768 3431 822 est?a

1864 875 1971 928 quo
2001 869 2306 914 sanctorum
2334 860 2604 915 traditus?

1936 1041 2024 1095 I5.
2064 1039 2225 1096 Certe
2250 1041 2316 1094 de
2347 1040 2619 1093 creatione
2658 1040 2746 1107 qui
2781 1041 3049 1105 disseruit,
3104 1050 3308 1095 tantum
3335 1043 3428 1097 do-

1864 1135 1976 1189 cuit
2021 1149 2142 1198 nos,
2180 1134 2343 1186 Deum
2398 1133 2449 1186 in
2482 1132 2743 1199 principio
2780 1132 2972 1186 fecisse
3019 1132 3212 1185 caelum
3251 1145 3300 1186 et
3325 1145 3431 1188 ter-

1867 1237 2004 1290 rain,
2049 1236 2213 1294 atque
2264 1234 2461 1280 terram
2529 1225 2696 1279 fuisse
2739 1225 3059 1278 invisibilem
3111 1235 3164 1278 et
3214 1225 3430 1278 inorna-

1869 1327 1975 1370 tam
1998 1315 2078 1382 τις
2130 1316 2261 1370 satis
2310 1313 2411 1370 sibi
2445 1329 2566 1368 esse
2614 1324 2785 1377 ratus,
2825 1329 2946 1367 eum
2977 1316 3065 1384 qui
3117 1317 3252 1369 hanc
3305 1315 3430 1369 fecit

1867 1420 2027 1477 atque
2074 1409 2376 1470 exornavit,
2429 1407 2726 1476 praedicare
2783 1425 2795 1461 :
2848 1422 2965 1476 quae
2993 1421 3119 1460 vero
3162 1408 3280 1477 ejus
3306 1409 3430 1462 sub-

1867 1504 2065 1557 stantia
2123 1503 2279 1565 forct,
2338 1510 2590 1569 tanquam
2620 1499 2885 1554 sifuisset
2940 1500 3189 1568 quiddam
3234 1516 3428 1554 vanum

1865 1605 1918 1650 et
1948 1595 2292 1648 audientibus
2335 1595 2543 1657 inutile,
2572 1595 2743 1647 noluit
2771 1593 3041 1647 curiosius
3080 1592 3404 1660 investigare

1866 1692 2048 1761 Itaque
2091 1692 2134 1745 si
2175 1707 2350 1760 neque
2379 1706 2444 1745 ex
2491 1706 2744 1746 sensuum
2799 1691 3127 1756 testimonio,
3163 1705 3334 1758 neque
3362 1704 3426 1742 ex

1865 1783 2128 1836 sermonis
2157 1783 2426 1845 doctrina,
2458 1783 2692 1852 cognitio
2724 1781 2842 1847 ejus
2882 1790 3111 1846 constat,
3154 1783 3295 1834 unde
3321 1783 3429 1850 jam

187 1893 348 1928 σουσι
377 1878 473 1947 τὴν
504 1879 807 1949 κατάληψιν
846 1878 1014 1949 αὐτῆς
1055 1880 1376 1950 ἐσχηκέναις
1414 1879 1486 1932 Τὸ
1523 1881 1622 1950 μὲν
1653 1880 1758 1949 γὰρ

1860 1875 2041 1930 dicent
2074 1875 2608 1944 comprehensionem
2649 1873 2816 1942 ipsius
2863 1873 3087 1942 adeptos
3117 1874 3272 1928 esse?
3298 1873 3429 1928 Nam

178 1971 314 2021 ὅσον
350 1972 515 2038 αὐτῆς
537 1971 810 2042 αἰσθητὸν,
843 1973 873 2040 ἢ
922 1973 1120 2042 χρῶμά
1146 1974 1311 2036 ἐστιν,
1347 1974 1378 2042 ἢ
1404 1973 1638 2045 ὅγκος,ἢ
1667 1973 1761 2044 βά-

184 2080 304 2132 ρος,
337 2062 368 2133 ἢ
405 2063 691 2132 κουφότης,
741 2062 772 2134 ἢ
806 2064 1096 2133 πυκνότης,
1150 2063 1181 2134 ἦ
1217 2067 1504 2137 χαυνότης,
1537 2067 1569 2139 ἢ
1614 2068 1761 2120 ἀντι-

179 2158 377 2218 τυπία,
425 2155 782 2226 ἣάπαλότης,
811 2155 842 2226 ἢ
875 2155 1166 2226 ψυχρότης,
1215 2158 1246 2228 ἢ
1286 2159 1572 2230 θερμότης,
1630 2159 1661 2230 ἥ
1704 2162 1758 2213 αί

180 2247 334 2300 κατὰ
365 2247 488 2309 τοὺς
515 2247 719 2316 χυμοὺς
747 2247 1050 2316 ποιότητες,
1091 2247 1123 2317 ἢ
1156 2250 1210 2300 ai
1242 2251 1384 2300 κατά
1416 2251 1597 2320 σχῆμα
1643 2251 1760 2303 δια-

182 2339 355 2410 φοραί
388 2337 496 2410 (82)
519 2359 531 2371 ·
574 2334 648 2392 ὧν
684 2340 833 2392 οὐδὲν
865 2338 929 2392 ἂν
955 2339 1140 2392 οὐσίαν
1186 2341 1387 2393 εἴποιεν
1433 2337 1596 2406 οῦτοι,
1640 2342 1759 2393 οὐδὲ

181 2435 238 2483 εἰ
271 2431 444 2485 πάντα
482 2432 676 2503 ῥαδίως
703 2433 928 2499 λέγοιεν.
966 2433 1121 2502 Λόγῳ
1156 2431 1210 2484 δὲ
1257 2432 1418 2485 πάλιν
1463 2433 1634 2486 οὐδενὶ
1667 2433 1758 2501 γέ-

180 2541 313 2591 γονε
366 2522 610 2596 Θεωρητὴ
655 2523 760 2577 τῶν
816 2524 994 2592 σοφῶν
1047 2524 1140 2576 καὶ
1184 2526 1467 2596 μακαρίων
1512 2526 1757 2598 ἀνδρῶν’

181 2618 340 2678 ποῖος
363 2612 453 2668 οὖν
483 2617 560 2668 ἔτι
597 2616 793 2686 τρόπος
834 2615 932 2686 τῆς
966 2614 1217 2685 γνώσεως
1246 2618 1590 2671 ὑπολείπεται
1615 2619 1757 2690 (85);

193 2709 710 2780 Ἀποκρινάσθωσαν
746 2711 872 2781 ἡμῖν
901 2713 949 2763 oi
972 2711 1420 2781 περιφρονοῦντες
1457 2713 1554 2782 μὲν
1587 2712 1761 2765 πάντα

178 2802 260 2854 τὰ
288 2802 344 2853 ὲν
391 2803 534 2865 ποσὶ,
576 2801 945 2865 διαϐαίνοντες
988 2803 1044 2855 δὲ
1069 2803 1158 2854 τὸν
1185 2803 1431 2873 οὐρανὸν,
1466 2804 1557 2857 καὶ
1582 2804 1760 2865 πάσας

178 2892 288 2956 τὰς
315 2893 712 2965 ὑπερκοσμίους
741 2894 1018 2965 δυνάμεις,
1047 2895 1179 2962 αὐτῇ
1209 2895 1264 2946 δὲ
1296 2897 1360 2964 τῇ
1397 2894 1585 2965 πρώτῃ
1606 2892 1760 2964 οὐσίᾳ

177 2986 276 3039 διὰ
309 2987 400 3039 τοῦ
427 2987 516 3039 νοῦ
555 2989 967 3057 συναπτόμενοι.
1005 2986 1142 3037 Ἀλλ’
1163 2985 1334 3038 ἔοικεν
1363 2989 1390 3038 ὁ
1419 2986 1584 3054 τῦφος
1622 2987 1758 3039 πάν·

177 3096 295 3131 των
329 3074 466 3132 εἶναι
512 3079 618 3131 τῶν
648 3081 704 3131 ὲν
747 3078 1051 3150 ἀνθρώποις
1091 3077 1277 3132 παθῶν
1308 3077 1417 3149 (84)
1447 3078 1762 3149 χαλεπώτα-

174 3189 298 3236 τον,
339 3173 430 3225 καὶ
463 3173 629 3236 ὅντως
671 3172 750 3243 τῷ
788 3173 879 3226 τοῦ
929 3173 1172 3226 διαϐόλου
1220 3173 1446 3244 κρίματι
1499 3172 1760 3245 περιϐάλ-

175 3264 320 3326 λειν,
359 3259 439 3328 οἷς
478 3263 544 3316 ἂν
573 3264 939 3335 προσγένηται
969 3263 1100 3335 (85).
1136 3263 1297 3316 Ὅθεν
1346 3263 1438 3316 καὶ
1469 3257 1613 3315 οὗτοι
1641 3262 1762 3315 οὐδὲ

175 3356 288 3426 τῆς
321 3356 442 3426 γῆς,
499 3358 565 3428 ἣν
619 3357 1012 3420 καταπατοῦσι,
1048 3356 1144 3422 τὴν
1196 3356 1376 3424 φύσιν,
1429 3356 1548 3426 ἣτις
1594 3356 1758 3421 ἐστὶν,

177 3447 558 3516 ἐπιστάμενοι,
594 3447 763 3518 αὐτὴν
794 3446 1116 3518 ἐμϐατεύειν
1153 3447 1249 3515 τὴν
1279 3446 1463 3499 οὐσίαν
1499 3445 1592 3498 τοῦ
1625 3445 1759 3497 Θεοῦ

176 3542 294 3594 τῶν
342 3539 476 3592 ὅλων
513 3538 922 3602 ἀλαζονεύονται
951 3538 1083 3609 (86).
1119 3538 1228 3591 Καὶ
1278 3540 1390 3599 τοῖς
1443 3537 1539 3606 μὲν
1588 3537 1760 3605 ἁγίοις

175 3632 351 3686 αὐτοῦ
381 3635 408 3685 ὁ
441 3632 592 3694 Θεὸς,
642 3633 718 3703 τῷ
762 3631 1010 3703 Ἀϐραὰμ
1059 3629 1153 3683 καὶ
1207 3628 1282 3699 τῷ
1323 3627 1504 3681 Ίσαάκ
1537 3630 1629 3682 καὶ
1684 3628 1760 3699 τῷ

189 3723 413 3787 Ἰακὼϐ,
447 3716 542 3787 ὧν,
567 3723 655 3776 διὰ
683 3724 744 3777 τὸ
771 3725 851 3788 είς
889 3725 1066 3777 πᾶσαν
1117 3721 1315 3794 ἀρετὴν
1341 3722 1533 3787 τελεῖν,
1583 3723 1676 3776 καὶ
1700 3721 1760 3774 τὸ

174 3816 318 3879 Θεὸς
373 3813 747 3885 ὀνομάζεσθαι,
785 3816 859 3880 ὥς
910 3834 961 3868 τι
1021 3815 1300 3886 ἐξαίρετον
1333 3817 1427 3867 καὶ
1458 3816 1664 3886 πρέπον
1693 3817 1757 3885 τῇ

174 3905 379 3960 ἑαυτοῦ
406 3905 802 3976 μεγαλειότητι,
835 3908 1189 3978 προετίμησε,
1215 3907 1386 3972 λέγων
1415 3907 1603 3958 ἑαυτὸν
1629 3907 1759 3959 Θεὸν

191 3995 468 4073 Ἀϐραὰμ,
505 3996 597 4048 καὶ
626 3996 757 4049 Θεὸν
802 3996 1006 4058 Ἰσαὰκ,
1032 3999 1125 4048 καὶ
1145 3997 1277 4048 Θεὸν
1319 3995 1509 4049 Ἰακώϐ
1529 4012 1540 4023 ·
1580 3995 1757 4049 Τοῦτο

175 4089 297 4158 γάρ
314 4090 430 4158 μού
458 4090 628 4143 ἐστιν
657 4087 767 4160 (87)
799 4088 983 4157 ὄνομα
1015 4087 1271 4156 αἰώνιον,
1300 4090 1451 4161 φησι,
1482 4087 1580 4142 καὶ
1607 4105 1758 4158 μνη-

169 4182 458 4249 μόσυνον
502 4181 720 4252 τετέῶν
769 4181 1020 4253 γενεαῖς.
1057 4181 1276 4246 Τούτοις
1322 4183 1498 4236 τοίνυν
1550 4181 1667 4235 οὐδὲ
1698 4180 1758 4233 τὸ

175 4275 356 4344 ὄνομα
381 4275 572 4327 ἑαυτοῦ
600 4276 868 4346 ἐδήλωσεν
906 4279 934 4329 ὁ
967 4275 1118 4340 Θεὸς,
1147 4276 1286 4346 ἦπου
1328 4293 1392 4343 γε
1424 4275 1522 4346 τὴν
1571 4274 1756 4328 οὐσίαν

174 4367 307 4435 ἥτις
356 4365 504 4417 ἐστὶν
537 4365 906 4433 ἀπεκάλυψεν.
955 4367 1102 4434 Ἐγὼ
1148 4365 1279 4433 γὰρ,
1317 4364 1470 4434 φησι,
1505 4363 1753 4430 Κύριος·

174 4457 282 4510 καὶ
328 4455 533 4523 ὤφθην
574 4456 723 4523 πρὸς
768 4455 1018 4522 Ἀϐραὰμ
1064 4455 1197 4524 (88),
1242 4454 1339 4507 καὶ
1402 4453 1618 4515 Ἰσαὰκ,
1660 4449 1755 4503 καὶ

1859 1971 1998 2038 quod
2032 1970 2084 2023 in
2119 1985 2179 2024 ea
2226 1966 2480 2023 sensibile
2518 1975 2621 2030 est,
2658 1975 2749 2019 aut
2781 1965 2930 2020 color
2958 1974 3059 2031 est,
3107 1973 3199 2018 aut
3239 1966 3429 2030 moles,

1859 2070 1950 2114 aut
1981 2062 2241 2129 gravitas,
2277 2069 2368 2113 aut
2395 2059 2609 2121 levitas,
2661 2065 2752 2110 aut
2793 2057 3057 2120 densitas,
3088 2066 3180 2110 aut
3212 2056 3426 2120 raritas,

1859 2164 1950 2207 aut
1982 2154 2224 2216 durities,
2274 2163 2366 2206 aut
2417 2152 2699 2217 mollities,
2736 2160 2829 2203 aut
2867 2151 3155 2219 frigiditas,
3187 2149 3429 2203 autcali-

1858 2247 2019 2310 ditas,
2045 2257 2134 2299 aut
2177 2246 2463 2298 humorum
2501 2244 2813 2311 qualitates,
2845 2251 2939 2295 aut
2991 2243 3170 2310 figurae
3197 2244 3428 2298 diversi—

1860 2349 1980 2392 tas:
2010 2353 2235 2407 quorum
2271 2337 2322 2391 hi
2360 2337 2489 2390 nihil
2515 2337 2747 2390 dixerint
2782 2334 3165 2399 substantiam,
3213 2336 3426 2388 etiamsi

1857 2429 2038 2482 omnia
2086 2427 2244 2481 facile
2290 2426 2504 2481 soleant
2554 2426 2837 2479 aliirmare.
2881 2423 3090 2477 Rursus
3130 2423 3276 2476 nullo
3313 2438 3426 2476 ser-

1859 2537 2016 2577 mone
2043 2521 2366 2591 sapientium
2404 2521 2638 2574 virorum
2668 2529 2827 2588 atque
2862 2517 3144 2572 beatorum
3178 2527 3428 2586 percepta

1858 2624 1960 2669 est.
1996 2613 2126 2679 Quis
2157 2614 2319 2682 igitur
2344 2612 2455 2680 jam
2487 2619 2729 2678 superest
2780 2609 2967 2662 modus
2998 2609 3428 2677 comprehensio-

1862 2707 1985 2760 nis?
2028 2706 2399 2772 Respondeant
2433 2702 2586 2755 nobis
2619 2702 2708 2768 qui
2751 2710 2940 2754 cuncta
2975 2717 3095 2769 quae
3134 2703 3232 2756 sub
3277 2700 3429 2770 pedi-

1857 2795 1957 2850 bus
1987 2803 2132 2857 sunt,
2161 2793 2464 2863 despiciunt
2504 2810 2516 2844 :
2548 2791 2742 2846 coelum
2774 2806 2898 2846 vero
2932 2801 2986 2846 et
3018 2792 3281 2860 quaslibet
3314 2806 3428 2847 cae-

1858 2889 2020 2945 lestes
2071 2895 2364 2958 potestates
2409 2886 2813 2949 transcendunt,
2866 2898 2927 2937 ac
2963 2884 3058 2953 ipsi
3094 2884 3276 2952 prima:
3299 2885 3426 2937 sub-

1859 2982 2072 3038 stantia:
2099 2993 2274 3036 mente
2301 2978 2724 3048 coniunguntur.
2756 2975 2861 3031 Sed
2893 2978 3100 3030 videtur
3125 2977 3428 3046 arrogantia

1859 3078 2098 3131 Omnium
2164 3075 2518 3127 humanorum
2568 3069 3226 3138 vitiorumgravissimum
3289 3084 3424 3132 esse,

1862 3178 1916 3223 et
1938 3167 2132 3237 quibus
2172 3167 2329 3228 inest,
2372 3179 2466 3218 eos
2505 3177 2630 3217 vere
2655 3161 2850 3215 diaboli
2878 3161 3104 3215 crimine
3143 3162 3426 3229 implicari.

1868 3263 2016 3317 Unde
2035 3263 2196 3315 etiam
2228 3260 2304 3324 hi,
2341 3273 2407 3313 ne
2438 3266 2717 3312 noscentes
2744 3256 2955 3325 quidem
2985 3254 3157 3323 qualis
3173 3256 3241 3307 sit
3273 3263 3429 3309 terrae

1862 3371 2022 3425 quant
2058 3354 2267 3410 calcant
2300 3363 2511 3416 natura,
2557 3351 2725 3419 ipsam
2761 3349 2851 3403 Dei
2897 3350 3271 3403 universorum
3303 3349 3430 3404 sub'

1862 3448 2117 3504 stantiam
2176 3448 2326 3501 adire
2388 3459 2446 3498 se
2478 3451 2792 3514 arroganter
2840 3451 3109 3498 asserunt.
3167 3441 3232 3495 Et
3290 3441 3440 3501 Deus.

1861 3541 2063 3595 sanctis
2101 3538 2316 3607 quidem
2365 3538 2498 3604 suis,
2545 3536 2819 3591 Abraham
2869 3544 2925 3586 et
2959 3533 3106 3587 Isaac
3145 3542 3198 3588 et
3239 3520 3428 3595 JacOIi,

1861 3646 2110 3699 quorum,
2145 3631 2214 3685 ob
2254 3630 2420 3684 totius
2441 3629 2659 3683 virtutis
2685 3624 3097 3696 perfectionem,
3130 3627 3284 3694 quasi
3326 3627 3428 3678 hoc

1863 3722 2055 3777 fuisset
2088 3724 2416 3794 prmcipuum
2463 3721 2713 3788 quiddam
2751 3733 2813 3771 ac
2841 3716 3101 3785 majestati
3132 3731 3261 3772 sua:
3296 3733 3426 3772 cun-

1861 3816 2106 3877 veniens,
2143 3817 2282 3869 Deus
2325 3815 2485 3867 etiam
2523 3811 2790 3866 nominari
2839 3811 3027 3877 voluit,
3062 3810 3225 3866 Deum
3256 3811 3428 3865 Abra-

1860 3907 1981 3960 ham
2005 3907 2238 3976 seipsum
2273 3903 2569 3974 appellans,
2595 3916 2648 3958 et
2679 3905 2844 3959 Deum
2875 3904 3046 3968 Isaac,
3078 3914 3130 3958 et
3153 3905 3314 3958 Deum
3337 3900 3423 3956 Ja-

1859 3999 1958 4052 cob
1989 4018 2002 4051 :
2041 3996 2158 4051 Hoc
2191 3998 2327 4051 enim
2357 4017 2540 4054 nomen
2574 4016 2742 4053 meum
2781 4007 2856 4050 est
2901 4007 3171 4059 a'terunm,
3224 3996 3423 4064 inquit,

1858 4099 1907 4144 et
1966 4091 2270 4147 ntemoriale
2321 4095 2712 4163 generationem
2756 4089 3174 4159 generationibus
3205 4075 3425 4142 "aliis

1859 4182 2023 4251 igitur
2053 4199 2121 4238 ne
2145 4201 2296 4238 suum
2335 4185 2550 4253 quidem
2587 4197 2783 4237 nomen
2823 4180 3112 4234 declaravit
3151 4177 3305 4238 Deus.
3340 4194 3426 4231 ne-

1859 4278 1982 4328 dum
2016 4291 2133 4344 qum
2189 4275 2260 4329 sit
2315 4290 2408 4329 sua
2455 4275 2624 4341 ipsius
2658 4272 2916 4334 essentia,
2981 4269 3256 4324 revelarit.
3313 4268 3426 4338 Ego

1858 4367 2013 4432 enim,
2089 4367 2260 4435 inquit
2310 4366 2563 4420 Dominus
2594 4381 2611 4418 :
2640 4377 2688 4419 et
2748 4365 2884 4417 visus
2916 4375 3030 4412 sum
3062 4359 3335 4412 Abraham
3373 4372 3422 4412 et

1859 4455 2014 4509 Isaac
2058 4457 2220 4527 226
2258 4468 2304 4510 et
2333 4461 2527 4520 Jacob,
2585 4457 2719 4508 Deus
2762 4453 3013 4506 exsistem
3062 4451 3328 4520 ipsorum;
3378 4460 3425 4503 et

191 4546 420 4621 Ἰακὼϐ,
464 4545 607 4613 Θεὸς
640 4545 725 4600 ὢν
763 4543 994 4599 αὐτῶν·
1043 4545 1138 4596 καὶ
1180 4547 1245 4597 τὸ
1284 4543 1468 4613 ὄνομά
1489 4562 1607 4612 μου
1643 4544 1752 4596 οὐκ

1860 4563 2040 4601 numen
2079 4565 2245 4601 meum
2281 4565 2381 4601 non
2414 4550 2639 4601 iudicavi
2673 4547 2800 4615 ipsis
2828 4548 2908 4610 ”;
2961 4555 3213 4613 tanquam
3251 4547 3422 4613 majus

171 4640 462 4709 ἐδήλωσα
494 4639 734 4706 αὐτοῖς·
783 4638 854 4701 ὡς
915 4636 1096 4707 μεῖζον
1137 4635 1438 4706 δηλονότιῆ
1486 4634 1625 4687 ὥστε
1668 4635 1760 4686 ἀν-

173 4732 427 4804 θρωπίνῃ
462 4732 596 4802 ἀκοῇ
631 4731 962 4803 χωρηθῆναι.
1007 4728 1253 4798 Εὑνομίῳ
1284 4729 1392 4798 (89)
1433 4729 1509 4792 δὲ,
1543 4729 1618 4790 ὡς
1651 4726 1757 4778 ἔοι-

255 4823 305 4855 ⁷⁸
328 4821 462 4877 Gen.
484 4838 522 4885 ι,
554 4822 678 4886 1,2.
753 4823 800 4852 τ’
833 4823 1001 4876 Exod.
1033 4836 1120 4884 ιιι,
1144 4818 1231 4873 I5.
1305 4820 1350 4849 "
1376 4819 1546 4872 Exod.
1582 4818 1714 4882 v1.2,
1745 4817 1797 4870 5.

257 4917 366 4987 (82)
396 4917 529 4973 Etlili
573 4919 847 4989 διαφοραὶ,
889 4918 921 4988 ἦ
961 4917 1206 4989 μέγεθος.
1254 4914 1356 4969 Sed
1392 4915 1539 4978 illud,
1575 4914 1606 4986 ἢ
1650 4913 1747 4984 μέ-

172 4990 362 5059 γεθος,
389 4989 670 5044 deleutium
701 4989 1033 5053 censuimus,
1069 4990 1225 5059 fidem
1247 4996 1488 5059 veterum
1519 4996 1748 5059 quatuor

174 5055 444 5114 librorum
478 5062 666 5114 secuti.
705 5059 808 5113 Nec
850 5059 1003 5111 valde
1039 5058 1322 5112 admodum
1366 5055 1569 5119 dubito,
1617 5057 1746 5125 quin

174 5128 376 5184 melius
411 5129 571 5193 absit,
605 5145 727 5183 cum
752 5129 1024 5197 aliquanto
1082 5139 1205 5182 ante
1238 5143 1335 5181 vox
1365 5125 1527 5197 ὄγκος
1575 5127 1744 5193 posita

173 5203 275 5265 sit,
312 5212 428 5265 qua
463 5215 568 5257 non
605 5214 747 5263 raro,
785 5195 855 5252 ut‘
880 5209 1061 5252 notum
1106 5206 1208 5261 est,
1244 5199 1382 5250 idem
1422 5195 1562 5248 valet
1604 5197 1745 5262 quod

172 5285 289 5323 vox
337 5268 582 5337 μεγέθος.
626 5271 849 5324 Accedit
893 5271 1075 5332 etiam,
1119 5274 1258 5337 quod
1297 5268 1392 5322 has
1420 5267 1552 5319 duas
1589 5281 1746 5319 voces

173 5336 462 5408 interpres
496 5349 650 5392 vetus
699 5355 802 5392 non
847 5340 1145 5408 agnoverit.
1188 5336 1391 5392 Ibidem
1429 5352 1556 5392 IIISS.
1589 5337 1740 5389 οὐδὲν

172 5409 266 5463 ἄν.
301 5406 497 5460 Vocula
518 5408 583 5460 ἄν
612 5413 662 5462 in
690 5409 848 5464 editis
882 5406 1085 5462 deerat.

250 5476 369 5549 (83)
397 5476 525 5540 Reg.
553 5491 777 5549 quartus
804 5478 1054 5547 γνώσεως
1101 5476 1504 5549 ὑπολέλειπται.
1541 5477 1738 5549 Ibidem

171 5546 307 5603 editi
347 5546 825 5616 ἀποκρινέσθωσαν
869 5551 998 5616 ἡμῖν
1037 5550 1085 5599 oi
1113 5546 1566 5616 περιφρονοῦντες
1605 5546 1742 5596 πάνυ

171 5633 268 5669 τα.
304 5617 482 5668 Codex
527 5615 678 5668 Colb.
720 5628 771 5667 et
815 5615 963 5682 Regii
999 5629 1106 5669 tres
1137 5619 1226 5670 ita.
1255 5625 1309 5663 ut
1344 5615 1633 5682 edidimus.

248 5683 364 5746 (84)
395 5684 532 5752 Reg.
557 5693 777 5752 quartus
812 5681 920 5735 τῶν
947 5683 1297 5752 ἀνθρωπίνων
1320 5681 1526 5752 παθῶν.

249 5752 361 5816 (80)
389 5751 572 5801 Potest
603 5750 690 5801 hic
723 5751 888 5810 locus,
915 5754 958 5801 si
985 5749 1132 5812 libet,
1168 5750 1298 5800 verti
1326 5759 1377 5798 et
1407 5750 1505 5797 huc
1531 5749 1685 5799 modo
1720 5763 1735 5799 :

172 5829 223 5874 rt
251 5815 304 5869 in
338 5815 526 5869 quibus
549 5821 696 5878 inest,
728 5833 812 5868 eos
843 5835 951 5870 rere
975 5818 1169 5869 diaboli
1205 5815 1626 5868 rondemnationi
1655 5816 1736 5866 ob-

1864 4638 2128 4700 videlicet,
2157 4654 2316 4706 quam
2351 4649 2407 4692 ut
2435 4640 2681 4693 humanae
2706 4653 2863 4693 aures
2886 4638 3120 4706 capiant.
3148 4636 3215 4687 At
3243 4633 3425 4688 Euno-

1866 4730 1995 4793 mio,
2031 4739 2089 4782 ut
2118 4731 2351 4797 videtur,
2392 4747 2494 4785 non
2522 4747 2713 4785 nomen
2752 4731 2930 4793 modo,
2957 4727 3051 4781 sed
3077 4728 3240 4781 etiam
3272 4742 3423 4782 suam

1853 4913 2038 4966 noxios
2066 4912 2298 4967 reddere.
2350 4913 2470 4966 Mox
2516 4912 2644 4966 editi
2667 4906 2733 4983 ἧς
2763 4907 3157 4964 καταπατοῦσι.
3191 4907 3256 4959 At
3290 4921 3421 4960 mss.

1851 4999 1955 5037 non
1993 4999 2142 5037 DﬂUCI
2169 4999 2257 5037 ην.

1923 4999 2052 5125 {‘85.
2063 4983 2707 5125 ιἑᾝίίίνἰἰιλιπι-ςονεύοντοις,
2756 5047 3088 5125 negligentia
3113 5061 3416 5125 operarum.

1851 5117 2139 5193 Aliquanto
2190 5129 2312 5193 post.
2357 5120 2489 5191 Reg.
2533 5129 2757 5191 quartus
2807 5121 2874 5189 τῇ
2927 5117 3092 5170 αὑτοῦ
3143 5117 3423 5188 μεγαλειό-

1848 5211 1989 5248 τητι.

1883 5212 2032 5333 ηἷὲἶῖ)
2063 5263 2193 5326 Reg.
2226 5270 2450 5333 quartus
2475 5261 2583 5331 γάρ
2613 5259 2701 5331 μοί
2727 5260 2893 5314 ἐστιν.
2939 5259 3082 5313 Infra
3113 5273 3242 5314 mss.
3267 5257 3420 5311 multi

1846 5335 1986 5404 ἦπου
2016 5334 2112 5404 τὴν
2133 5334 2340 5387 οὐσίαν.

1917 5352 1986 5386 του
2016 5353 2048 5387 τ
2085 5352 2112 5385 ν
2133 5351 2340 5387 ουσιαν.

1917 5405 2027 5471 (88)
2049 5351 2195 5456 ⁷ίιῖιιὶιί
2221 5413 2271 5456 et
2304 5416 2440 5456 unus
2473 5399 2766 5471 codexixai
2796 5400 2982 5470 ὤφθην
3021 5398 3099 5471 τῷ
3135 5396 3415 5471 μἈϐραάμ.

1846 5468 1946 5526 Alii
1978 5468 2213 5542 quinque
2257 5488 2384 5526 mss.
2419 5471 2512 5542 mi.
2551 5469 2741 5542 ῷξρθῃν
2772 5471 2906 5538 πρὸς
2939 5468 3215 5537 Ἃϐραάμ,
3247 5477 3301 5519 et
3339 5468 3414 5518 ita

1846 5536 2047 5595 edituin
2083 5536 2349 5593 invenitur
2377 5540 2514 5604 apud
2548 5536 2712 5593 LXX.

1917 5611 2028 5676 (89)
2061 5609 2197 5659 Editi
2227 5620 2279 5659 et.
2307 5600 2437 5672 Reg.
2465 5613 2736 5676 secundus
2753 5603 3064 5676 χωρηθῆναι
3087 5600 3403 5676 δυνάμενον.

1842 5668 1944 5730 Alii
1983 5668 2090 5728 tres
2143 5691 2269 5727 mss.
2303 5668 2617 5742 χωρηθῇναι
2653 5675 2727 5740 μὴ
2753 5668 3084 5742 δυνάμενον.
3123 5668 3273 5742 Regii
3298 5676 3402 5742 duo

1840 5753 1894 5796 et
1918 5745 2068 5808 Colb.
2115 5737 2453 5810 χωρηθῆναιξ
2486 5737 2754 5810 Εὐνομίῳ,
2777 5751 2831 5791 et
2864 5737 3231 5810 inveniendum
3256 5737 3400 5798 judi-

1841 5804 2097 5864 cavimus.
2115 5804 2209 5862 'Et'
2225 5804 2350 5862 vero
2399 5806 2546 5871 illud,
2577 5804 2736 5868 ὥστε,
2772 5807 2904 5872 regit
2947 5804 3261 5856 infinitivum
3293 5815 3394 5866 χω-
