4058 6320
671 322 773 374 545

2052 316 2291 372 BASlLll
2331 313 2544 370 MAGNI

3773 308 3869 358 iiii

668 435 833 500 ipsam
858 440 1142 484 essentiam
1168 431 1306 484 Deus
1335 433 1586 498 patefecit
1609 449 1621 483 :
1647 441 1699 485 ct
1721 447 1975 490 arcanum
1999 443 2204 486 tantum
2238 479 2241 490 ,

2336 448 2419 493 εεν,
2447 430 2505 482 οὐ
2542 427 2600 481 τὸ
2642 428 2810 496 ὄνομα
2843 428 3021 496 μόνον,
3053 425 3184 479 ἀλλά
3226 425 3319 476 καὶ
3355 423 3518 494 αὐτὴν
3557 419 3730 473 αὑτοῦ
3769 420 3870 487 (90)

664 521 804 588 quod
843 519 968 572 nulli
1000 529 1305 573 sanctorum
1350 522 1450 576 fuit
1479 532 1741 588 apertum,
1776 526 1889 595 ipse
1927 527 1978 577 in
2009 524 2119 576 suis
2148 523 2210 574 li-

665 609 777 666 bris
803 611 1148 666 conscribens
1187 613 1381 681 prodit,
1411 628 1471 667 ac
1510 622 1710 669 temere
1737 619 1873 687 apud
1903 633 2090 672 omnes
2122 617 2214 670 ho-

664 703 835 755 mines
887 700 1079 758 ell‘utit.
1132 703 1198 757 Et
1244 719 1362 774 quae
1409 705 1625 772 quidem
1678 707 1731 761 in
1773 708 2214 778 promissionibus

663 791 818 846 nobis
847 793 1072 861 reposita
1115 804 1259 858 sunt,
1286 795 1573 848 humanam
1613 812 1826 854 omnem
1857 799 2212 869 cOgnitionem

664 882 951 947 excedunt,
979 895 1032 940 et
1059 901 1159 954 pax
1188 885 1281 939 Dei
1313 884 1640 941 intellectum
1665 904 1875 958 omnem
1905 889 2177 959 superat"
2200 906 2212 919 -

664 975 832 1044 ipsam
872 992 996 1032 vero
1032 977 1122 1032 Dei
1160 982 1449 1034 essentiam
1475 995 1634 1048 supra
1675 998 1890 1038 onmem
1917 982 2219 1054 intelligen-

669 1067 799 1122 tiam
836 1079 890 1123 et
941 1084 1100 1139 supra
1128 1071 1416 1127 humanam
1463 1088 1676 1132 omnem
1721 1075 2078 1144 cognitionem
2102 1091 2220 1131 esse

666 1174 772 1212 non
805 1159 936 1216 vult.

743 1250 825 1304 14.
859 1251 968 1321 Ego
993 1268 1121 1308 vero
1160 1253 1330 1323 ipsius
1353 1255 1884 1323 comprehensionem
1921 1271 2024 1311 non
2052 1256 2223 1311 homi-

668 1355 765 1396 nes
791 1342 984 1406 solum,
1023 1345 1115 1398 sed
1162 1359 1374 1401 omnem
1420 1348 1584 1399 etiam
1622 1347 1938 1403 rationalem
1978 1359 2222 1403 naturam

668 1432 934 1485 excedere
972 1433 1228 1489 arbitror.
1266 1434 1414 1488 Nunc
1455 1445 1634 1490 autem
1681 1453 1800 1491 cum
1832 1440 1951 1492 dico
1985 1439 2224 1493 rationav

670 1523 798 1588 lem,
832 1535 1068 1580 creatam
1102 1527 1242 1580 dico.
1284 1526 1418 1580 Nam
1447 1530 1544 1582 soli
1579 1530 1717 1584 Filio
1744 1542 1903 1585 notus
1933 1542 2015 1586 est
2051 1526 2229 1596 Pater:

669 1625 725 1670 et
772 1615 993 1685 Spiritui
1048 1629 1254 1672 sancto.
1318 1618 1484 1674 Nemo
1532 1623 1669 1675 enim
1720 1625 1856 1676 novit
1896 1623 2102 1678 Patrem
2131 1627 2229 1680 nisi

672 1706 923 1763 Filius".
973 1708 1038 1762 Et
1071 1727 1086 1762 :
1124 1708 1355 1776 Spiritus
1397 1713 1573 1766 omnia
1600 1722 1886 1781 scrutatur,
1918 1699 2073 1770 etiam
2103 1733 2226 1788 pro~

2309 521 2405 590 τὴν
2429 521 2611 573 οὐσίαν
2635 520 2663 569 ὁ
2690 519 2819 582 Θεὸς
2847 520 3125 587 ἐνεφάνισε
3147 534 3160 546 -
3197 517 3289 568 καὶ
3317 517 3378 566 τὸ
3412 515 3662 568 τοσοῦτον
3699 512 3872 578 ἀπόρ-

2313 611 2492 680 ῥητόν,
2526 611 2553 663 ὂ
2586 609 2769 680 μηδενὶ
2805 607 2911 660 τῶν
2941 609 3110 676 ἁγίων
3144 603 3476 676 ἐφανερώθη,
3509 603 3673 666 αὐτὸς
3709 605 3770 653 ἐν
3801 600 3870 668 βία

2311 698 2456 762 ὅλοις
2488 702 2708 771 γράφων
2749 697 3056 769 δημοσιεύει
3100 700 3192 751 καὶ
3223 693 3433 751 ἐκλαλεῖ
3465 698 3628 748 πᾶσιν
3661 688 3875 759 ἀνθρώ-

2313 807 2432 854 ποις
2457 790 2886 862 ἀπερισκέπτως.
2920 789 3030 842 Καὶ
3055 789 3122 840 τὰ
3151 790 3248 858 μὲν
3281 793 3335 842 ἐν
3361 787 3720 852 ἐπαγγελίαις
3754 781 3878 835 ἀπτο-

2315 880 2539 951 κείμενα
2568 885 2696 954 ἡμῖν
2729 881 2866 951 ὑπὲρ
2899 882 3076 933 πᾶσαν
3101 881 3296 947 γνῶσίν
3327 885 3469 935 ἐστιν
3501 875 3878 947 ἀνθρωπίνην,

2316 975 2410 1028 καὶ
2440 976 2472 1044 ἡ
2520 977 2705 1047 εἰρήνη
2739 973 2830 1026 τοῦ
2859 972 2990 1026 Θεοῦ
3021 973 3273 1042 ὑπερέχει
3304 974 3478 1027 πάντα
3515 968 3673 1022 νοῦν*
3711 967 3878 1033 αὐτὴν

2315 1063 2372 1116 δὲ
2405 1066 2500 1136 τὴν
2531 1067 2717 1119 οὐσίαν
2749 1063 2842 1116 τοῦ
2878 1062 3011 1116 Θεοῦ
3045 1061 3104 1115 οὐ
3138 1063 3483 1133 καταδέχεται
3521 1058 3664 1127 ὑπὲρ
3701 1058 3881 1108 πάντα

2317 1155 2439 1209 νοῦν
2460 1158 2552 1209 καὶ
2583 1158 2718 1228 ὑπὲρ
2752 1157 2926 1208 πᾶσαν
2947 1154 3142 1224 γνῶσιν
3165 1152 3461 1224 ἀνθρώπων
3487 1149 3647 1206 εἶναι.

2391 1246 2475 1299 li.
2507 1244 2669 1318 υἷμαι
2701 1249 2755 1300 δὲ
2787 1247 2884 1299 οὐκ
2918 1245 3229 1316 ἀνθρώπους
3267 1246 3444 1314 μόνον,
3488 1241 3622 1298 ἀλλὰ
3653 1239 3753 1292 καὶ
3785 1239 3886 1288 πᾶ.-

2324 1355 2420 1391 σαν
2457 1338 2676 1412 λογικὴν
2710 1340 2867 1409 φύσιν
2899 1337 3244 1409 ὑπερϐαίνειν
3289 1337 3455 1407 αὐτῆς
3502 1337 3601 1406 τὴν
3645 1330 3884 1396 κατάλη-

2322 1430 2433 1498 ψιν.
2469 1432 2702 1502 Λογικὴν
2733 1433 2788 1485 δὲ
2815 1429 2906 1482 νῦν
2930 1431 3028 1501 τὴν
3053 1431 3109 1482 ἐν
3139 1430 3204 1498 τῇ
3237 1427 3407 1480 κτίσει
3436 1428 3595 1495 λέγω.
3630 1421 3749 1492 Υἱῷ
3783 1421 3888 1489 γὰρ

2329 1520 2472 1590 μόνῳ
2507 1521 2740 1590 γνωστὸς
2764 1524 2790 1574 ὁ
2820 1520 3024 1590 Πατὴρ,
3058 1519 3150 1572 καὶ
3177 1518 3254 1588 τῷ
3292 1516 3427 1586 ἁγίῳ
3463 1517 3746 1599 Ιλνεύματι
3766 1529 3779 1541 ·
3808 1512 3887 1562 ὅτι

2329 1612 2537 1680 Οὐδεὶς
2585 1609 2705 1666 οἶδε
2755 1611 2860 1663 τὸν
2887 1609 3113 1678 Πατέρα
3155 1611 3208 1662 εὶ
3230 1609 3314 1677 μὴ
3363 1609 3396 1660 ὸ
3434 1608 3595 1670 Υἱός·
3646 1603 3768 1664 καὶ,
3822 1602 3887 1654 Τό

2326 1704 2565 1774 Πνεῦμα
2595 1701 2786 1756 πάντα
2823 1699 3054 1769 ἐρευνᾷ,
3098 1701 3194 1754 καὶ
3247 1698 3320 1752 τὰ
3360 1697 3523 1766 ,ϐάθη
3558 1697 3668 1750 τοῦ
3715 1692 3888 1747 Θεοῦ.

674 1799 961 1866 funditates
995 1800 1109 1854 Dei.
1145 1798 1312 1856 Nemo
1352 1804 1487 1857 enim
1519 1806 1679 1867 novit,
1705 1779 1897 1873 inquit,
1928 1779 2224 1876 qum/tomi-

2336 1793 2538 1861 Οὐδεὶς
2601 1794 2708 1860 γὰρ
2746 1789 2889 1855 οἶδε,
2921 1792 3072 1863 φησὶ,
3117 1793 3186 1846 τὰ
3219 1791 3322 1846 τοῦ
3360 1790 3673 1859 ἀνθρώπου
3713 1789 3771 1840 εἰ
3806 1785 3890 1853 μὴ

672 1890 753 1941 nis
786 1899 931 1951 sunt,
959 1892 1057 1944 nisi
1091 1893 1306 1962 spiritus
1350 1893 1574 1947 hominis
1605 1897 1694 1965 qui
1726 1906 1800 1949 est
1829 1897 1884 1950 in
1919 1915 1976 1952 eo
1999 1915 2018 1953 :
2044 1909 2089 1952 et
2115 1913 2228 1966 qua:

673 1978 771 2033 Dei
799 1992 944 2046 sunt,
973 1999 1117 2036 nemo
1150 1985 1308 2047 nouit,
1339 1987 1439 2038 nisi
1464 1985 1694 2055 Spiritus
1726 1991 1812 2054 qui
1839 2003 1912 2044 est
1941 2009 2005 2045 ea:
2041 1991 2224 2044 Deo".

675 2071 812 2139 Quid
845 2074 1007 2143 igitur
1029 2076 1279 2144 praecipui
1303 2076 1602 2147 relinquent
1624 2077 1892 2150 Unigeniti
1916 2083 2228 2151 cognitioni,

675 2173 771 2217 aut
799 2165 970 2218 sancti
1000 2165 1251 2233 Spiritus,
1301 2169 1562 2238 siquidem
1603 2172 1700 2240 ipsi
1734 2173 1898 2238 ipsam
1939 2173 2228 2228 essentiam

676 2255 1178 2323 comprehendunt?
1228 2256 1337 2313 Nec
1386 2260 1527 2313 enim
1576 2263 1849 2329 potentiae,
1888 2263 2142 2319 bonitatis
2171 2281 2231 2319 ac

679 2344 958 2413 sapientiae
990 2346 1079 2400 Dei
1107 2349 1607 2418 contemplationem
1629 2349 1910 2423 Unigenito
1941 2355 2232 2409 attribuen-

679 2445 780 2500 tes,
809 2444 1265 2493 accommodatam
1300 2441 1404 2495 sibi
1428 2456 1547 2497 esse
1567 2446 1810 2500 essentize
1836 2446 2232 2516 intelligentiam

678 2527 966 2595 putabunt.
1000 2527 1132 2584 Nam
1178 2543 1367 2584 contra
1404 2533 1646 2599 omnino,
1682 2538 2082 2606 constatipsam
2117 2541 2236 2608 qui-

679 2617 798 2670 dem
833 2621 1118 2674 essentiam
1173 2623 1298 2676 nulli
1325 2625 1426 2678 nisi
1468 2623 1752 2694 Uuigeuito
1783 2638 1836 2682 et
1859 2627 2077 2697 Spiritui
2112 2646 2236 2684 san-

680 2716 768 2761 cto
806 2711 1141 2779 cogitabilem
1170 2728 1320 2779 esse;
1352 2716 1444 2768 sed
1478 2717 1544 2768 ab
1572 2719 1970 2783 Operationibus
1997 2719 2085 2771 Dei
2115 2722 2238 2774 sub-

680 2810 862 2856 vectos
893 2818 1006 2867 nos,
1042 2812 1096 2858 et
1125 2819 1221 2873 per
1247 2820 1309 2859 ea
1357 2822 1474 2875 quae
1501 2809 1715 2862 condita
1746 2816 1872 2863 sunt
1905 2811 2235 2866 conditorem

686 2893 1068 2966 iutelligentes,
1120 2898 1200 2952 sic
1220 2897 1512 2953 bonitatem
1538 2915 1600 2955 ac
1640 2901 1957 2969 sapientiam
1985 2903 2099 2968 ejus
2118 2916 2238 2972 per-

685 2984 888 3052 cipere.
917 2985 990 3038 De
1019 2989 1122 3040 Deo
1147 2991 1286 3039 enim
1319 2998 1500 3041 notum
1532 2999 1635 3053 est,
1667 2991 1804 3057 quod
1838 2992 2047 3047 cunctis
2077 2993 2241 3046 homi-

685 3075 842 3128 nibus
895 3075 1036 3130 Dens
1077 3075 1529 3132 manil‘estavit”.
1581 3080 1709 3132 Nam
1754 3095 1872 3148 quae
1917 3087 2053 3151 apud
2089 3085 2239 3137 theo-
2267 3111 2312 3170 ο

687 3163 840 3234 logos
870 3165 935 3219 de
968 3166 1199 3220 essentia
1238 3167 1327 3220 Dei
1369 3169 1668 3240 conscripta
1706 3187 1825 3226 esse
1856 3173 2122 3236 videntur,
2150 3189 2244 3243 per

689 3255 950 3324 quasdam
993 3257 1318 3329 tropologias
1353 3271 1444 3314 aut
1488 3263 1647 3315 etiam
1676 3263 1977 3334 allegorias,
2022 3267 2085 3319 ad
2113 3267 2244 3322 alias

689 3346 939 3401 notiones
974 3347 1170 3403 lerunt.
1210 3350 1386 3417 Quare
1412 3354 1454 3406 si
1487 3353 1606 3422 quis
1636 3354 1767 3410 citra
1799 3371 2021 3411 examen
2058 3371 2248 3413 secun-

688 3439 815 3493 dum
842 3453 1057 3494 sensum
1082 3443 1254 3510 magis
1295 3445 1512 3498 obvium
1562 3445 1753 3501 litterae
1800 3448 1952 3502 nudas
2001 3448 2248 3505 insistere

689 3533 997 3596 contendat,
1029 3534 1094 3586 ad
1123 3533 1372 3588 Judaicas
1398 3547 1448 3589 et
1486 3537 1656 3591 aniles
1701 3539 1910 3594 l'ahnlas
1948 3540 2243 3606 devolutus,

688 3621 907 3675 omnino
944 3622 1059 3686 ejus
1098 3623 1165 3675 de
1207 3624 1310 3676 Deo
1351 3626 1604 3688 notionis,
1629 3642 1746 3694 qua:
1770 3629 1927 3698 digna
1963 3630 2051 3693 sit,
2096 3630 2246 3698 inops

689 3723 1054 3766 consenescet.
1111 3713 1243 3766 Nam
1307 3726 1661 3785 praeterquam
1712 3719 1854 3788 quod
1912 3719 2242 3773 materialem

690 3803 975 3873 quamdam
1001 3805 1286 3858 essentiam
1318 3805 1411 3860 Dei
1443 3807 1720 3878 intelliget,
1764 3823 1934 3880 eaque
1967 3811 2019 3865 in
2057 3826 2113 3866 re
2147 3812 2246 3864 im-

693 3895 797 3963 piis
846 3896 1093 3964 gentibus
1125 3898 1469 3962 assentietur,
1505 3899 1675 3969 ipsam
1707 3915 1921 3971 quoque
1958 3911 2012 3957 et
2041 3903 2245 3956 variam

693 3997 747 4042 et
764 3987 1113 4058 compositam
1138 3990 1319 4044 animo
1337 3990 1437 4046 sibi
1461 3989 1645 4060 ﬁnget.
1667 3989 1798 4047 Cum
1823 3993 1962 4049 enim
1991 3993 2246 4064 propheta

697 4091 881 4151 narret
917 4080 1232 4136 electrinum
1270 4083 1488 4152 quidem
1528 4083 1693 4138 Deum
1725 4099 1844 4140 esse
1882 4101 1910 4138 a
1942 4085 2135 4141 lumbis
2163 4102 2251 4140 us—

695 4185 801 4242 que
825 4173 889 4225 ad
929 4188 1182 4242 superna,
1217 4189 1281 4228 ex
1328 4176 1447 4243 igne
1499 4191 1625 4231 vero
1669 4176 1873 4231 inferna
1916 4176 2137 4232 conﬂata
2165 4193 2252 4233 es-

695 4277 753 4318 se
773 4263 816 4295 ⁸¹
861 4281 876 4317 :
913 4265 1222 4333 quicunque
1249 4267 1314 4319 ad
1348 4267 1590 4320 altiorem
1621 4268 1949 4322 intellectum
1991 4285 2082 4338 per
2109 4271 2250 4324 litte-

697 4371 811 4410 ram
841 4371 944 4410 non
979 4357 1240 4421 ascendit,
1283 4356 1377 4411 sed
1427 4359 1699 4426 corporeis
1744 4361 2010 4414 inhaerens
2048 4363 2248 4416 descri-

2329 1886 2394 1939 τὸ
2420 1886 2649 1954 πνεῦμα
2674 1885 2775 1939 τοῦ
2800 1885 3107 1954 ἀνθρώπου
3137 1885 3202 1939 τὸ
3229 1886 3297 1938 ἐν
3328 1882 3481 1947 αὐτῷ
3506 1882 3618 1951 (91)
3641 1897 3654 1908 ·
3689 1879 3790 1931 καὶ
3826 1877 3890 1928 τὸ

2328 1976 2433 2030 τοῦ
2465 1976 2608 2030 Θεοῦ
2638 1976 2834 2043 οὐδεὶς
2865 1977 3124 2046 ἔγνωκεν
3157 1980 3208 2030 εὶ
3229 1977 3313 2045 μὴ
3359 1978 3423 2029 τὸ
3458 1974 3701 2042 Πνεῦμα
3727 1972 3799 2023 τὸ
3827 1974 3891 2022 ἐκ

2330 2067 2434 2121 τοῦ
2460 2065 2625 2120 Θεοῦ.
2661 2067 2723 2120 Τί
2763 2065 2854 2120 οὖν
2891 2068 3161 2137 ἐξαίρετον
3191 2070 3256 2137 τῇ
3299 2066 3492 2135 γνώσει
3523 2065 3617 2118 τοῦ
3653 2067 3890 2131 Mavors-

2331 2159 2514 2228 νοῦςῆ
2556 2158 2649 2212 τοῦ
2695 2161 2846 2229 ἁγίου
2907 2158 3219 2228 Πνεῦματος
3252 2158 3692 2228 καταλείψουσιν,
3740 2160 3891 2226 εἷπεγ

2330 2251 2480 2302 αὐτοὶ
2520 2249 2619 2320 τῆς
2653 2253 2838 2316 οὐσίας
2878 2253 3042 2322 αὐτῆς
3076 2252 3254 2322 ἔχουσι
3293 2253 3388 2322 τὴν
3433 2251 3774 2320 κατάληψινς
3825 2252 3894 2302 Οὐ

2331 2342 2436 2413 γὰρ
2466 2343 2548 2412 δὴ,
2578 2343 2673 2414 τῆς
2705 2344 3002 2414 δυνάμεως,
3033 2348 3126 2398 καὶ
3157 2347 3252 2416 τῆς
3281 2345 3632 2414 ἀγαθότητος,
3665 2344 3761 2396 καὶ
3802 2344 3895 2411 si;

2335 2434 2521 2502 σοφίας
2552 2435 2641 2488 τοῦ
2671 2435 2803 2488 Θεοῦ
2835 2435 2912 2505 τῷ
2941 2437 3231 2506 Μονογενεῖ
3254 2438 3348 2506 τὴν
3383 2437 3611 2507 θεωρίαν
3647 2437 3880 2506 προσνεί-

2338 2541 2556 2596 μαντες,
2592 2525 2900 2598 σύμμετρον
2943 2528 3152 2591 ἑαυτοῖς
3187 2528 3434 2598 θήσονται
3459 2529 3558 2597 τῆς
3583 2529 3780 2590 οὐσίας
3808 2529 3900 2596 τὴν

2336 2617 2673 2688 κατανόησιν.
2710 2620 2823 2672 Πᾶν
2853 2619 2958 2688 γάρ
2989 2637 3089 2672 που
3142 2620 3201 2671 τὸ
3251 2619 3505 2682 ἐναντίον,
3553 2619 3704 2682 εἰκὸς
3732 2621 3899 2688 αὐτὴν

2341 2710 2436 2778 μὲν
2469 2709 2565 2780 τὴν
2602 2710 2786 2763 οὐσίαν
2815 2710 3140 2780 ἀπερίοπτον
3174 2706 3309 2764 εἶναι
3342 2711 3520 2775 παντὶ,
3567 2710 3709 2780 πλὴν
3748 2714 3801 2763 εἰ
3829 2714 3900 2782 τῷ

2339 2799 2449 2870 (92)
2494 2803 2789 2870 Μονογενεῖ
2829 2803 2918 2854 καὶ
2967 2802 3042 2874 τῷ
3086 2805 3224 2872 ἁγίῳ
3256 2805 3528 2874 Πνεῦματι
3553 2821 3564 2832 '
3611 2806 3680 2856 ἐκ
3717 2805 3772 2857 δὲ
3797 2806 3901 2856 τῶν

2339 2891 2626 2959 ἐνεργειῶν
2656 2891 2748 2944 τοῦ
2782 2892 2914 2944 Θεοῦ
2951 2894 3310 2964 ἀναγομένους
3350 2896 3511 2966 ἡμᾶς,
3548 2896 3644 2948 καὶ
3678 2895 3766 2947 διὰ
3798 2897 3901 2948 τῶν

2339 2982 2652 3052 ποιημάτων
2687 2983 2777 3036 τὸν
2809 2984 3034 3056 ποιητὴν
3067 2987 3396 3050 ἐννοοῦντας,
3429 2989 3526 3055 τῆς
3566 2988 3901 3058 amem-.0;

2341 3071 2501 3125 αὑτοῦ
2535 3073 2744 3144 καὶτῆς
2777 3074 2963 3144 σοφίας
3001 3075 3292 3146 λαμϐάνειν
3329 3079 3425 3148 τὴν
3462 3078 3699 3132 σύνεσιν.
3736 3080 3901 3133 Τοῦτο

2342 3163 2448 3234 γάρ
2479 3165 2593 3216 ἐστι
2622 3164 2681 3217 τὸ
2711 3167 2947 3232 γνωστὸν
2975 3165 3069 3219 τοῦ
3104 3167 3236 3221 Θεοῦ
3268 3168 3399 3237 (95),
3427 3168 3456 3221 ὃ
3489 3171 3657 3222 πᾶσιν
3692 3171 3900 3243 ἀνθρώ-

2345 3273 2463 3320 ποις
2494 3259 2522 3309 ό
2563 3257 2693 3322 Θεὸς
2736 3259 3088 3330 ἐφανέρωσεν.
3140 3261 3287 3314 Ἐπεί
3341 3279 3402 3328 γε
3445 3262 3544 3315 ὅσα
3596 3263 3752 3333 παρά
3795 3269 3903 3329 τοῖς

2346 3348 2609 3418 θεολόγοις
2645 3352 2768 3422 περ).
2796 3354 2978 3416 οὐσίας
3017 3353 3148 3406 Θεοῦ
3175 3353 3579 3423 ἀναγεγράφθαι
3610 3355 3762 3407 δοκεῖ
3785 3373 3904 3428 τρο-

2347 3443 2621 3512 πολογίαις
2651 3447 2789 3497 τισὶν
2819 3446 2849 3514 ἦ
2883 3447 2975 3498 καὶ
3011 3445 3377 3516 ἀλληγορίαις,
3423 3446 3560 3517 πρὸς
3593 3449 3788 3519 ἐτέρας
3823 3453 3904 3502 ἐν.

2347 3535 2492 3597 νοίας
2525 3536 2573 3586 οἰ
2623 3535 2764 3602 λόγοι
2796 3536 3063 3606 φέρουσιν.
3101 3539 3261 3590 Ὥστε
3308 3539 3360 3591 εί
3408 3556 3490 3602 τις
3525 3540 3903 3607 ἀϐασανίστως

2347 3625 2486 3677 κατά
2519 3625 2615 3695 τὴν
2644 3625 2930 3697 πρόχειρον
2956 3627 3180 3698 ἐκδοχὴν
3228 3629 3368 3699 ψιλῷ
3406 3632 3777 3701 παρίστασθαι
3827 3652 3905 3702 φι-

2343 3714 2604 3786 λονεικοίη
2637 3715 2711 3787 τῷ
2743 3719 3045 3789 γράμματι,
3083 3719 3216 3792 πρὸς
3260 3722 3577 3787 Ίουδαῖκοὺς
3601 3726 3699 3777 καὶ
3727 3725 3904 3797 γρειώ⁴

2345 3807 2453 3871 δεις
2477 3806 2674 3877 μύθους
2701 3809 3011 3880 ἐκτραπεὶς,
3035 3813 3245 3883 πτωχὸς
3292 3815 3565 3878 παντελῶς
3600 3816 3714 3869 τῶν
3744 3816 3903 3881 ἀξίων

2345 3899 2471 3970 περὶ
2503 3897 2634 3951 Θεοῦ
2667 3900 2949 3971 νοημάτων
2974 3906 3360 3976 καταγηράσει.
3385 3903 3523 3976 Πρὸς
3546 3906 3657 3976 γὰρ
3691 3906 3772 3976 τῷ
3800 3908 3905 3960 ὑλι-

2347 3989 2450 4060 κήν
2478 4007 2599 4044 τινα
2620 3994 2814 4046 ἐννοεῖν
2842 3993 2938 4064 τὴν
2967 3995 3150 4050 οὐσίαν
3172 3997 3265 4049 τοῦ
3289 3997 3440 4060 Θεοῦ,
3471 3999 3564 4050 καὶ
3591 3998 3735 4050 κατά
3755 3999 3906 4051 τοῦτο

2346 4087 2458 4149 τοῖς
2491 4086 2664 4150 ἀθέοις
2693 4086 2800 4139 τῶν
2833 4087 3091 4159 Ἑλλήνων
3127 4090 3516 4160 συμφέρεσθαι,
3558 4091 3638 4143 ἔτι
3667 4092 3765 4144 καὶ
3798 4110 3905 4144 ποι-

2352 4176 2501 4248 κίλην
2539 4177 2628 4230 καὶ
2663 4177 2909 4231 σύνθετον
2935 4178 3260 4246 ὑπολήψεται
3297 4178 3516 4249 ταύτην.
3563 4179 3905 4251 Ἠλέκτρινον

2353 4269 2449 4339 μὲν
2478 4269 2536 4320 τὸ
2571 4267 2676 4321 ἀπὸ
2709 4264 2903 4335 ὀσφύος
2934 4268 3036 4330 ἕως
3062 4267 3172 4320 ἀνω
3197 4269 3286 4320 τὸν
3315 4268 3443 4320 Θεὸν
3481 4263 3620 4320 εἶναι
3653 4269 3750 4321 τοῦ
3782 4286 3904 4338 atpo-

2351 4360 2518 4428 φήτου
2569 4357 2942 4426 διηγουμένου,
2973 4359 3037 4409 ἐκ
3067 4357 3234 4430 πυρὸς
3269 4357 3326 4410 δὲ
3378 4357 3790 4429 συμϐεσλῆσθαι
3845 4360 3904 4410 τὰ

699 4449 992 4518 ptionibus,
1025 4460 1080 4503 et
1109 4447 1265 4513 talem
1294 4464 1410 4504 esse
1433 4447 1525 4503 Dei
1559 4450 1845 4504 essentiam
1870 4452 1935 4504 ab
1970 4451 2241 4506 Ezechiele

2353 4450 2527 4501 κάτω·
2562 4452 2589 4502 ό
2625 4449 2680 4501 δὲ
2716 4449 2789 4520 μὴ
2818 4447 2952 4520 πρὸς
2983 4449 3311 4520 ὑψηλοτέρας
3350 4450 3553 4514 ἐννοίας
3607 4451 3905 4504 ἀναϐαίνων

700 4541 940 4606 edoctus,
966 4555 1152 4594 rursus
1182 4539 1343 4594 Deum
1375 4541 1550 4610 ignem
1584 4556 1702 4596 esse
1725 4557 1753 4594 a
1777 4540 1956 4612 Moyse
1985 4541 2245 4605 audiet”,

698 4639 860 4700 atque
892 4647 921 4686 a
951 4631 1189 4701 sapiente
1213 4631 1430 4688 Daniele
1462 4636 1526 4688 ad
1550 4633 1681 4688 alias
1708 4634 1987 4702 opiniones
2013 4634 2246 4688 deduce-

768 4850 812 4883 "
839 4850 1064 4922 Philipp.
1093 4866 1168 4916 Iv,
1191 4850 1242 4906 7.
1315 4851 1362 4884 ⁷⁸
1378 4851 1564 4909 Matth.
1598 4868 1674 4922 xl,
1695 4852 1785 4909 27.
1859 4850 2088 4906 "lCor.
2115 4848 2392 4917 1510,“.

709 5078 964 5154 memet,
1015 5091 1112 5154 nec
1163 5089 1383 5154 necesse
1431 5073 1528 5128 fuit
1558 5073 1768 5154 addere,
1812 5071 2254 5154 autnauyapaycv,

705 5143 794 5202 aut
823 5143 894 5218 μὴ
918 5147 1210 5218 δυνάμενον
1246 5161 1262 5177 ⁸
1295 5147 1400 5199 imo
1426 5155 1531 5196 tmn
1573 5149 1691 5207 hoc,
1725 5156 1834 5196 tum
1888 5143 2019 5196 illud
2053 5143 2256 5212 pariter

703 5219 995 5288 παρέλκειν
1023 5225 1305 5270 obscurum
1332 5229 1436 5288 non
1468 5223 1567 5288 est.

773 5279 883 5357 ('90)
917 5288 1260 5357 Codexiunus
1287 5283 1450 5357 αὐτὴν
1481 5281 1692 5357 ἐαυτοῦ-.
1714 5281 1843 5357 Mox
1893 5281 2017 5336 editi
2051 5279 2144 5333 καὶ
2175 5295 2256 5357 το-

707 5351 978 5430 00510913)
1007 5356 1330 5430 ἀπόρρητον.
1369 5351 1878 5430 ίιίυιιηάπόρρητον,
1917 5359 2071 5430 paret
2116 5351 2251 5430 arti—

704 5430 824 5482 culo
857 5428 911 5480 in
938 5421 1185 5479 omnibus
1210 5421 1410 5477 nostris
1443 5421 1729 5500 codicibus~
1774 5439 1788 5476 :
1840 5421 1931 5475 sed
1990 5421 2254 5488 reperitur

707 5501 758 5552 in
792 5508 1176 5568 quatuorimss.
1213 5505 1337 5548 ante
1365 5508 1845 5568 VOC_Cl|l_‘tOGO'J'EOV.
1926 5560 1938 5568 .
1995 5560 2007 5568 Α
2128 5557 2140 5568 .
2199 5556 2220 5568 _

777 5557 884 5636 (9i)
915 5564 1136 5636 Codices
1177 5579 1278 5636 non
1323 5562 1477 5636 pauci
1533 5563 1593 5636 τὸ
1635 5560 1961 5636 πνεῦμ-αλτὸ.
1992 5560 2047 5611 ἐν
2086 5557 2252 5636 adtigi.

711 5628 847 5705 Ed‘iti
868 5628 926 5690 et
954 5635 1084 5705 Reg.
1111 5628 1336 5705 quintus
1349 5633 1408 5705 το
1434 5632 1646 5705 πνεῦμα
1671 5630 1762 5705 τοῦ
1778 5628 2077 5705 λάνθρώπου
2109 5628 2167 5680 τὸ
2200 5631 2256 5705 ἐν

711 5704 875 5767 αὐτῷ.
901 5696 1096 5762 Ιὺίιίεῖιι
1121 5696 1246 5760 editi
1269 5704 1317 5756 εἰ
1347 5703 1418 5774 μὴ
1445 5696 1658 5773 πνεῦμα
1683 5702 1761 5754 τό.
1788 5696 1931 5756 Libri
1962 5710 2167 5754 veteres
2197 5696 2257 5749 τὸ

2352 4539 2436 4593 διά
2463 4540 2553 4593 τοῦ
2585 4541 2905 4612 γράμματος
2939 4541 3068 4612 (94),
3099 4541 3210 4594 ἀλλ’
3238 4541 3400 4595 αὑτοῦ
3430 4559 3531 4595 που
3565 4547 3689 4605 ταῖς
3731 4560 3904 4612 σωμα-

2351 4634 2525 4695 τικαῖς
2565 4631 2942 4701 ἐγκατααένων
2989 4630 3346 4703 ὑπγραφαῖς,
3379 4635 3472 4687 καί
3517 4634 3782 4688 τοιαύτην
3823 4633 3904 4687 τοῦ

2468 4849 2514 4880 ⁸ο
2536 4849 2689 4904 Rom.
2723 4863 2763 4913 ι,
2784 4847 2872 4904 19.
2947 4847 3200 4907 “Ezech.
3223 4865 3342 4912 Vill,
3365 4850 3421 4906 2.
3495 4851 3542 4883 ³³
3559 4851 3724 4908 Deut.
3753 4854 3788 4907 4
3823 4851 3901 4906 ει.

2359 5082 2795 5207 πνῗθῒὲιίέᾱξιί-οι
2818 5136 2981 5207 codex
3013 5151 3150 5190 unus
3178 5136 3317 5207 πλὴν
3342 5135 3374 5207 ἢ
3399 5135 3492 5207 τῷ.
3525 5138 3630 5192 Alii
3664 5155 3758 5192 sex
3789 5156 3903 5193 Insa.

2359 5206 2571 5278 ﬁliive!
2599 5205 2695 5275 τῷ.
2731 5205 2846 5258 Mox
2879 5206 3004 5259 editi
3055 5209 3155 5278 τῆς
3185 5205 3372 5277 σοφίας
3404 5205 3589 5278 αὐτοῦ.
3631 5210 3788 5266 Illud.
3824 5210 3907 5262 αὑ-

2355 5277 2470 5341 τοῦ,
2502 5277 2554 5330 in
2589 5290 2716 5331 mss.
2748 5290 2851 5329 non
2875 5278 3173 5343 invenitur;
3200 5281 3267 5332 ob
3298 5278 3453 5347 idque
3473 5277 3768 5332 delendum
3797 5294 3908 5333 cen-

2355 5361 2577 5400 Sumtus.

2425 5415 2538 5486 (95)
2573 5414 2721 5486 Illud,
2757 5415 2996 5484 γνωστὸν
3037 5414 3128 5468 τοῦ
3152 5414 3308 5486 Θεοῦ,
3343 5415 3413 5468 ita
3435 5413 3713 5486 redditum
3748 5427 3827 5473 est
3861 5419 3904 5469 in

2355 5479 2628 5554 Vulgata:
2659 5479 2810 5548 Quod
2834 5500 3010 5538 notum
3042 5496 3115 5540 est
3151 5485 3244 5540 Dei
3264 5479 3446 5554 {apud
3470 5483 3783 5554 Erasmum,
3819 5488 3904 5544 hoc

2359 5553 2655 5635 1"ng}!!!
2683 5556 2819 5621 quod
2850 5555 2914 5607 de
2952 5554 3058 5635 Περ
3085 5556 3320 5635 σοφισταί
3347 5553 3533 5635 potest.

2428 5625 2537 5694 (94)
2571 5625 2701 5696 Ιὶθε.
2728 5635 2950 5694 quartus
2981 5623 3069 5678 διὰ
3093 5623 3200 5678 τῶν
3223 5624 3583 5695 γραμμάτων.
