4084 6318
174 371 213 423 εἰ
226 372 287 424 ί5

1250 364 1611 422 ADVERSUS
1649 367 2009 425 EUNOMIUM
2052 368 2176 422 LIB.
2224 370 2260 424 1.

3276 366 3376 421 {uti

158 482 305 535 θεοῦ
334 480 425 550 τὴν
458 477 638 531 οὐσίαν
674 476 819 546 παρὰ
860 477 951 529 τοῦ
991 476 1242 547 Ίεζεκιὴλ
1285 477 1567 546 διδαχθεὶς,
1623 479 1696 530 πά

1807 488 1904 532 tur
1927 480 2000 546 ⁸³;
2028 491 2189 549 atque
2222 482 2319 534 hoc
2352 489 2507 549 pacto
2539 496 2641 532 non
2689 480 2849 533 falsas
2875 480 3069 542 solum,
3108 480 3201 535 sed
3238 483 3374 537 inter

157 574 253 623 λιν
279 570 388 641 πῦρ
412 565 544 621 εἶναι
563 567 651 620 τὸν
680 568 810 620 Θεὸν
841 567 985 637 παρά
1020 566 1108 619 τοῦ
1139 568 1378 630 Μωσέως
1411 569 1716 631 ἀκούσεται,

156 663 263 715 καὶ
310 661 453 732 παρὰ
480 660 568 712 τοῦ
603 658 763 727 σοφοῦ
810 660 1004 728 Δανιὴλ
1052 658 1185 727 πρὸς
1223 658 1384 721 ἄλλας
1426 660 1719 730 ὑπολήψεις

156 753 621 822 ἀπενεχθήσεται·
682 752 771 802 καὶ
800 749 968 810 οὕτως
1011 748 1069 799 οὑ
1119 747 1331 817 ψευδεῖς
1364 749 1540 818 μόνον,
1586 750 1722 802 ἀλλὰ

159 844 267 896 καὶ
298 842 598 914 μαχομένας
628 841 875 911 ἀλλήλαις
909 840 973 893 ὲκ
1004 840 1109 892 τῶν
1129 841 1472 912 Γραμμάτων
1501 842 1722 913 εὑρεθή-

164 950 329 986 σεται
372 932 467 995 τὰς
500 931 790 1001 φαντασίας
824 930 1230 1001 ἀναλεγόμενος.
1280 932 1587 1004 Ἀφεμένοις
1615 932 1722 1003 (95)

156 1022 265 1078 οὖν
288 1026 383 1096 τῆς
408 1024 545 1079 κατὰ
570 1025 664 1094 τὴν
687 1024 871 1076 οὐσίαν
906 1023 1425 1095 πολυπραγμοσύνης
1456 1025 1529 1087 ὡς
1560 1026 1723 1092 ἀνεφ-

165 1120 348 1184 ίκτου,
379 1121 443 1187 τῇ
482 1117 621 1187 ἁπλῇ
641 1117 951 1187 παραινέσει
983 1118 1074 1170 τοῦ
1106 1117 1422 1171 Ἀποστόλου
1454 1117 1718 1176 πειστέον,

156 1209 450 1277 λέγοντος⁶
488 1206 810 1260 Πιστεῦσαι
862 1206 971 1273 γὰρ
1017 1204 1108 1258 δεῖ
1154 1204 1407 1273 πρῶτον,
1464 1205 1551 1257 ὅτι
1593 1206 1723 1259 ἔστι

160 1301 335 1366 Θεὸς,
363 1298 456 1351 καί
505 1296 625 1362 τοῖς
667 1296 1013 1363 ἐκζητοῦσιν
1054 1297 1237 1350 αὐτὸν
1278 1298 1721 1365 μισθαποδότης

156 1394 407 1459 γίνεται.
443 1389 515 1440 Οὐ
549 1388 711 1458 γὰρὴ
749 1388 841 1439 τοῦ
870 1388 923 1440 τί
956 1389 1101 1439 ἐστιν
1140 1387 1500 1457 ὲξερεύνησις,
1542 1389 1655 1441 ἀλλ’
1684 1393 1716 1459 η

156 1482 259 1535 τοῦ
291 1484 369 1534 ὅτι
400 1480 543 1532 ἔστιν
573 1478 826 1548 ὁμολογία
865 1478 959 1548 τὴν
1000 1479 1267 1548 σωτηρίαν
1302 1480 1430 1548 ἡμῖν
1464 1478 1575 1549 (96)
1611 1496 1716 1531 πα-

161 1571 508 1643 ρασκευάζει.
546 1570 695 1626 Ἐπεὶ
733 1565 822 1622 οὖν
856 1569 1203 1640 άπερινόητος
1236 1568 1517 1640 ἀνθρώπου
1560 1570 1714 1639 φύσει

155 1667 257 1717 καὶ
289 1665 516 1735 ἄῤῥητος
545 1661 813 1723 παντελῶς
834 1664 865 1730 ἡ
886 1660 1039 1713 οὐσία
1060 1660 1147 1713 τοῦ
1174 1660 1305 1713 Θεοῦ
1327 1662 1713 1725 ἀποδέδεικται,

1825 584 1882 622 se
1911 570 2069 624 etiam
2103 580 2398 640 pugnantes
2424 570 2829 639 imaginationes
2851 585 2913 623 ex
2943 569 3238 637 Scripturis
3271 574 3374 624 col-

1826 663 1985 729 ligere
2026 661 2343 730 reperietur.
2373 660 2604 713 Proinde
2631 661 2842 714 curiosa
2880 657 3372 728 essentite'indaga-

1829 756 1987 813 tione,
2016 762 2266 821 tanquam
2295 767 2413 822 qua:
2440 762 2651 821 captum
2678 763 2917 804 nostrum
2943 760 3183 817 superet,
3210 749 3371 820 227

1828 843 2031 907 relicta,
2061 844 2384 897 credendum
2425 844 2574 897 nobis
2604 852 2686 896 est
2718 842 2943 910 simplici
2978 842 3203 896 consilio
3233 842 3369 909 Apu-

1822 935 1961 994 stoli,
2011 936 2099 1003 qui
2136 935 2261 989 dicit
2300 952 2313 988 :
2352 934 2489 987 Nam
2534 936 2755 1005 primunt
2786 935 2990 987 credere
3024 942 3240 1003 oportet,
3264 949 3372 986 esse

1824 1024 2005 1087 Deum,
2032 1035 2078 1078 et
2101 1042 2209 1079 esse
2237 1040 2676 1080 remuneratorem
2708 1026 3057 1096 qmerentibus
3092 1042 3145 1080 se
3166 1025 3229 1077 “.
3254 1025 3367 1080 Not:

1822 1117 1960 1171 enim
2005 1116 2343 1184 investigatio
2398 1132 2500 1186 qua
2536 1128 2935 1186 pet-scrutamur
2978 1118 3104 1185 quid
3148 1118 3238 1180 sit,
3278 1120 3369 1172 sed

1822 1207 2087 1262 confessio
2122 1222 2225 1275 qua
2258 1208 2430 1277 ipsum
2454 1222 2573 1262 esse
2598 1208 2939 1273 conﬁtemur,
2968 1208 3189 1263 salutem
3220 1210 3373 1263 nobis

1823 1301 2092 1355 conciliat.
2127 1299 2303 1366 Quare
2325 1314 2443 1353 cum
2490 1301 2913 1354 demonstratum
2949 1301 3038 1364 sit,
3084 1300 3368 1355 essentiam

1826 1390 1915 1444 Dei
1959 1391 2025 1443 ab
2064 1390 2289 1443 humana
2316 1399 2503 1442 natura
2550 1388 2766 1459 intelligi
2818 1404 2879 1443 ac
2914 1388 3169 1458 explicari
3227 1389 3370 1441 nullo

1823 1479 1979 1533 modo
2008 1492 2200 1545 posse,
2242 1478 2503 1547 reliquum
2529 1489 2606 1532 est
2637 1489 2693 1531 ut
2729 1480 2795 1531 de
2833 1478 2941 1545 ipsa
2970 1480 3370 1548 ingeneraliOne

1823 1568 2153 1637 inquiramus
2194 1570 2319 1637 quid
2350 1569 2440 1633 sit,
2490 1578 2544 1623 et
2573 1573 2835 1639 quomodo
2885 1583 3000 1623 eam
3034 1570 3086 1624 in
3117 1569 3226 1625 Deo
3251 1571 3369 1624 uni-

1823 1672 2095 1713 versorum
2135 1658 2485 1726 speculemur.

152 1756 474 1826 λςιπόμενόν
526 1758 637 1807 ἐστι
680 1754 806 1820 περὶ
870 1752 966 1823 τῆς
1009 1752 1329 1824 ἀγεννησίας
1385 1756 1551 1826 αὐτῆς
1598 1756 1649 1807 τί
1688 1754 1747 1808 τέ
1782 1755 1916 1817 ἐστι’,
1946 1752 2039 1805 καὶ
2078 1750 2193 1814 πῶς
2242 1752 2614 1822 ὲπιθεωρεῖται
2664 1750 2740 1822 τῷ
2766 1752 2883 1823 Θεῷ
2922 1752 3029 1805 τῶν
3071 1752 3203 1806 ὅλων
3229 1750 3367 1816 διεξ,

152 1847 355 1901 ελθεῖν.

233 1938 321 1991 15.
356 1937 680 2008 Εὑρίσκομεν
725 1930 815 1989 οὖν
869 1935 1223 2007 λογιζόμενοι,
1286 1940 1366 1990 ὅτι
1412 1939 1510 1991 οὐκ
1558 1940 1613 1992 ἐν
1646 1942 1699 2009 τῇ

1886 1933 1973 1987 i5.
2036 1930 2350 2001 Reperimus
2413 1933 2593 2002 itaque
2656 1947 2767 1987 rem
2834 1942 3162 2001 reputantes,
3222 1934 3363 2001 quod

148 2031 250 2082 τοῦ
294 2030 343 2081 τί
375 2031 517 2081 ἐστιν
550 2031 892 2099 ἀνερευνήσει
922 2030 953 2099 ὴ
998 2028 1091 2081 τοῦ
1135 2030 1425 2099 ἁγεννήτου
1465 2031 1595 2099 ἡμῖν
1630 2030 1709 2081 ἔν-

147 2139 275 2174 νοια
297 2121 603 2183 ὑποπίπτει,
630 2120 762 2174 ἀλλὰ
788 2120 1003 2191 μᾶλλον,
1033 2122 1117 2172 ἵνα
1146 2121 1471 2190 βιασάμενος
1500 2121 1607 2191 (97)
1642 2122 1709 2173 εί-

149 2232 244 2265 πω
273 2213 361 2266 τὸν
388 2214 558 2281 λόγον,
591 2216 646 2267 ἐν
670 2217 734 2284 τῇ
765 2214 857 2266 τοῦ
893 2216 1036 2273 ὅπως
1073 2213 1235 2266 ἐστίν.
1285 2211 1576 2279 Ἐξετάζων
1603 2212 1708 2283 γάρ

152 2307 183 2374 ἡ
193 2304 313 2375 μῶν
331 2304 359 2357 6
386 2304 525 2368 νοῦς,
549 2306 595 2357 εί
628 2308 654 2357 6
676 2306 766 2357 ἐπὶ
793 2305 1003 2357 πάντων
1027 2303 1155 2366 Θεὸς
1179 2304 1367 2357 ἑαυτοῦ
1387 2322 1503 2357 τινα
1534 2305 1707 2359 αἰτίαν

148 2395 547 2466 ὑπερκειμένην
598 2395 725 2464 ἔχει,
764 2391 878 2447 εἶτα.
915 2395 973 2445 οὐ
1018 2394 1307 2464 δυνάμενος
1355 2396 1587 2449 ἐπινοεῖν
1617 2398 1706 2450 οὐ·

144 2488 367 2557 δεμίαν,
397 2488 455 2539 τὸ
482 2487 710 2555 ἄναρχον
735 2484 896 2537 αὑτοῦ
930 2486 1026 2555 τῆς
1057 2486 1200 2556 ζωῆς
1228 2488 1514 2557 ἀγέννητον
1546 2506 1707 2560 προσ-

143 2582 468 2650 ηγόρευσεν.
519 2578 603 2640 Ὠς
634 2577 741 2648 γὰρ
770 2579 825 2630 ὲν
864 2581 971 2641 τοῖς
1008 2580 1130 2649 περὶ
1160 2580 1266 2632 τῶν
1300 2580 1595 2652 ἀνθρώπων
1620 2582 1705 2632 λό-

145 2688 288 2738 γοις,
316 2672 441 2722 ὅταν
472 2670 715 2739 λέγωμεν
745 2671 847 2733 ὃτι,
876 2671 932 2724 Ὀ
952 2671 1093 2724 δεῖνα
1123 2673 1185 2723 ἐκ
1214 2672 1363 2724 τοῦδε
1391 2672 1626 2740 γέγονεν,
1644 2674 1703 2725 οὑ

142 2762 209 2814 τὸ
233 2762 284 2813 τί
311 2764 453 2815 ἐστιν
486 2763 732 2825 ἑκάστου,
762 2762 894 2816 ἀλλὰ
916 2763 974 2815 τὸ
998 2762 1117 2815 ὅθεν
1142 2764 1326 2831 γέγονε
1355 2764 1699 2834 διηγούμεθα·

146 2856 297 2909 οὕτω
326 2857 417 2911 καὶ
452 2858 507 2909 ἐν
539 2860 646 2921 τοῖς
672 2862 793 2927 περὶ
816 2856 949 2909 Θεοῦ
979 2858 1010 2927 ἡ
1040 2858 1361 2925 ἁγέννητος
1391 2856 1535 2925 φῳνὴ
1557 2857 1614 2907 οὐ
1646 2856 1703 2908 τὸ

144 2947 225 3009 τί,
255 2947 388 3000 ἀλλὰ
414 2947 473 2999 τὸ
500 2946 607 3017 (98)
640 2947 945 3017 μηδαμόθεν
977 2946 1137 3000 αὑτοῦ
1174 2944 1441 3013 σημαίνει.
1478 2945 1629 2997 Οῦτω
1656 2947 1699 2998 δ’

144 3039 215 3091 ἂν
248 3039 567 3109 σαφέστερον
594 3039 622 3091 ὃ
650 3038 788 3107 λέγω
818 3040 1041 3106 γένοιτο.
1085 3037 1139 3085 ’0
1163 3035 1542 3107 εῦαγγελιστὴς
1570 3039 1703 3090 Λου-

144 3131 272 3191 κεῖς’
305 3130 401 3199 τὴν
431 3131 569 3183 κατὰ
602 3130 774 3199 σάρκα
805 3126 1147 3193 γενεαλογίαν
1180 3124 1271 3177 τοῦ
1299 3126 1431 3180 Θεοῦ
1469 3129 1559 3181 καὶ
1592 3130 1701 3182 Σω-

152 3222 312 3293 τῆρος
356 3222 507 3293 ημῶν
560 3221 727 3291 Ἰησοῦ
778 3220 1004 3290 Χριστοῦ
1055 3222 1415 3293 ἐκτιθέμενος,
1454 3222 1546 3275 καὶ⁷
1596 3223 1700 3277 ἀπὸ

152 3317 252 3370 τῶν
286 3316 601 3369 τελευταίων
630 3314 721 3365 ἐπὶ
760 3316 885 3378 τοὺς
927 3314 1172 3385 πρώτους
1219 3317 1569 3379 ἀναποδίζων,
1599 3318 1697 3387 ἦρ-

145 3409 273 3473 ξατο
309 3408 405 3477 μὲν
443 3405 547 3458 ἀπὸ
577 3404 667 3457 τοῦ
710 3406 934 3477 Ἰωσήφ·
985 3406 1151 3459 εἰπὼν
1184 3408 1238 3459 δὲ
1268 3408 1453 3460 τοῦτον
1482 3408 1576 3476 μὲν
1608 3406 1699 3459 τοῦ

152 3500 324 3562 Ἠλεὶ,
364 3497 452 3550 τὸν
493 3498 548 3549 δὲ
579 3496 671 3550 τοῦ
700 3500 955 3561 Ματθὰν,
988 3500 1080 3552 καὶ
1123 3498 1263 3552 οὕτω
1312 3500 1449 3552 κατὰ
1502 3499 1698 3551 ἀνάλυ-

142 3610 228 3646 σιν
276 3591 384 3661 (99)
434 3592 564 3660 πρὸς
601 3591 691 3643 τὸν
747 3591 913 3660 Ἀδὰμ
948 3590 1043 3660 τὴν
1090 3591 1344 3661 ἐξήγησιν
1392 3592 1695 3657 ἐπανάγων,

142 3678 260 3734 εἶτα
296 3679 461 3734 ἐλθὼν
506 3679 597 3733 ἐπὶ
634 3681 758 3743 τοὺς
800 3682 929 3739 ἀνω,
968 3680 1061 3731 καὶ
1118 3679 1283 3732 εἰπὼν
1318 3680 1396 3732 ὅτι
1429 3680 1456 3730 6
1491 3679 1593 3749 Σὴθ
1636 3681 1697 3731 ἐκ

146 3774 233 3833 τοῦ
282 3774 472 3845 Ἀδὰμ,
507 3775 535 3827 6
581 3772 637 3826 δὲ
683 3772 848 3840 Ἀδὰμ
894 3772 955 3823 ὲκ
1003 3769 1093 3821 τοῦ
1129 3770 1282 3831 Θεοῦ,
1326 3768 1554 3823 ἐνταῦθα
1600 3772 1699 3839 τῆς

140 3866 457 3927 ἀναϐάσεως
490 3865 702 3932 ἔληξεν·
739 3864 857 3933 οὐχὶ
883 3862 982 3925 τὰς
1030 3860 1212 3923 οὐσίας
1246 3862 1321 3927 (1)
1356 3862 1460 3913 τῶν
1496 3862 1695 3932 ἀπηρι-

137 3958 433 4028 θμημένων
472 3956 645 4025 δηλῶν
678 3958 733 4005 ὲν
766 3958 828 4023 τῇ
874 3955 1115 4024 διηγήσει
1150 3953 1244 4023 τῆς
1280 3953 1507 4005 ἑκάστου
1545 3955 1695 4022 γενέ-

136 4069 298 4113 σεως,
331 4048 462 4103 ἀλλὰ
490 4048 586 4108 τὰς
624 4050 901 4118 προσεχεῖς
933 4046 1103 4117 ἀρχὰς
1136 4046 1225 4115 ἀφ’
1259 4039 1325 4115 ἦς
1349 4046 1576 4109 ἕκαστος
1606 4047 1696 4113 γέ-

132 4158 296 4211 γονεν
335 4139 695 4210 ἐκτιθέμενος.
732 4138 937 4206 Ὥσπερ
971 4135 1061 4189 οὖν
1097 4138 1299 4199 ἐκεῖνος
1340 4130 1510 4198 εἶπεν,
1540 4136 1618 4188 ὅτι
1664 4136 1693 4187 6

1812 2042 1915 2081 non
1961 2026 2011 2078 in
2070 2025 2418 2089 scrutatione,
2476 2040 2577 2094 qua
2626 2026 2750 2093 quid
2791 2024 2862 2079 sit
2901 2034 3220 2087 scrutamur,
3281 2026 3364 2079 in-

1809 2118 1970 2187 geniti
2033 2117 2186 2171 nobis
2252 2118 2396 2170 notio
2455 2117 2659 2172 accedit
2708 2135 2721 2172 :
2768 2117 2860 2172 sed
2907 2117 3101 2186 potius,
3157 2125 3217 2170 ut
3268 2130 3359 2171 co-

1808 2218 1955 2261 actus
1993 2207 2308 2260 sententiam
2337 2207 2530 2272 dicam,
2584 2208 2634 2261 in
2662 2208 3007 2273 scrutatione,
3057 2223 3160 2279 qua
3208 2222 3360 2263 scru-

1808 2308 1983 2353 tamur
2038 2298 2306 2369 quomodo
2360 2300 2448 2353 sit.
2510 2297 2641 2353 Nam
2699 2314 2816 2353 cum
2853 2315 3002 2355 mens
3042 2310 3223 2355 nostra
3267 2317 3363 2356 ex-

1806 2396 1987 2465 pendit
2034 2412 2101 2451 an
2156 2395 2297 2451 Deus
2340 2396 2428 2465 qui
2482 2405 2565 2450 est
2615 2408 2774 2464 super
2825 2397 3003 2450 omnia
3023 2396 3092 2463 ",
3143 2411 3357 2452 causam

1806 2488 2037 2557 aliquam
2091 2502 2148 2542 se
2197 2487 2529 2557 superiorem
2574 2486 2791 2554 habeat,
2822 2502 2921 2543 nec
2971 2500 3144 2544 tamen
3198 2488 3358 2543 ullam

1806 2581 2115 2649 excogitare
2145 2588 2349 2648 potest,
2390 2579 2507 2648 ejus
2547 2579 2708 2632 vitam
2744 2579 3006 2649 principio
3048 2587 3318 2635 carentem
3341 2620 3357 2647 ,

1807 2672 2098 2741 ingenitum
2125 2672 2439 2739 'appellavit.
2477 2670 2935 2737 Quemadmodum
2972 2673 3117 2725 enim
3150 2672 3203 2725 in
3248 2688 3360 2726 ser-

1805 2764 2049 2817 monibus
2084 2762 2171 2830 qui
2205 2762 2272 2815 de
2300 2762 2608 2816 hominibus
2650 2760 3020 2826 instituuntur,
3061 2777 3185 2816 cum
3220 2762 3355 2817 dici-

1805 2869 1957 2908 mus:
1993 2853 2091 2909 llic
2120 2868 2185 2909 ex
2215 2852 2303 2907 illo
2339 2864 2497 2907 natus
2527 2862 2645 2919 est;
2678 2867 2781 2906 non
2812 2855 2937 2921 quid
2965 2857 3056 2915 sit,
3092 2856 3186 2911 sed
3219 2857 3356 2910 unde

1802 2956 1958 3000 natus
1984 2946 2074 3010 sit,
2105 2957 2384 3000 narramus
2411 2963 2422 2997 :
2451 2945 2529 2998 sic
2550 2953 2604 2997 et
2632 2945 2683 2998 in
2710 2944 2775 3001 iis
2795 2947 2883 3013 qui
2922 2946 2986 2999 de
3012 2946 3119 3002 Deo
3152 2947 3355 2999 haben-

1803 3048 1888 3092 tur
1916 3036 2269 3102 sermonibus,
2297 3050 2396 3089 vox
2418 3036 2675 3104 ingenitus
2700 3049 2802 3090 non
2831 3037 2956 3109 quid
2988 3038 3076 3101 sit,
3107 3038 3201 3091 sed
3228 3052 3350 3091 eum

1802 3132 1867 3185 ab
1899 3131 2003 3185 alio
2048 3144 2153 3183 non
2198 3143 2318 3184 esse
2367 3129 2652 3198 significat.
2698 3131 2848 3197 Quod
2883 3140 3059 3185 autem
3096 3130 3251 3197 dico,
3303 3129 3355 3183 id

1800 3223 1901 3277 hoc
1932 3224 2091 3278 modo
2119 3222 2209 3279 ﬁet
2235 3223 2405 3293 magis
2433 3225 2799 3291 perspicuum.
2822 3224 2996 3279 Lucas
3024 3225 3349 3293 evangelista

1801 3314 2163 3386 genealogiam
2214 3317 2302 3371 Dei
2344 3326 2397 3371 et
2444 3316 2737 3373 Salvatoris
2784 3319 2952 3373 nostri
2990 3316 3113 3374 Iesu
3150 3318 3349 3373 Christi

1801 3408 2089 3461 secundum
2122 3424 2335 3462 carnem
2367 3424 2659 3478 exponens,
2690 3420 2745 3463 et
2788 3409 2856 3464 ab
2902 3409 3108 3464 ultimis
3140 3410 3204 3464 ad
3239 3412 3351 3479 pri.

1801 3512 1915 3552 mos
1939 3499 2165 3557 rediens,
2203 3499 2402 3569 incepit
2427 3501 2643 3571 quidem
2672 3516 2698 3553 a
2723 3500 2920 3569 .loscph
2945 3515 2961 3552 :
2988 3501 3080 3555 sed
3105 3500 3193 3555 ubi
3219 3502 3352 3555 dixit

1802 3590 1943 3643 hunc
1991 3589 2105 3642 lleli
2155 3605 2293 3653 esse,
2339 3591 2480 3645 hunc
2511 3605 2637 3646 vero
2671 3591 2905 3656 Mathan,
2943 3591 3129 3661 sicque
3164 3593 3353 3648 ordine

1801 3682 2014 3735 inverso
2048 3684 2111 3733 ad
2139 3682 2309 3735 Adam
2339 3699 2509 3753 usque
2532 3684 2901 3738 narrationem
2934 3684 3205 3755 perduxit,
3239 3694 3347 3738 tum

1804 3772 1869 3825 ad
1907 3772 2215 3841 superiores
2258 3788 2594 3843 progressus,
2626 3788 2746 3829 cum
2797 3775 3022 3829 dixisset
3064 3772 3194 3830 Seth
3230 3790 3349 3831 esse

1800 3878 1864 3917 ex
1898 3864 2086 3929 Adam,
2119 3866 2287 3919 Adam
2312 3879 2441 3922 vero
2467 3881 2532 3922 ex
2566 3866 2695 3932 Deo,
2727 3868 2815 3921 hic
2853 3882 3135 3923 ascensum
3168 3868 3349 3921 termi-

1801 3955 1949 4007 navit
1978 3956 2040 4007 ³⁸.
2076 3956 2179 4011 Nec
2210 3964 2407 4023 tamen,
2448 3973 2569 4012 cum
2599 3956 3023 4029 uniuscujusque
3048 3961 3348 4030 generatio-

1799 4062 1921 4101 nem
1955 4059 2219 4115 narraret,
2262 4064 2446 4105 eorum
2482 4051 2572 4121 qui
2615 4053 2912 4107 enumerati
2954 4052 3170 4107 fuerant
3202 4051 3347 4105 indi-

1798 4139 1939 4191 cavit
1972 4140 2271 4195 essentias:
2305 4140 2399 4196 sed
2427 4141 2659 4209 origines
2690 4140 2962 4210 proximas
2988 4141 3131 4197 unde
3165 4156 3341 4196 unus-

204 4325 251 4358 ⁸³
277 4323 409 4377 Dan.
448 4337 541 4385 vtt,
572 4322 625 4374 9.
698 4319 745 4352 “
775 4318 935 4375 Hebr.
965 4334 1041 4383 xt,
1070 4317 1120 4370 6.
1195 4318 1239 4347 ⁸⁸
1267 4315 1425 4369 Rom.
1457 4329 1532 4376 ιιι,
1563 4312 1613 4365 5.
1694 4312 1738 4343 ⁸⁸
1778 4312 1903 4369 Luc.
1938 4330 2016 4377 Ill,
2044 4316 2232 4371 23-58.

212 4484 323 4555 (95)
356 4482 528 4555 Codex
556 4497 715 4555 _ttnus_
756 4480 1076 4550 ἀφεμένους.
1110 4477 1209 4555 Alii
1261 4480 1524 4555 quinque
1547 4490 1675 4529 mss.
1712 4481 1758 4537 ο

131 4546 259 4609 cum
297 4546 521 4619 vulgatis
545 4546 829 4619 ἀφεμένοις
864 4546 877 4604 Ξ
906 4565 1063 4618 quam
1094 4548 1409 4619 scripturam
1432 4546 1677 4598 vitiosam

130 4640 257 4680 esse
283 4614 629 4676 Conibeiisius
654 4614 879 4671 credidit
906 4614 1009 4684 {et
1043 4620 1113 4670 ita
1142 4618 1280 4671 hunc
1305 4614 1473 4684 locum
1504 4629 1686 4668 emen-

129 4698 303 4755 davit,
341 4702 395 4745 ιιι
426 4706 519 4761 pro
540 4687 826 4757 ἀφεμένοις
855 4689 992 4757 legat
1014 4686 1317 4761 dcpepéqu.
1349 4683 1542 4738 Fateor
1571 4686 1687 4751 qui-

134 4768 261 4817 «lem
309 4760 444 4815 hanc
473 4761 895 4816 emendationem
947 4760 1118 4825 primo
1163 4764 1376 4825 aspectu
1440 4769 1687 4825 necessa-

137 4840 277 4889 riam
305 4832 469 4884 videri
524 4848 538 4883 :
576 4832 665 4885 sed
708 4830 749 4883 si
801 4823 1059 4894 quispiam
1097 4823 1407 4893 rem—paulo
1433 4824 1683 4894 attentius

133 4903 462 4958 consideret,
512 4900 789 4954 lectionem
820 4892 975 4950 aliam
1006 4897 1217 4951 defendi
1256 4892 1413 4963 posse
1445 4892 1683 4963 fortasse

135 4988 245 5026 non
288 4971 516 5038 negabit,
552 4981 658 5021 tum
695 4970 763 5023 ob
785 4979 1101 5038 consensum
1134 4961 1371 5038 veterum
1405 4961 1679 5038 librorum,

136 5054 250 5097 tum
276 5034 412 5109 quod
438 5053 536 5092 vox
564 5042 693 5109 ἡμῖν
728 5038 891 5109 possit
927 5034 1180 5109 suppleri,
1217 5035 1321 5109 hoc
1341 5034 1496 5085 modo
1522 5049 1534 5083 :
1565 5048 1682 5109 mi:

134 5102 306 5165 στέον’
323 5112 449 5180 ἡμῖν
476 5102 761 5180 αφεμένοις
786 5108 882 5175 τῆς
921 5102 1055 5157 θεατὰ
1079 5103 1390 5180 τὴνούσίαν
1432 5140 1444 5153 .
1472 5138 1486 5153 .
1512 5140 1525 5180 τ
1550 5139 1562 5152 .
1614 5102 1676 5170 τῇ

131 5184 305 5251 ἁπλῇ,
338 5172 440 5251 etc.
483 5172 670 5251 Notit's,
709 5172 970 5251 curiosum
1009 5172 1241 5251 essentne
1289 5172 1677 5251 indagationent

133 5240 503 5310 omiilentibus,
552 5244 860 5300 credendum
893 5255 965 5299 est
997 5244 1234 5310 simplici.
1275 5250 1379 5295 etc.
1414 5240 1479 5293 Et
1532 5250 1677 5293 certe

131 5335 258 5371 cum
298 5319 483 5373 Latine
534 5318 635 5371 dici
672 5316 857 5385 possit,
885 5314 1031 5367 nobis
1065 5311 1392 5385 credendum
1427 5320 1498 5385 est
1546 5311 1678 5385 Apo-

131 5390 294 5450 stolo,
336 5404 437 5442 non
484 5389 635 5441 video
669 5380 763 5439 cur
799 5384 981 5437 Griece
1026 5384 1127 5437 dici
1177 5397 1278 5433 non
1328 5380 1511 5447 possit,
1545 5380 1674 5449 ἡμῖν

132 5458 379 5511 πειστέον
410 5458 487 5528 τῷ
520 5455 821 5525 Ἀποστόλῳ
878 5470 891 5506 :
924 5468 1029 5528 quo
1060 5452 1233 5528 semel
1266 5451 1409 5528 dato,
1453 5464 1548 5502 vox
1575 5453 1676 5528 αφ-

130 5531 345 5597 εμένοις
374 5532 436 5581 ad
461 5519 643 5582 vocem
662 5519 803 5595 ἡμῖν’
821 5533 908 5575 ant
933 5523 999 5597 ad
1028 5523 1250 5597 similent
1272 5519 1549 5572 referetur.
1574 5520 1674 5571 Le-

131 5590 277 5665 gitur
304 5601 354 5649 in
406 5614 509 5651 uno
535 5590 713 5650 codice
739 5605 791 5647 et
820 5597 869 5647 in
918 5593 1157 5665 vulgatis
1177 5590 1423 5655 λέγοντος
1452 5605 1674 5641 πιστευ-

128 5662 270 5722 τέον.
301 5668 401 5721 Alii
426 5683 553 5721 mss.
583 5666 780 5719 habent
814 5663 1077 5723 πειστέον,
1105 5662 1368 5726 λέγοντος.

201 5740 310 5808 (96)
352 5738 486 5791 Editi
530 5747 583 5808 et
621 5751 755 5787 unus
808 5735 973 5786 codex
1017 5730 1284 5800 σωτηρίαν
1348 5726 1521 5797 ἡμῶν.
1568 5726 1667 5783 Alii

130 5807 360 5879 quinque
391 5822 519 5861 mss.
557 5807 704 5873 ἡμῖν.

402 5902 669 5961 ΡΑτιιοι.
715 5898 830 5957 Gn.
878 5897 1107 5955 XXIX-

1855 4472 1964 4543 (97)
1997 4472 2147 4530 Illud.
2177 4476 2259 4528 ἵνα
2294 4476 2634 4546 βιασάμενος,
2659 4486 2787 4543 etc.,
2830 4478 2901 4532 ita
2926 4488 3160 4533 verterat
3185 4478 3341 4534 inter-

1788 4558 1953 4621 pres;
1986 4551 2041 4593 ut
2075 4548 2225 4621 quasi
2251 4558 2459 4621 coactus
2492 4549 2589 4598 hoc
2622 4548 2792 4621 dicem
2817 4548 3147 4621 verbum._At
3175 4549 3335 4604 Com-

1788 4613 2025 4674 beiisius,
2051 4614 2244 4679 reiecta
2272 4617 2372 4669 hac
2400 4617 2856 4683 interpretatione,
2889 4618 3026 4670 hunc
3052 4618 3224 4673 locum
3257 4621 3335 4675 sic

1786 4684 2050 4754 expressit
2076 4702 2087 4738 :
2120 4699 2177 4738 ιιι
2207 4686 2497 4738 doctrinam
2526 4687 2757 4754 proferre
2801 4690 2957 4739 nitar.
2998 4688 3213 4742 Videtur
3240 4689 3337 4742 Ba-

1786 4751 1936 4805 silius
1991 4753 2090 4806 hoc
2125 4758 2238 4807 loco
2262 4751 2534 4809 excusare
2565 4751 2716 4809 sede
2750 4758 2964 4812 minutis
3014 4758 3117 4811 illis
3146 4758 3330 4821 rebus,

1783 4834 1901 4887 qua:
1936 4821 2000 4874 ad
2030 4823 2243 4877 scholas
2269 4828 2557 4891 pertinent,
2579 4835 2632 4878 et
2656 4828 2720 4877 ad
2744 4826 3147 4893 grammaticam
3173 4846 3185 4889 ;
3223 4844 3331 4881 mn-

1785 4902 1981 4965 netque
2026 4894 2245 4965 invitum
2284 4910 2341 4949 se
2391 4895 2472 4949 his
2502 4896 2553 4948 in
2581 4895 2728 4965 tricis
2756 4896 2973 4965 morari.
3001 4896 3076 4950 Ex
3104 4913 3209 4965 quo
3240 4900 3339 4951 in»

1784 4961 2040 5030 telligitur
2066 4963 2552 5030 interpretationem
2583 4964 2917 5032 Trapezuntii
2965 4980 2991 5018 a
3024 4961 3199 5021 mente
3228 4966 3327 5021 Ba-

1780 5031 1883 5083 silii
1920 5044 2020 5081 non
2060 5033 2127 5084 ita
2173 5034 2396 5086 alienam
2426 5033 2612 5097 videri,
2652 5031 2880 5089 nectam
2914 5034 3069 5091 facile
3100 5053 3127 5090 ιι
3163 5034 3325 5094 Coin—

1780 5100 1965 5153 befisio
1996 5103 2261 5168 repudiari
2290 5104 2551 5157 debuisse.

1849 5168 1959 5237 (98)
1999 5170 2177 5225 Codex
2218 5187 2353 5225 unus
2384 5173 2443 5224 οὐ
2476 5172 2537 5224 τὸ
2572 5174 2621 5226 τί
2671 5174 2835 5238 ἐστιν,
2886 5173 3020 5227 ἀλλὰ
3066 5174 3149 5229 τό.
3207 5176 3324 5230 Mox

1776 5240 1905 5361 ἓιίέἰ
1952 5248 2004 5292 et
2058 5256 2197 5297 unus
2242 5256 2341 5295 ms.
2384 5242 2580 5295 οὑτωσὶ
2630 5244 2674 5295 δ’
2714 5242 2796 5296 ἂν.
2845 5242 2946 5298 Alii
3008 5260 3135 5300 mss.
3186 5247 3326 5301 οὕτω

1883 5328 1928 5359 ν.

1883 5328 1907 5359 ν
1916 5346 1928 5358 α

1848 5378 1957 5451 (99)
1997 5378 2159 5445 lllttd,
2212 5381 2349 5435 κατὰ
2401 5381 2497 5451 τὴν
2549 5383 2822 5447 ἀνάλυσιν,
2876 5383 2943 5437 ita
2990 5386 3057 5439 ad
3103 5385 3323 5441 verbum

1782 5450 1947 5501 vertit
2010 5451 2269 5519 interpres
2315 5470 2326 5502 :
2380 5450 2471 5519 per
2544 5456 2926 5507 resolutionem.
2980 5453 3074 5507 Est
3145 5467 3324 5511 autent

1774 5533 1939 5589 genus
1971 5519 2255 5586 loquendi,
2302 5536 2408 5589 quo
2448 5520 2620 5578 (ἔτωοί
2658 5525 2732 5578 uti
2770 5524 3034 5586 solebant,
3082 5538 3203 5580 cum
3240 5542 3328 5581 res

1775 5588 1951 5656 aliqua
2009 5590 2220 5645 inverso
2272 5588 2460 5645 ordine
2512 5606 2670 5662 atque
2726 5605 3054 5664 orzepostero
3108 5597 3323 5652 dicere-

1774 5665 1877 5710 tur.

1842 5728 1918 5799 (l)
1954 5729 2171 5799 Antiqui
2222 5740 2328 5785 tres
2372 5731 2489 5784 libri
2540 5734 2598 5785 οὐ
2645 5733 2744 5797 τὰς
2790 5734 2995 5798 οὐσίας.
3042 5735 3161 5791 Mox
3195 5736 3322 5795 editi

1773 5796 2080 5867 ἐκθέμενος.
2101 5796 2179 5855 Ἀι
2218 5816 2347 5856 mss.
2377 5802 2523 5856 ntulti
2551 5796 2915 5874 ἐκτιθέμενος.

2941 5899 3014 5958 18
