4084 6318
730 370 836 428 ΒΗ

2030 373 2085 426 S.
2132 374 2372 430 BASILII
2415 375 2628 432 MAGNI
3855 383 3943 437 548

726 493 956 560 quisque
983 497 1136 542 natus
1156 493 1321 549 esset,
1339 486 1606 555 exposuit.
1633 486 2095 552 Quemadmodum
2122 491 2279 557 igitur

2396 494 2562 561 Ἀδὰμ
2603 496 2665 546 ἐκ
2692 493 2783 545 τοῦ
2814 493 2947 546 ε)εοῦ
2968 511 2980 524 ·
3007 495 3175 557 οὕτως
3213 496 3372 566 ἡμεῖς
3398 496 3632 560 ἑαυτοὺς
3664 497 3946 566 ἐρωτήσω-

729 583 817 636 itle
847 580 984 634 dixit
1013 579 1180 631 Adam
1215 591 1281 630 ex
1317 578 1426 629 Deo
1455 593 1576 631 esse
1605 597 1616 630 :
1662 578 1740 631 sic
1780 594 1878 632 nos
1921 581 2282 649 llOStltetipsns

730 681 1122 742 percontemur,
1157 671 1296 724 Deus
1323 679 1498 722 autem
1530 685 1591 722 et
1626 671 1771 738 quo?
1803 670 1991 724 Nonne
2014 672 2064 723 in
2095 674 2281 723 unius-

728 766 986 835 cujusque
1038 773 1218 818 mente
1268 771 1569 832 promptum
1615 764 1776 817 fuerit
1825 765 2170 830 respondere.
2217 779 2281 818 ex

727 859 911 912 nullo?
940 857 1092 923 Quod
1119 864 1295 908 autem
1318 869 1380 908 ex
1411 856 1554 908 nullo
1582 866 1688 916 est,
1721 857 1906 925 utique
1935 858 2052 910 sine
2085 857 2284 923 princi-

727 952 812 1016 pio
842 959 924 1000 est
955 965 966 1000 :
995 957 1049 1000 et
1095 947 1234 1015 quod
1278 947 1395 1000 sine
1438 947 1704 1016 principio
1743 959 1866 1010 est,
1905 948 1954 1000 id
1988 948 2280 1016 ingenitum

727 1049 830 1092 est.
870 1039 1020 1093 Sicut
1058 1053 1184 1107 ergo
1223 1039 1276 1092 in
1313 1038 1622 1092 hominibus
1655 1039 1805 1107 origo
1843 1052 1909 1091 ex
1938 1038 2141 1106 aliquo,
2175 1055 2278 1092 non

727 1140 1014 1184 esteorum
1047 1129 1280 1183 essentia
1313 1146 1326 1181 :
1357 1131 1436 1184 sic
1468 1143 1644 1198 neque
1680 1130 1732 1182 in
1761 1130 1867 1183 Deo
1907 1131 2274 1184 universorum

729 1219 898 1286 ipsum
931 1219 1224 1289 ingenitum
1254 1219 1392 1286 quod
1422 1218 1561 1273 idem
1587 1229 1671 1271 est
1695 1229 1854 1288 atque
1876 1236 1940 1274 ex
1973 1220 2115 1275 nullo
2137 1237 2276 1285 esse,

726 1309 842 1376 ejus
871 1314 1164 1365 essentiam
1193 1311 1355 1382 328
1405 1311 1586 1365 dicere
1615 1326 1912 1378 possumus.
1958 1311 2124 1372 Porro
2159 1329 2283 1368 esse

726 1403 844 1455 sine
875 1403 1142 1471 principio
1164 1439 1180 1466 ,
1209 1403 1496 1456 essentiam
1536 1417 1656 1457 esse
1683 1405 1768 1471 qui
1801 1404 1948 1462 dicit.
1989 1423 2092 1460 non
2126 1407 2282 1460 aliter

729 1496 858 1548 facit
900 1508 963 1547 ac
1002 1493 1046 1546 si
1091 1495 1213 1562 quis
1261 1496 1622 1563 interrogatus
1678 1509 1795 1563 qua:
1851 1493 2017 1548 fuerit
2049 1498 2279 1550 essentia

726 1587 875 1651 Adae,
898 1595 952 1640 et
977 1601 1093 1655 qua:
1116 1585 1282 1655 ipsius
1309 1595 1521 1649 natura,
1550 1586 1890 1656 respondeat,
1918 1603 2019 1642 non
2045 1604 2109 1642 ex
2133 1589 2277 1642 coitu

728 1680 828 1734 viri
869 1688 923 1733 et
958 1679 1236 1742 mulieris,
1285 1678 1378 1732 sed
1437 1678 1618 1731 divina
1666 1693 1827 1731 manu
1879 1678 2276 1732 conformatum

727 1787 848 1826 eum
882 1771 1068 1826 fuisse.
1103 1771 1191 1835 At,
1223 1771 1427 1837 inquiet
1455 1772 1595 1840 quis,
1625 1786 1730 1826 non
1765 1770 1979 1823 modum
2013 1785 2120 1840 quo
2151 1755 2276 1825 sub-

2390 599 2502 649 μεν,
2537 583 2564 632 ὁ
2599 582 2653 632 δὲ
2684 581 2814 644 θεὸς
2847 585 2907 634 ἐκ
2938 583 3112 647 τίνος;
3151 579 3292 653 τΑριπ.
3330 585 3451 653 οὐχὶ
3485 586 3784 656 πρόχειρον
3819 587 3946 638 ἐστιν

2387 674 2440 724 ὲν
2469 677 2532 742 τῇ
2565 673 2774 742 ἑκάστῳ
2799 673 3023 743 διανοίᾳ,
3056 676 3134 727 ὅτι
3159 675 3215 740 ἐξ
3245 676 3489 741 οὐδενόςς
3524 677 3596 729 Τὸ
3645 677 3706 729 δὲ
3749 677 3811 742 ἐξ
3842 679 3946 728 οὑξ-

2386 764 2499 825 ενὸς
2528 765 2586 816 τὸ
2609 766 2837 834 ἄναρχον
2872 768 2984 817 ἐστι
3009 767 3265 834 δηλονότι*
3291 769 3351 819 τὸ
3376 769 3432 820 δὲ
3455 769 3697 839 ἄναρχον
3724 769 3789 821 τὸ
3813 771 3948 836 ἀγέν-

2384 871 2558 924 νητον.
2602 858 2685 918 Ὠς
2716 854 2807 910 οὖν
2837 858 2928 910 ἐπὶ
2955 858 3248 928 ἀνθρώπων
3279 861 3378 912 οὐκ
3403 855 3470 929 ἦν
3501 861 3667 913 οὐσία
3701 861 3763 913 τὸ
3797 862 3860 913 ἐκ
3883 880 3948 912 τι.

2384 963 2489 1008 νος,
2517 946 2684 1010 οὕτως
2699 950 2815 1002 οὐδὲ
2839 951 2929 1002 ἐπὶ
2952 950 3044 1002 τοῦ
3071 950 3199 1004 Θεοῦ
3221 952 3327 1004 τῶν
3348 953 3482 1005 ὅλων
3502 954 3702 1006 οὐσίαν
3725 956 3868 1005 ἐστὶν
3889 959 3950 1006 εἰ-

2383 1042 2505 1091 πεῖν
2543 1041 2604 1092 τὸ
2640 1043 2930 1112 ἀγέννητον
2967 1044 3075 1112 (2)·
3111 1045 3243 1115 ὅπερ
3282 1044 3393 1097 ἴσον
3429 1048 3551 1099 ἐστὶ
3594 1047 3680 1116 τῷ
3732 1047 3792 1110 ἐξ
3842 1049 3947 1100 οὖδ-

2383 1131 2516 1192 ενός.
2567 1132 2624 1183 Ὀ
2645 1133 2699 1185 δὲ
2731 1134 2788 1186 τὸ
2819 1135 3048 1206 ἄναρχον
3073 1137 3253 1189 οὐσίαν
3286 1134 3421 1190 εἶναι
3453 1138 3634 1204 λέγων
3671 1141 3948 1210 παραπλή-

2383 1238 2493 1274 σιον
2531 1227 2704 1287 ποιεῖ,
2745 1226 2931 1298 ὥσπερ
2961 1229 3025 1280 ἂν
3055 1228 3106 1280 εἴ
3133 1246 3235 1291 τις,
3269 1230 3648 1300 ἐρωτώμενος,
3686 1231 3774 1293 τίς
3806 1234 3838 1300 ἡ
3870 1233 3949 1285 τοῦ

2393 1313 2560 1383 Ἀδὰμ
2595 1315 2769 1378 οὐσία,
2812 1318 2904 1370 καὶ
2933 1318 3014 1382 τίς
3063 1322 3094 1389 ἠ
3143 1319 3300 1388 φύσις
3348 1321 3527 1390 abuit;
3553 1324 3580 1373 ὁ
3628 1322 3690 1374 δὲ
3732 1324 3950 1390 ἀποκρί-

2379 1420 2540 1467 νοιτο,
2596 1405 2668 1476 μὴ
2704 1407 2776 1475 (5)
2822 1410 2882 1461 ἐκ
2930 1410 3265 1481 συνδυασμοῦ
3309 1412 3498 1482 ἀειδᾴλς
3541 1414 3640 1466 καὶ
3680 1417 3947 1481 γυναικξ,

2379 1496 2492 1547 ἀλλ’
2545 1499 2608 1550 ὲκ
2647 1500 2744 1568 τῆς
2782 1500 2926 1564 θείας
2973 1504 3148 1573 χειρὸς
3181 1504 3596 1574 διαπλασθῆναι.
3661 1506 3807 1558 Ἀλλ’
3845 1507 3950 1574 οὐχὶ

2377 1588 2467 1640 τὸν
2493 1591 2692 1660 τρόπον
2713 1592 2808 1661 τῆς
2840 1595 3183 1659 ὑποστάσεως
3213 1597 3471 1667 ἐπιζητῶ,
3496 1599 3733 1667 φήσειεν
3762 1600 3826 1652 ἄν
3856 1615 3947 1660 τις.

2378 1681 2491 1733 ἀλλ’
2528 1682 2658 1734 αὐτὸ
2699 1684 2790 1735 τοῦ
2844 1686 3127 1757 ἀνθρώπου
3173 1689 3230 1741 τὸ
3268 1689 3449 1742 ὑλικὸν
3493 1691 3948 1760 ὑποκείμενονοὸ

2379 1773 2572 1826 πολλοῦ
2607 1775 2708 1828 δέω
2741 1777 3027 1844 μανθάνειν
3059 1780 3145 1833 διὰ
3175 1782 3271 1850 τῆς
3301 1783 3668 1853 ἀποκρίσεως.
3701 1783 3874 1836 Τοῦτο
3899 1785 3948 1836 δὲ

732 1868 910 1928 sistat,
946 1864 1176 1931 inquiro,
1217 1863 1310 1916 sed
1347 1864 1518 1931 ipsum
1556 1862 1836 1918 materiale
1883 1864 2115 1916 hominis
2148 1864 2278 1918 sub-

2381 1869 2471 1920 καὶ
2509 1870 2637 1936 ἡμῖν
2672 1870 2949 1939 συμϐαίνει
2985 1874 3048 1924 ὲκ
3078 1873 3174 1941 τῆς
3199 1873 3290 1925 τοῦ
3320 1876 3659 1942 (irem-ritca)
3679 1876 3868 1946 φωνῆς
3896 1878 3946 1928 τὸ

723 1958 924 2026 jectum
957 1974 973 2012 :
1014 1957 1158 2026 quod
1192 1955 1349 2025 longe
1384 1957 1569 2010 absum
1617 1964 1674 2008 ut
1708 1954 1909 2008 discam
1959 1968 2025 2007 ex
2056 1969 2277 2024 respon-

727 2052 896 2106 sione.
933 2049 1045 2103 Hoc
1090 2058 1267 2103 autem
1323 2048 1477 2102 nohis
1524 2047 1687 2100 etiam
1736 2047 2018 2116 contingit,
2060 2062 2182 2099 cum
2214 2061 2279 2101 ex

729 2144 951 2213 ingenui
985 2157 1110 2195 voce
1157 2141 1324 2209 magis
1355 2141 1628 2208 quomodo
1662 2139 1803 2195 Deus
1832 2141 1939 2205 sit,
1973 2153 2135 2208 quam
2163 2154 2281 2208 qua

727 2238 799 2291 sit
827 2236 944 2305 ejus
972 2245 1159 2290 natura
1191 2236 1540 2289 edoceamur.

799 2327 883 2381 16.
927 2324 981 2380 In
1008 2339 1240 2387 summa,
1273 2324 1314 2377 si
1349 2323 1472 2392 quis
1499 2323 1925 2378 velitveritatem
1947 2339 2131 2379 eorum
2162 2339 2282 2394 qua:

727 2438 756 2474 a
799 2419 952 2474 nobis
984 2418 1236 2472 dicuntur
1268 2417 1600 2485 perdiscere,
1634 2430 1692 2470 se
1722 2417 1838 2485 ipse
1867 2427 2237 2484 perscrutotur
2264 2436 2277 2471 :

728 2527 856 2566 num
881 2511 946 2562 ad
979 2509 1198 2576 iugeniti
1239 2508 1510 2560 notionem
1544 2506 1823 2574 perveniat
1856 2514 1989 2570 tum,
2023 2521 2143 2559 cum
2171 2508 2285 2562 vult

726 2601 929 2671 aliquid
955 2602 1020 2654 de
1044 2601 1149 2652 Deo
1175 2597 1491 2667 intelligere.
1517 2596 1628 2667 Ego
1655 2597 1903 2667 equidem
1936 2597 2115 2661 video,
2139 2601 2280 2667 quod

727 2691 1053 2763 wgitatione
1106 2689 1252 2743 velut
1300 2688 1583 2742 inventura
1640 2684 1832 2740 sazcula
1883 2695 2123 2752 extenta,
2179 2685 2284 2739 [irae

729 2793 1001 2841 carentem
1041 2782 1269 2836 dicimus
1291 2794 1436 2845 eum,
1462 2777 1620 2848 cujus
1647 2777 1752 2831 vita
1784 2777 1931 2832 nullo
1962 2778 2068 2832 [lue
2097 2779 2282 2831 termi-

729 2888 936 2932 natur:
980 2877 1052 2928 ita
1097 2875 1254 2928 etiam
1310 2874 1436 2925 dum
1485 2872 1550 2924 ad
1590 2871 1866 2939 superiora
1909 2871 2103 2924 szetzula
2150 2886 2280 2925 con-

733 2969 1047 3025 scendentes
1074 2965 1415 3034 cogitatione,
1444 2973 1604 3031 atque
1633 2965 1686 3017 in
1719 2963 2134 3018 immensitatem
2159 2966 2282 3019 vita:

734 3063 823 3115 Dei
864 3059 1009 3113 velut
1042 3059 1093 3110 in
1147 3064 1357 3109 vastum
1399 3055 1668 3122 quoddam
1722 3054 1942 3123 pelagus
1991 3055 2279 3120 intuentes,

2377 1961 2522 2024 ὅπως
2543 1961 2637 2014 τοῦ
2664 1962 2796 2016 Θεοῦ
2835 1965 3028 2017 μᾶλλον
3058 1965 3090 2035 ἢ
3117 1966 3286 2036 αὐτὴν
3316 1969 3415 2037 τὴν
3443 1967 3606 2036 φύσιν
3637 1968 3945 2038 διδασκομέ-

2379 2073 2506 2117 νοις.

2449 2333 2536 2388 16.
2583 2334 2757 2398 Ὀλως
2802 2333 2858 2387 δὲ
2903 2335 2954 2386 ετ
2994 2350 3077 2396 τις
3117 2332 3354 2403 βούλοιτο
3398 2333 3496 2403 τὴν
3538 2333 3806 2404 ἀλήθειαν
3851 2333 3947 2386 τῶν

2383 2428 2508 2495 παρ’
2551 2427 2703 2497 ἡμῶν
2747 2428 3052 2498 λεγομένων
3093 2425 3444 2497 καταμαθεῖν,
3489 2425 3684 2478 ἑαυτὸν
3731 2429 3945 2496 ἀνερευ-

2383 2516 2555 2568 νάτω·
2587 2517 2712 2569 ὅταν
2745 2535 2796 2570 τι
2828 2519 3012 2588 νοῆσαι
3051 2518 3158 2571 τῶν
3185 2519 3309 2590 περὶ
3334 2517 3467 2570 Θεοῦ
3498 2517 3760 2587 βουληθῇ,
3801 2522 3850 2570 εξ
3877 2520 3947 2581 εἰς

2382 2606 2440 2658 τὸ
2477 2609 2864 2677 σημαινόμενον
2895 2611 2968 2679 (At)
2998 2611 3088 2664 τοῦ
3117 2613 3407 2681 ἀγεννήτου
3440 2612 3625 2680 χωρεῖ.
3679 2609 3825 2677 Ἐγὼ
3861 2613 3949 2680 μὲν

2382 2695 2488 2765 γὰρ
2526 2693 2654 2764 ὁρῶ,
2694 2696 2796 2753 ὅτι,
2833 2695 3018 2767 ὥσπερ
3054 2700 3162 2760 τοῖς
3217 2697 3598 2767 ἐπερχομένοις
3644 2695 3813 2748 αἰῶσι
3859 2698 3948 2765 τὴν

2379 2787 2613 2841 διάνοιαν
2643 2787 3064 2850 ἐπεκτείνοντες,
3093 2789 3443 2857 ἀτελεύτητον
3463 2787 3701 2858 λέγομεν
3730 2787 3825 2842 τὸν
3846 2789 3949 2840 οῦδ·

2381 2881 2461 2933 ενὶ
2505 2880 2698 2951 πέρατι
2731 2880 2830 2949 τὴν
2894 2879 3036 2947 ζωὴν
3075 2879 3414 2949 ὁριζόμενον·
3452 2880 3594 2932 οὕτω
3645 2883 3744 2933 καὶ
3777 2882 3858 2942 εἰς
3895 2897 3948 2932 το

2383 2972 2491 3024 ἄνω
2534 2971 2640 3024 τῶν
2689 2969 2899 3023 αἰώνων
2946 2973 3054 3031 τοῖς
3093 2969 3366 3040 λογισμοῖς
3404 2971 3790 3032 ἀναϐαἱνοντες
3816 3013 3832 3035 ,
3865 2989 3948 3023 au.

2382 3059 2490 3116 οἷον
2522 3065 2601 3128 εἴς
2646 3083 2697 3117 τι
2730 3065 2962 3133 πέλαγος
2995 3064 3190 3134 ἀχανὲς
3221 3064 3312 3114 ἐπὶ
3353 3063 3411 3114 τὸ
3454 3064 3682 3132 ἄπειρον
3717 3065 3821 3135 τῆς
3864 3063 3946 3117 τοῦ

731 3169 852 3209 cum
877 3150 1196 3224 principium
1232 3145 1434 3201 nullum
1461 3146 1601 3199 unde
1627 3146 1699 3200 sit
1727 3145 2125 3214 apprehendere
2159 3161 2279 3212 pos-

2383 3155 2515 3208 Θεοῢ
2565 3155 2708 3227 ζωῆς
2757 3156 3178 3220 διακύπτοντες,
3221 3155 3473 3225 οὐδεμιᾶς
3521 3157 3702 3225 ἀρχῆς
3749 3159 3845 3226 ἀφ’
3890 3154 3947 3228 ἧς

732 3248 931 3307 simus;
978 3245 1085 3296 imo
1113 3255 1233 3294 cum
1275 3241 1551 3294 videamus
1581 3237 1675 3293 Dei
1725 3239 1890 3292 vitam
1942 3239 2078 3294 ultra
2123 3254 2282 3295 omne

731 3336 873 3404 quod
895 3333 1272 3393 intelleximus,
1299 3343 1512 3396 semper
1535 3330 1750 3382 extendi
1775 3345 1838 3384 ac
1862 3333 2129 3399 protrahi,
2159 3334 2279 3396 hoc,

732 3427 874 3496 quod
903 3426 955 3479 in
986 3424 1126 3478 illius
1164 3422 1270 3476 vita
1302 3420 1572 3490 principio
1601 3429 1754 3474 caret
1787 3430 1842 3474 et
1865 3422 2098 3490 origine,
2135 3422 2283 3489 iuge-

736 3521 903 3574 nitutn
937 3517 1270 3570 vocavimus.
1311 3511 1434 3566 Hart:
1460 3519 1544 3566 est
1581 3512 1724 3564 enim
1754 3511 1901 3566 vocis
1930 3513 2148 3581 ingeniti
2181 3527 2281 3565 no-

732 3613 827 3674 tio,
859 3625 964 3663 non
1004 3605 1447 3664 haberealiunde
1486 3604 1786 3659 cxsistendi
1836 3603 2183 3675 principium.
2215 3605 2283 3658 At

733 3702 1062 3766 Eunomius,
1094 3698 1348 3766 quoniam
1380 3698 1432 3752 in
1477 3697 1592 3752 solo
1635 3699 2012 3753 universorum
2048 3699 2157 3753 Deo
2197 3699 2282 3753 in-

733 3792 967 3861 genitum
1002 3788 1302 3855 inspicitur,
1331 3786 1786 3842 facinorosissime
1814 3789 2053 3842 omnium
2083 3791 2184 3843 hoc
2212 3789 2278 3842 ad

735 3881 1001 3952 Unigeniti
1038 3875 1425 3947 blasphemiam
1471 3879 1664 3944 rapuit.
1697 3879 1836 3944 Quid
1877 3879 2020 3934 enim
2054 3896 2278 3950 progre-

730 3982 883 4037 diens
910 3977 1016 4033 ait?

803 4074 935 4129 Eun.
977 4069 1250 4141 lngenitus
1280 4075 1460 4122 autem
1508 4079 1630 4121 cum
1672 4065 1779 4128 sit,
1811 4073 1868 4118 ut
1908 4068 2149 4135 superius
2189 4068 2280 4122 de-

732 4166 1178 4226 monstravimus,
1216 4177 1486 4232 nunquam
1537 4168 1714 4230 potest
1749 4159 2145 4226 generationem
2190 4161 2280 4213 ad-

733 4263 965 4325 mittere,
999 4257 1132 4312 adeo
1164 4266 1225 4308 ut
1264 4270 1416 4310 suam
1443 4254 1610 4323 ipsius
1643 4261 1892 4306 naturam
1919 4252 2280 4304 communicet

730 4367 853 4406 cum
883 4350 1101 4420 genito:
1135 4345 1246 4404 scd'
1267 4361 1479 4402 omnem
1527 4342 1986 4412 comparationem
2020 4355 2082 4394 ac
2114 4344 2280 4410 parti-

729 4439 1050 4516 cipationem
1077 4456 1195 4494 cum
1221 4438 1404 4507 genito
1443 4435 1629 4507 fugiet.

2383 3249 2569 3316 γέγονε
2592 3249 2847 3302 λαϐέσθαι
2881 3249 3184 3320 δυνάμενοι,
3217 3248 3348 3302 ἀλλὰ
3378 3249 3469 3302 τοῦ
3496 3251 3794 3320 νοουμένου
3829 3252 3946 3317 Litu-

2382 3338 2543 3409 τέραν
2571 3340 2656 3390 ἀεὶ
2695 3341 2786 3390 καὶ
2822 3340 3327 3408 ὑπερεκπῖπτουσαν
3357 3338 3450 3392 τοῦ
3498 3339 3635 3392 Θεοῦ
3679 3341 3780 3411 τὴν
3811 3339 3945 3408 ζωὴν

2383 3429 2709 3493 ἐννοοῦντες,
2754 3428 2907 3480 τοῦτο
2944 3430 3002 3479 τὸ
3049 3430 3278 3498 ἄναρχον
3316 3431 3414 3498 τῆς
3461 3432 3607 3501 ζωῆς
3658 3432 3945 3501 ἀγέννητον

2385 3522 2840 3592 προσειρήκαμεν.
2869 3519 3014 3591 Αὕτη
3045 3520 3152 3590 γὰρ
3181 3521 3272 3572 τοῦ
3305 3522 3634 3590 ἀγεννήτων
3746 3526 3941 3585 ἔννῇια,

2382 3613 2440 3664 τὸ
2471 3613 2542 3683 μὴ
2587 3614 2727 3682 ἔχειν
2760 3613 3023 3684 ἑτέρωθεν
3067 3614 3163 3684 τὴν
3196 3613 3367 3684 ἀρχὴν
3417 3614 3507 3666 τοῦ
3548 3612 3714 3670 εἶναι.
3772 3619 3831 3670 Ὀ
3864 3618 3942 3679 δὲν

2383 3705 2568 3775 ἐπειδὴ
2599 3705 2725 3775 περὶ
2752 3705 2907 3775 μόνον
2937 3705 3025 3757 τὸν
3065 3705 3196 3758 Θεὸν
3234 3703 3339 3756 τῶν
3385 3703 3518 3755 ὅλων
3552 3706 3613 3756 τὸ
3657 3708 3942 3776 ἀγέννητον

2381 3797 2661 3862 θεωρεῖται
2711 3799 2821 3868 (5),
2875 3797 3284 3870 κακουργότατα
3332 3796 3548 3849 πάντων
3597 3797 3680 3866 (6)
3723 3800 3804 3860 εἰς
3853 3799 3942 3868 τὴν

2382 3889 2520 3942 κατὰ
2549 3890 2642 3941 τοῦ
2673 3890 3004 3958 Μονογενοῦς
3035 3892 3281 3961 ἥρπασεν
3308 3888 3438 3943 αὐτὸ
3471 3887 3844 3960 βλασφημίαν.
3884 3891 3940 3941 Τί

2380 3982 2483 4052 γάρ
2519 3999 2649 4051 φησι
2684 3984 2883 4052 προῖὼν
2904 3999 2917 4044 ;

2451 4072 2608 4128 ΕΥΝ.
2656 4072 2968 4141 Ἀγέννητος
3011 4071 3067 4123 δὲ
3115 4070 3188 4123 ὣν
3225 4070 3365 4124 κατὰ
3413 4073 3510 4141 τὴν
3563 4072 3937 4144 προλαϐοῦσαν

2381 4162 2670 4225 ἀπόδειξιν,
2705 4164 2803 4213 οὐκ
2837 4163 2898 4214 ἄν
2931 4178 3059 4212 ποτε
3087 4162 3336 4231 πρόσοιτο
3365 4164 3638 4232 γέννησιν,
3670 4164 3813 4217 ὥστε
3849 4167 3937 4233 τῆς

2385 4253 2518 4316 ἰδίας
2553 4252 2869 4322 μεταδοῦναι
2895 4251 2971 4321 τῷ
2999 4255 3319 4322 γεννωμένῳ
3358 4255 3592 4320 φύσεως,
3626 4259 3858 4323 ἐκᾳυγοι
3889 4275 3937 4308 τε

2382 4345 2446 4398 ἂν
2474 4346 2648 4397 πᾶσαν
2686 4345 2969 4414 σύγκρισιν
3001 4344 3094 4396 καὶ
3126 4345 3404 4397 κοινωνίαν
3430 4344 3528 4414 τὴν
3563 4347 3704 4415 πρὸς
3737 4348 3798 4397 τὸ
3827 4364 3938 4414 γεν-

2381 4440 2558 4509 νητόν.

801 4538 927 4592 Bas.
973 4533 1017 4589 Ο
1051 4534 1410 4600 impudentem
1434 4542 1489 4583 et
1524 4530 1821 4600 improbam
1854 4525 2273 4597 blasphemiam!

2450 4532 2593 4582 ΒΑΣ.
2632 4531 2692 4582 Ὢ
2720 4531 2814 4601 τῆς
2838 4531 3187 4601 ἀναισχύντου
3211 4532 3284 4600 (7)
3309 4532 3403 4584 καὶ
3434 4535 3682 4602 πονηρᾶς
3708 4534 3936 4604 βλασφη-

728 4631 774 4687 0
799 4626 1064 4684 occultum
1091 4621 1268 4676 dolum
1307 4630 1362 4675 et
1391 4619 1738 4691 multiplicem
1764 4621 2084 4675 versutiam!
2115 4633 2275 4687 quam

729 4723 1012 4794 diligenter
1053 4732 1119 4772 ex
1163 4715 1280 4784 ipso
1327 4713 1522 4768 diaboli
1559 4715 1788 4768 artiticio
1833 4714 2089 4783 loquitur.
2145 4710 2275 4765 Nam

728 4813 851 4883 quia
881 4807 1193 4866 dissimilem
1218 4804 1326 4861 Deo
1347 4820 1410 4861 ac
1440 4805 1586 4860 Patri
1612 4805 1943 4874 unigenitum
1979 4803 2174 4859 Filium
2207 4817 2269 4857 ac

799 5039 877 5108 (2)
916 5037 1048 5107 Reg.
1078 5039 1267 5108 tertius
1297 5044 1352 5089 et
1383 5035 1532 5108 coll).
1580 5036 1727 5108 ἐστὶν
1778 5036 1967 5108 εἰπεῖν
1997 5036 2057 5089 τὸ
2091 5035 2167 5108 ἐξ,
2193 5036 2283 5088 οὑ-

723 5103 873 5174 ὃενὸς
912 5103 1048 5178 ὅπερ
1090 5107 1200 5159 ἴσον
1231 5108 1348 5160 ἐστὶ
1384 5106 1462 5175 τῷ
1508 5107 1833 5178 ἀγέννητος·
1869 5105 1981 5178 est
2013 5107 2073 5159 τὸ
2120 5103 2281 5177 ἄναρ.

728 5200 839 5252 χον,
877 5180 991 5252 ιω,
1019 5175 1179 5252 neque
1227 5179 1281 5230 in
1328 5180 1683 5252 universorum
1739 5175 1846 5252 Deo
1889 5176 2122 5252 illudne
2158 5175 2280 5229 sub-

726 5243 922 5305 stantia
954 5249 1074 5301 licet
1094 5243 1295 5310 dicere,
1326 5247 1460 5314 quod
1485 5261 1547 5298 ea:
1568 5247 1708 5298 nullo
1746 5249 1832 5306 sit,
1861 5246 1998 5311 quod
2037 5247 2170 5298 idem
2204 5256 2278 5298 est

726 5333 880 5388 atque
910 5318 1231 5389 generatioui
1263 5317 1540 5389 obnoxium
1586 5333 1688 5368 non
1725 5333 1854 5389 esse.
1881 5315 2011 5389 _$ed
2059 5327 2277 5389 prmstat

729 5384 856 5459 legi,
883 5384 942 5443 u't
978 5388 1104 5440 tnihi
1139 5388 1352 5459 quidem
1399 5386 1627 5459 videtur,
1659 5398 1712 5459 ut
1750 5388 1799 5437 in
1840 5384 1966 5459 aliis
1997 5388 2273 5440 codicibus

726 5455 863 5514 et'in
893 5459 1169 5524 impressis
1197 5457 1347 5510 libris
1383 5455 1636 5520 scriptum
1675 5457 1963 5508 invenitur.

795 5528 884 5650 (δὲ
914 5528 1046 5597 Reg.
1070 5535 1292 5595 quartus
1321 5524 1663 5595 ἀποκρίνοιτο
1690 5526 1748 5577 τὸ
1781 5527 1874 5596 μή.
1907 5524 2023 5577 Mox
2055 5541 2179 5578 mss.
2209 5527 2273 5577 ἐκ

795 5615 822 5650 c
888 5598 1002 5650 ειας
1031 5595 1226 5650 νειοός.
1259 5597 1530 5650 Artic'ulus
1556 5600 1738 5648 deerat
1763 5598 1813 5648 in
1847 5596 2090 5650 vulgatis.

725 5595 1017 5669 wﬁéilietac'
1031 5595 1226 5668 χειρός.
1259 5597 1530 5669 Articulus
1556 5600 1738 5669 deerat
1763 5598 1813 5648 in
1844 5595 2090 5669 vulgatis.

794 5668 870 5740 (4)
911 5663 1062 5740 Editi'
1091 5663 1270 5740 (εὶ-δᾳ
1315 5681 1440 5720 mss.
1486 5663 1751 5740 βουληθῇ,
1800 5668 1876 5729 εὶς
1916 5667 1977 5716 τὸ
2019 5668 2274 5735 σημαινό-

730 5736 905 5807 μενον.
932 5737 1111 5791 Codex
1143 5736 1289 5807 Cplh.
1317 5739 1545 5807 secunda
1590 5740 1800 5802 quidem
1839 5752 2019 5795 manu,
2052 5749 2140 5787 sed
2177 5757 2273 5788 ξηι-

729 5805 873 5875 tiqua
909 5819 1117 5868 tamen,
1164 5805 1394 5876 βουληθῇ
1436 5808 1482 5857 εἰ
1534 5807 1609 5869 εἰς
1653 5808 1710 5858 τὸ
1759 5807 2171 5877 σημαινόμενον,
2221 5825 2272 5860 se

2388 4623 2545 4693 μίαςῐ
2582 4624 2757 4675 Ὢτοῦ
2799 4625 3177 4695 κεκρυμμένου
3226 4623 3374 4676 δόλου
3419 4626 3511 4677 καὶ
3555 4626 3656 4694 τῆς
3701 4629 3936 4693 ποικίλης

2387 4715 2754 4784 ῥᾳδιουργίαςε
2787 4716 2860 4778 ὡς
2889 4715 3129 4785 ἀκριϐῶς
3161 4715 3217 4780 ἐξ
3250 4715 3417 4782 αὐτῆς
3447 4715 3538 4767 τοῦ
3567 4715 3818 4768 διαϐόλου
3853 4719 3937 4786 τῆς

2379 4806 2653 4876 μεΘΟὸείας
2685 4806 3010 4875 φθέγγεταιῐ
3062 4806 3334 4874 Ἀνόμοιον
3376 4805 3483 4874 γᾶρ
3513 4804 3842 4876 βουλόμενα
3873 4806 3937 4874 τῷ

2378 5040 2484 5103 ipse
2512 5045 2865 5106 perscrutetur
2901 5053 2969 5088 an
3000 5035 3244 5103 procedat
3278 5035 3345 5087 ad
3387 5035 3652 5106 notionem
3693 5035 3934 5102 ingeniri;

2376 5118 2429 5161 et
2465 5105 2533 5160 ita
2581 5109 2677 5176 legi
2709 5118 2955 5173 oportere
2992 5107 3238 5166 arhitror,
3283 5122 3380 5158 nec
3405 5107 3474 5158 ob
3505 5105 3671 5156 aliam
3721 5120 3931 5158 causam

2376 5179 2689 5245 particulam
2719 5180 2767 5229 εἰ
2813 5176 3221 5244 praetermissam
3257 5176 3438 5230 fuisse.
3488 5189 3648 5242 quam
3688 5178 3831 5239 quod
3873 5177 3929 5228 li-

2375 5249 2536 5302 brarii
2568 5252 2614 5300 εἰ
2647 5263 2766 5301 cum
2801 5248 2879 5308 εἰς
2913 5245 3269 5305 confuderiut,
3301 5247 3656 5311 ultimamque
3687 5248 3928 5300 Voculam

2375 5320 2612 5372 Scribere
2647 5319 2780 5369 satis
2819 5317 3122 5370 habuerint.

2445 5388 2517 5457 (5)
2553 5389 2620 5441 Τὸ
2648 5387 2976 5454 ἀγέννητον
3005 5386 3316 5454 θεωρεῖται,
3343 5386 3716 5457 consideratur
3742 5387 3931 5455 ingrui-

2371 5456 2506 5520 tunt,
2534 5462 2631 5511 hoc
2662 5469 2762 5518 est,
2792 5460 2924 5508 ratio
2965 5458 3202 5525 ingeniJi,
3234 5459 3525 5526 praprietas
3559 5456 3801 5522 ingenita}
3841 5473 3926 5507 na-

2371 5535 2442 5584 tt'o
2474 5530 2710 5598 ingeniti,
2741 5540 2785 5580 et
2816 5528 2928 5594 ejus
2960 5537 3168 5579 natura.

2433 5594 2684 5668 (tijvliditi
2742 5599 2976 5658 παντως.
3021 5598 3196 5651 Codex
3246 5594 3403 5668 Coll).
3442 5602 3496 5647 et
3550 5594 3642 5668 alii
3715 5595 3922 5666 quidam

2371 5663 2503 5722 mss.
2531 5669 2761 5721 πάντων.
2800 5668 2916 5720 Mox
2953 5671 3057 5720 duo
3091 5684 3219 5719 mss.
3247 5666 3325 5728 εἰς
3355 5664 3452 5735 τὴν
3484 5663 3603 5718 τοῦ.

2442 5739 2518 5809 (Ἠ
2558 5740 2694 5792 Editi
2731 5741 2794 5790 Ὢ
2821 5736 2911 5789 τοῦ
2947 5736 3319 5791 ἀναισ·’ύντου.
3350 5739 3417 5788 At
3457 5751 3591 5793 mss.
3617 5736 3687 5789 Ὢ
3709 5735 3826 5806 τῆς.
