4084 6318
122 373 262 426 είις)

1233 367 1589 423 Αι·)νΕὶι8υ5
1628 363 1987 420 EUNOMIUM
2028 368 2157 423 LIB.
2198 367 2238 420 1.

3253 374 3357 430 550

117 487 275 558 Θεῷ
299 488 390 568 καὶ
418 485 586 556 Harp).
611 485 699 536 τὸν
719 483 993 552 Μονογενῆ
1021 482 1141 534 Υίὸν
1169 483 1258 533 καὶ
1284 481 1411 532 Θεὸν
1434 480 1686 546 ἐπιδεῖξαι

1818 480 1978 532 Deum
2025 481 2131 532 vult
2155 481 2454 542 ostendere,
2484 482 2656 538 Patris
2681 492 2735 536 et
2761 481 2879 536 Filii
2913 497 3106 538 nomen
3139 485 3356 541 silentio

123 577 206 629 τὸ
250 579 348 648 μὲν
368 577 458 629 τοῦ
482 575 688 642 Πατρὸς
716 575 806 625 καὶ
833 573 925 626 τοῦ
960 574 1084 626 Υἱοῧ
1108 573 1272 640 ὄνομα
1303 575 1496 642 σιωπᾷ,
1526 573 1709 632 ἁπλῶς

117 669 196 722 δὲ
237 671 366 733 περῖ
408 667 695 735 ἀγεννήτου
733 668 825 719 καὶ
856 665 1110 734 γεννητοῦ
1144 664 1478 731 διαλέγεται”
1515 667 1604 717 καὶ
1639 663 1708 715 τέι

117 764 253 831 τῆς
288 759 548 827 σωτηρίου
583 759 810 822 πίστεως
844 761 1080 828 ὀνόματα
1129 756 1402 824 κρύπτων.
1438 757 1566 824 ψιλὰ
1602 773 1705 807 πα-

127 854 410 922 ραδίδωσι
442 850 534 920 τῆς
565 849 904 922 βλασφημίας
931 850 996 902 τὰ
1025 849 1267 918 δόγματα
1287 867 1298 878 ·
1329 851 1432 910 ἵνα,
1462 851 1557 920 τῆς
1585 850 1709 900 ἀσε-

175 945 311 1003 είας
349 944 403 993 ἐν
433 945 541 1005 τοῖς
578 944 858 1015 πράγμασι
906 942 1301 1012 γυμνωθείσης,
1337 938 1451 995 εἶτα
1481 943 1576 1010 τῆς
1611 957 1706 1008 με-

123 1032 434 1094 ταϐάσεως
456 1034 545 1085 ἐπὶ
572 1034 639 1084 τὰ
666 1033 926 1102 πρόσωπα
960 1032 1249 1103 γενομένης
1286 1034 1382 1101 (8),
1414 1033 1574 1092 αὐτὸς
1609 1030 1705 1100 μὲν

131 1123 327 1192 μηδὲν
347 1124 466 1197 δόξῃ
497 1125 768 1192 δύσφημον
795 1123 1085 1192 εἰρηκέναι,
1115 1128 1180 1194 τῇ
1210 1125 1262 1177 δέ
1286 1125 1378 1176 τοῦ
1402 1125 1555 1189 λόγου
1581 1122 1708 1174 ἀκο-

126 1213 344 1286 λουθίᾳ
368 1213 866 1283 κατεσκευασμένην
889 1213 983 1286 ἔχη
1010 1215 1105 1286 τὴν
1130 1212 1489 1284 βλασφημίαν.
1527 1212 1708 1279 Ἀγέν-

128 1319 316 1375 νητος
343 1305 397 1356 δὲ
421 1304 513 1364 ὢν,
542 1303 720 1372 φησιν,
754 1303 974 1372 ἐκφύγοι
1000 1304 1062 1358 ἂν
1097 1307 1272 1357 πᾶσαν
1307 1303 1585 1372 σύγκρισιν
1614 1302 1705 1353 καὶ

130 1397 434 1448 κοινωνίαν
467 1395 561 1465 τὴν
592 1397 724 1465 πρὸς
753 1396 810 1450 τὸ
841 1397 1112 1465 γεννητόν.
1146 1398 1256 1447 Οὐκ
1286 1391 1450 1457 εἶπεν,
1483 1397 1560 1448 ὅτι
1594 1397 1706 1448 Πα-

127 1488 257 1556 τὴρ
288 1488 376 1537 καὶ
406 1487 527 1549 Υἱός
547 1504 560 1517 ·
588 1487 720 1550 ἀλλ’,
739 1490 1049 1555 Ἀγέννητος
1082 1487 1174 1538 καὶ
1203 1489 1458 1559 γεννητός
1608 1489 1703 1539 ’Ἑν

137 1579 258 1646 μὲν
289 1578 349 1647 δὴ
379 1580 537 1633 αὐτοῦ
568 1581 720 1633 τοῦτο
746 1579 980 1631 τοιοῦτον
1014 1579 1372 1652 κακούργημα
1440 1589 1620 1651 ἔτερον
1650 1579 1704 1633 δὲ

133 1671 338 1736 ποῖον,
387 1677 652 1725 σκοπεῖτε,
713 1671 1024 1741 Ἀγέννητος
1054 1673 1108 1724 δὲ
1151 1673 1244 1734 ὢν,
1279 1692 1461 1742 φησιν,
1514 1673 1606 1728 sint
1641 1672 1703 1725 ἄν

131 1778 289 1814 ποτε
320 1765 563 1833 πρόσοιτο
597 1763 838 1832 γέννησιν
861 1778 872 1792 ·
906 1764 997 1814 καὶ
1022 1765 1232 1829 ἐπάγει,
1269 1764 1405 1814 ὥστε
1441 1765 1536 1832 τῆς
1571 1765 1702 1826 ίδίας

1811 571 2202 639 praetermittit,
2239 586 2302 625 ac
2348 571 2660 640 simpliciter
2696 582 2761 630 de
2808 574 3045 644 ingenito
3087 582 3141 630 et
3174 580 3356 644 genito

1810 662 2043 716 disserit.
2074 662 2211 728 Quin
2240 671 2292 716 et
2321 663 2602 716 occultatis
2633 667 2924 721 salutifera:
2969 665 3093 719 ﬁdei
3127 667 3355 722 nomini-

1811 757 1926 816 bus,
1956 755 2298 822 blasphemiae
2326 755 2572 821 dogmata
2602 755 2738 809 nuda
2771 760 2952 827 tradit,
2981 766 3059 824 ut,
3090 758 3352 812 denudata

1809 846 1860 897 in
1894 846 2019 914 ipsis
2049 848 2206 900 rebus
2243 846 2533 913 impietate,
2567 862 2628 900 ac
2659 847 2849 900 deinde
2887 851 3030 906 facto
3063 851 3128 906 ad
3169 863 3356 920 perso-

1809 951 1903 989 nas
1933 938 2182 1000 transitu,
2219 937 2460 991 videatur
2489 936 2601 1004 ipse
2631 937 2759 989 nihil
2804 937 3002 993 dixisse
3029 939 3352 1012 blasphemi,

1809 1027 1897 1078 sed
1925 1029 2180 1082 orationis
2220 1029 2359 1084 serie
2399 1028 2789 1096 blasphemiam
2833 1029 3206 1085 concinnatam
3250 1034 3352 1087 ha-

1808 1117 1945 1170 beat.
1977 1118 2246 1185 Ingenitus
2277 1129 2452 1175 autem
2479 1135 2600 1174 cum
2625 1121 2710 1183 sit,
2739 1121 2931 1189 inquit,
2956 1120 3143 1193 eﬂ'ugit
3171 1125 3350 1194 utique

1805 1221 2015 1260 omnem
2057 1210 2504 1275 comparationem
2547 1225 2609 1263 ac
2643 1213 3069 1266 communionem
3100 1227 3220 1266 cum
3260 1230 3354 1282 ge-

1808 1297 1934 1350 nito.
1976 1295 2090 1349 Non
2131 1298 2300 1352 dixit:
2335 1297 2492 1354 Pater
2531 1311 2584 1355 et
2615 1300 2816 1365 Filius,
2846 1302 2962 1366 sed,
2994 1301 3270 1374 lngenitus
3299 1315 3353 1358 et

1806 1389 2036 1455 genitus.
2071 1389 2199 1442 Tale
2229 1400 2312 1443 est
2341 1391 2503 1459 igitur
2536 1408 2702 1446 unum
2725 1431 2740 1458 ,
2769 1393 2910 1458 quod
2939 1393 3006 1447 ab
3043 1408 3108 1449 eo
3136 1397 3353 1466 excogi-

1807 1487 1970 1533 tatum
1995 1490 2078 1534 est
2109 1501 2121 1534 :
2155 1480 2379 1534 alterum
2412 1497 2538 1535 vero
2563 1483 2718 1550 quale
2758 1485 2829 1537 sit
2873 1485 3233 1541 considerate.
3265 1487 3351 1540 ln-

1805 1575 2014 1643 genitus
2041 1591 2166 1630 vero
2196 1592 2315 1631 cum
2353 1576 2444 1642 sit,
2480 1578 2681 1646 inquit,
2715 1594 2987 1646 nunquam
3018 1595 3148 1635 sane
3180 1581 3353 1636 admi-

1804 1666 1938 1720 serit
1978 1668 2371 1736 generationem
2414 1684 2427 1721 :
2471 1678 2523 1719 et
2571 1668 2876 1736 subjungit,
2921 1671 3054 1727 adeo
3096 1681 3153 1726 ut
3198 1687 3348 1727 suam

1807 1760 1972 1824 ipsius
2000 1767 2245 1811 naturam
2272 1760 2630 1813 communicet
2661 1775 2780 1813 cum
2809 1761 3007 1830 genito.
3035 1762 3184 1827 Illud,
3217 1782 3354 1819 nun-

139 1853 472 1921 μεταδοῦναι
504 1853 577 1923 τῷ
603 1853 918 1922 γεννωμένῳ
946 1853 1175 1921 φύσεως.
1210 1853 1301 1914 Τὸ,
1327 1855 1436 1904 οὐκ
1467 1853 1542 1904 ἄν
1565 1868 1694 1905 ποτε

1807 1868 1959 1916 quant
1992 1867 2116 1903 sane
2147 1851 2413 1902 admiserit
2453 1829 2856 1918 generationem,
2897 1853 3005 1906 duo
3029 1853 3298 1924 signiﬁcat
3332 1873 3344 1908 :

135 1945 434 2012 πρόσοιτο
473 1944 776 2013 γέννησιν,
806 1945 894 1996 δύο
936 1945 1214 2014 σημαῖνει·
1257 1944 1313 1995 ἓν
1356 1944 1484 2013 μὲν,
1517 1945 1595 1996 ὅτι
1637 1946 1701 2013 τῇ

141 2037 266 2107 ἰδία
295 2037 453 2090 αὐτοῦ
487 2038 640 2106 φύσει
673 2039 770 2091 ούκ
801 2038 1094 2109 ἐφαρμόζει
1122 2038 1230 2107 (l0)
1262 2037 1509 2107 γέννησις
1539 2036 1704 2108 (ἁδύ-

135 2146 311 2181 νατον
341 2129 445 2199 γὰρ
493 2130 594 2182 ὑπὸ
628 2131 875 2200 γέννησιν
916 2129 1086 2181 ἐλΟεῖν
1129 2129 1224 2198 τὴν
1271 2129 1559 2197 ἀγέννητον
1603 2128 1703 2196 φύ-

140 2236 236 2270 σιν
265 2221 282 2285 )
307 2236 318 2248 ⁸
357 2221 538 2289 ἕτερον
569 2220 643 2281 δὲ,
680 2220 759 2271 ὅτι
798 2221 1049 2288 γεννῆσαι
1085 2220 1142 2269 οὐ
1181 2219 1526 2286 καταδέχεται
1568 2220 1697 2289 (“)'

133 2305 321 2371 Οὗτος
353 2310 448 2378 μὲν
477 2306 567 2361 οὖν
596 2312 733 2362 κατά
759 2312 817 2362 τὸ
846 2310 1089 2381 δεύτερον
1123 2311 1513 2380 σημαινόμενον
1544 2313 1704 2381 ἐχρή-

133 2418 285 2454 ητατο
323 2405 383 2472 τῇ
419 2405 602 2474 φωνῇ·
639 2402 968 2475 συναρπάζει
999 2403 1055 2456 δὲ
1087 2403 1212 2466 τοὺς
1242 2403 1467 2465 πολλοὺς
1501 2405 1563 2455 ἐκ
1606 2405 1703 2474 τῆς

132 2494 418 2564 προτέρας
459 2495 682 2559 ἐννοίας.
727 2497 876 2548 Ἐπεὶ
907 2497 985 2549 ὅτι
1022 2513 1082 2564 γε
1112 2496 1268 2550 τοῦτό
1307 2500 1417 2550 ἐστι
1448 2499 1507 2550 τὸ
1539 2515 1702 2552 κατα-

137 2588 557 2656 σκευαζόμενον,
622 2588 803 2655 σαφῶς
857 2588 916 2638 τὸ
967 2591 1354 2659 ἐπιφερόμενον
1413 2591 1696 2644 δείκνυσιν.

139 2677 334 2728 εἰπὼν
367 2678 470 2745 γὰρ
514 2678 613 2738 ὃτι,
645 2681 762 2729 Οὐκ
791 2677 867 2729 ἂν
895 2692 1036 2731 ποτε
1065 2682 1345 2746 πρόσοιτο
1385 2683 1692 2750 γέννησιν,

136 2767 450 2834 επήγαγεψ
498 2765 651 2819 ὥστε
679 2766 786 2834 τῆς
823 2768 973 2834 ιδίας
994 2770 1352 2837 μεταδοῦναι
1387 2772 1463 2836 τῷ
1493 2785 1702 2840 revrta-

128 2857 306 2925 μένῳ
346 2861 595 2926 φύσεως.
634 2861 711 2931 Τῇ
751 2859 858 2929 γὰρ
897 2862 1122 2932 δευτέρα
1171 2863 1280 2932 (12)
1331 2865 1506 2935 ἐννοίᾳ
1548 2865 1701 2918 τοῦτό

136 2948 298 2998 ἐστιν
336 2949 650 3002 ἀκόλουθον·
698 2951 777 3003 ὅτι
818 2953 875 3003 οὐ
913 2953 1262 3022 καταδέχεται
1302 2956 1551 3021 γενέσθαι
1589 2958 1698 3009 Πα-

133 3037 272 3109 τὴρ,
316 3039 401 3092 ἵνα
440 3040 512 3112 μὴ
560 3042 768 3112 μεταδῷ
801 3043 898 3112 τῆς
952 3044 1084 3106 ίδίας
1133 3044 1343 3113 φύσεως
1386 3046 1461 3115 τῷ
1505 3065 1700 3113 γεννω-

1805 1957 1964 1994 unum
1993 1983 2007 2004 ,
2052 1943 2192 2012 quod
2237 1942 2463 2010 propriae
2494 1944 2658 2010 ipsius
2692 1955 2897 1999 natura:
2941 1961 3046 2000 non
3092 1949 3340 2010 congruit

1804 2034 2081 2103 generatio
2123 2036 2355 2104 (quippe
2398 2035 2508 2088 lieri
2538 2052 2638 2090 non
2674 2047 2850 2106 potest
2879 2047 2936 2092 ut
2971 2049 3161 2094 natura
3193 2041 3343 2108 inge-

1804 2127 1910 2178 nita
1942 2126 2268 2196 generetur)
2299 2145 2311 2180 :
2350 2125 2598 2194 alterum,
2626 2131 2765 2198 quod
2793 2146 3053 2197 generare
3086 2148 3189 2185 non
3222 2146 3346 2186 sus-

1805 2220 1954 2274 tinet.
1988 2219 2085 2275 Hic
2112 2221 2326 2289 quidem
2374 2220 2472 2272 hac
2504 2236 2632 2275 voce
2674 2225 2962 2277 secundum
2993 2225 3344 2293 posteriorem

1801 2325 2011 2364 sensum
2055 2327 2182 2366 usus
2221 2322 2342 2366 est:
2387 2312 2478 2366 sed
2511 2329 2575 2366 ex
2607 2315 2783 2382 priore
2821 2331 2978 2371 sensu
3020 2317 3205 2388 vulgus
3246 2317 3345 2371 ho-

1803 2400 2003 2454 minum
2030 2404 2079 2455 in
2106 2418 2257 2456 suam
2285 2404 2602 2458 sententiam
2631 2405 2809 2458 trahit.
2835 2407 3042 2460 Etenim
3065 2411 3206 2476 quod
3239 2409 3340 2463 hoc

1801 2491 1868 2544 sit
1896 2493 2036 2560 quod
2081 2493 2360 2555 astruilur,
2407 2494 2684 2548 manifeste
2716 2505 2860 2562 patet
2899 2511 2966 2550 ex
3001 2511 3066 2551 eo
3092 2497 3232 2565 quod
3265 2499 3345 2551 in-

1802 2583 1991 2637 fertur.
2049 2584 2211 2654 229
2259 2583 2390 2637 Nam
2443 2594 2782 2654 posteaquam
2829 2587 3017 2642 dixit:
3067 2586 3342 2658 Nunquam

1799 2695 1924 2731 sane
1966 2679 2232 2732 admiserit
2273 2680 2689 2747 generationem,
2736 2681 3030 2749 sulijunxit,
3093 2684 3224 2736 adeo
3285 2694 3338 2736 ut

1799 2787 1943 2822 suam
1973 2771 2136 2838 ipsius
2170 2780 2425 2832 naturam
2461 2772 2800 2824 communicet
2839 2788 2954 2824 cum
2999 2775 3191 2842 genito.
3229 2774 3338 2829 Hoc

1800 2878 2026 2932 namque
2070 2866 2245 2918 sensui
2280 2865 2560 2933 posteriori
2592 2865 2875 2926 convenit,
2919 2865 3184 2934 siquidem
3237 2884 3340 2921 non

1799 2952 2022 3005 suslinet
2056 2951 2215 3006 Pater
2241 2953 2375 3016 ﬁeri,
2407 2965 2463 3007 ut
2496 2969 2560 3008 ne
2590 2969 2710 3006 cum
2737 2954 2919 3023 genito
2948 2963 3195 3009 naturam
3223 2972 3345 3025 pro-

1798 3045 1968 3112 priam
2002 3045 2390 3099 communicet.
2427 3046 2702 3115 lmpietate
2732 3046 2830 3101 hac
2872 3061 2989 3116 quae
3027 3048 3192 3116 possit
3226 3064 3343 3103 esse

138 3130 317 3200 μένῳ.
362 3133 454 3195 Τίς
484 3133 546 3185 ἂν
579 3134 778 3201 γένοιτο
813 3135 908 3204 τῆς
940 3135 1190 3199 ἀσεϐείας
1225 3137 1421 3208 ταύτης
1455 3141 1694 3207 χαλεπω-

1799 3137 2189 3204 perniciosior?
2223 3138 2341 3206 quis
2387 3154 2618 3206 unquam
2662 3146 2858 3193 tantam
2905 3139 3237 3211 iniquitatem
3266 3141 3342 3196 lo»

137 3220 315 3288 τέρας
369 3223 450 3282 τίς
491 3222 712 3291 ἐλάλησε
764 3224 1025 3295 τοσαύτην
1072 3228 1281 3282 ἀδικίαν
1330 3231 1408 3291 είς
1457 3229 1516 3281 τὸ
1568 3228 1696 3297 ὕψος

137 3311 314 3374 ποτέ;

218 3400 307 3454 17.
364 3401 500 3468 Ἐγὼ
543 3403 640 3472 μὲν
679 3403 784 3474 γὰρ
829 3403 1114 3476 φοϐοῦμαι,
1162 3410 1234 3476 μὴ
1270 3412 1360 3461 καὶ
1400 3414 1591 3480 ἡμεῖς,
1636 3415 1694 3463 ἐν

134 3495 220 3566 τῷ
252 3495 350 3558 τὰς
383 3496 662 3568 ἀλλοτρίας
694 3497 1084 3568 ἀναλαμϐάνειν
1114 3499 1453 3572 βλασφημίας
1487 3506 1571 3557 διὰ
1600 3505 1690 3558 τοῦ

137 3590 430 3658 στόματος,
478 3588 785 3658 μολύνωμεν
824 3591 1025 3643 ἑαυτῶν
1062 3591 1156 3661 τὴν
1185 3593 1438 3655 διάνοιαν,
1473 3597 1563 3646 καὶ
1598 3599 1693 3666 τῆς

135 3679 515 3751 κατακρίσεως
559 3683 737 3744 αὐτοῖς
791 3684 1198 3753 κοινωνήσωμεν
1253 3686 1383 3753 (15).
1433 3687 1691 3756 Παραμυ-

135 3772 313 3823 θεῖται
348 3773 402 3825 δέ
452 3790 516 3842 με
566 3773 624 3824 τὸ
668 3774 724 3824 ὲν
772 3776 886 3838 τοῖς,
933 3775 1297 3842 Εὑαγγελίοις,
1349 3778 1427 3828 ὅτι
1489 3779 1579 3830 καὶ
1633 3781 1694 3831 τὸ

136 3861 363 3931 Πνεῦμα
397 3866 454 3915 τὸ
487 3865 634 3931 ἅγιον
667 3864 761 3935 τὴν
791 3865 896 3917 τῶν
953 3867 1216 3920 Ἰουδαίων
1250 3872 1322 3932 εἰς
1366 3870 1454 3921 τὸν
1494 3871 1692 3941 Κύριον

139 3953 487 4022 βλασφημίαν
527 3955 792 4026 ἔγγραφον
833 3959 942 4020 τοῖς
983 3959 1118 4027 μετά
1156 3960 1328 4013 ταῦτα
1361 3960 1690 4030 παραδοῦναι

134 4043 198 4093 ού
230 4046 596 4114 παρῃτήσατο,
638 4046 856 4099 ἐκείνων
883 4046 1186 4115 στηλιτεῦον
1219 4052 1296 4112 είς
1331 4051 1539 4104 ἅπαντα
1569 4053 1692 4122 χρό-

134 4150 227 4185 νον
259 4135 356 4203 τὴν
384 4135 741 4206 βλασφημίαν,
771 4138 889 4207 ούχὶ⁵
921 4141 983 4207 τῇ
1028 4140 1274 4209 ἀχρὰντῳ
1301 4141 1422 4212 δόξῃ
1461 4143 1551 4194 τοῦ
1583 4145 1691 4196 Μο-

134 4224 386 4290 νογενοῦς
429 4227 877 4296 προστριϐόμενόν
915 4245 1034 4281 τινα
1080 4228 1421 4300 βλασφημίαν
1453 4233 1580 4300 (14).
1625 4235 1686 4286 Εἰ

133 4315 316 4369 τοίνυν
337 4317 434 4369 ούκ
456 4317 519 4370 ἄν
543 4334 665 4371 ποτε
696 4318 942 4389 πρόσοιτο
969 4320 1236 4391 γέννησιν,
1265 4322 1400 4375 ὥστε
1428 4325 1522 4395 τῆς
1555 4325 1688 4388 ἰδίας

137 4407 454 4474 μεταδοῦναι
503 4408 577 4478 τῷ
629 4409 945 4479 γεννωμένῳ
1001 4411 1234 4479 φύσεως.
1274 4415 1370 4465 οὑκ
1427 4415 1539 4467 ἐστι
1587 4418 1683 4486 μὲν

1797 3239 1949 3283 culus
1979 3239 2061 3283 est
2089 3231 2139 3282 in
2175 3228 2582 3284 celsitudinem?

1864 3406 1947 3457 l7.
2006 3405 2112 3474 Ego
2157 3406 2399 3474 equidem
2456 3419 2662 3471 vereor,
2715 3421 2779 3460 ne
2827 3421 2924 3461 nos
2965 3421 3176 3476 quoque
3216 3408 3338 3463 dum

1793 3502 1994 3555 alienas
2017 3501 2376 3571 blasphemias
2395 3515 2488 3554 ore
2513 3502 2824 3570 repetimus,
2847 3510 3077 3555 mentem
3099 3513 3337 3557 nostram

1790 3593 2120 3662 polluamus,
2175 3601 2336 3660 atque
2387 3590 2856 3646 condemnationis
2899 3606 3080 3647 eorum
3139 3595 3334 3648 liamus

1791 3686 2096 3754 participes.
2143 3686 2245 3739 Sed
2300 3684 2619 3739 consolatur
2649 3699 2734 3738 me
2783 3684 2909 3738 illud
2954 3684 3006 3739 in
3040 3685 3339 3754 Evangeliis

1790 3777 2099 3843 proditum,
2151 3778 2291 3842 quod
2346 3775 2578 3845 Spiritus
2622 3787 2839 3829 sanctus
2878 3789 3086 3844 quoque
3129 3775 3338 3830 Judae-

1792 3880 1908 3916 rutn
1959 3866 2007 3917 in
2048 3865 2328 3917 Dominum
2374 3865 2758 3933 blaSphemiam
2808 3865 3058 3933 scriptam
3112 3867 3339 3935 posteris

1793 3955 2004 4010 tradere
2043 3971 2147 4008 non
2195 3955 2547 4022 abstinuerit,
2601 3955 2809 4010 illorum
2847 3955 3232 4025 blasphemiam
3282 3959 3333 4010 in

1791 4061 1952 4100 omne
1979 4056 2186 4113 tempus
2211 4047 2279 4099 ita
2314 4057 2528 4111 notans,
2564 4057 2622 4100 ut
2657 4047 2853 4100 nullam
2883 4057 3058 4099 tamen
3087 4046 3337 4101 incolit:-

1789 4138 2002 4191 minatze
2055 4136 2320 4204 Unigenili
2361 4136 2621 4203 maiestati
2675 4136 3061 4204 blasphemiam
3106 4134 3335 4190 aﬂ‘ricee.

1791 4229 1971 4298 Itaque
2006 4230 2050 4282 si
2100 4242 2368 4295 nunquam
2421 4226 2820 4295 generationem
2869 4228 3166 4293 admiserit,
3200 4229 3335 4282 adeo

1790 4334 1842 4376 ut
1879 4322 2103 4391 propria:
2135 4328 2337 4372 naturze
2369 4318 2678 4386 participem
2709 4317 2870 4372 faciat
2910 4319 3148 4386 genitum
3175 4357 3192 4384 ,
3227 4334 3331 4374 non

1789 4423 1870 4466 cst
1891 4412 2102 4478 quidem
2136 4407 2293 4460 Pater
2327 4406 2481 4468 Deus,
2512 4422 2616 4460 non
2645 4415 2738 4460 est
2764 4407 2962 4471 etiam;
2990 4405 3084 4460 sed
3110 4413 3330 4476 prestat

130 4498 322 4569 Πατὴρ
363 4500 391 4550 ὁ
424 4500 584 4567 Θεὸς,
620 4503 719 4555 οὐκ
749 4502 861 4556 ἔστι
891 4503 946 4556 δέ
974 4503 1082 4574 (15)
1147 4504 1257 4556 ἀλλ’
1292 4504 1510 4573 ἄμεινον
1549 4509 1679 4578 ἡμῖν

1791 4521 1843 4559 ιιι
1886 4501 2271 4572 blasphemiam
2324 4498 2689 4569 imperfectam
2741 4497 3128 4566 relinquamus.
3179 4498 3327 4555 Alter

203 4729 279 4799 (8)
324 4729 460 4804 Editi
489 4733 793 4804 γινομένης.
821 4733 961 4804 Libri
990 4735 1189 4804 antiqui
1215 4735 1530 4804 γενομένης.
1557 4733 1673 4788 Mox

128 4797 268 4872 Reg."
293 4801 478 4872 tertius
501 4797 666 4863 αὐτὸς
700 4797 796 4872 μὲν
831 4801 905 4872 μὴ
931 4802 1072 4872 δόξῃ.

197 4816 206 4848 ι
249 4841 262 4852 .
293 4816 478 4853 tertius
509 4816 666 4863 αυτος
700 4816 796 4870 μεν
872 4816 905 4870 η
931 4816 1072 4872 eam.

197 4816 301 4941 ὦ),
322 4868 447 4938 Reg.
477 4881 696 4939 quartus
721 4820 868 4922 ἀλλάι
885 4873 1170 4939 ἀγέννητον
1200 4873 1292 4925 καὶ
1326 4873 1604 4941 γεννητόν.

350 4937 567 5011 Codices
604 4941 706 4992 duo
739 4937 1055 5011 ἐφαρμόσει.

197 5009 310 5080 (Η)
349 5009 646 5076 Γεννῆσαι
671 5011 740 5062 οὐ
774 5009 1169 5079 καταδέχεται,
1201 5011 1254 5062 id
1289 5027 1388 5063 non
1421 5010 1668 5072 admittit,

121 5090 183 5131 ut
231 5089 433 5145 generet
465 5093 480 5129 :
512 5081 610 5132 hoc
647 5089 746 5142 est,
787 5098 1028 5148 generare
1060 5098 1158 5134 non
1205 5092 1366 5147 potest
1395 5094 1411 5130 :
1447 5080 1667 5131 liberum

117 5150 167 5200 ei
210 5163 313 5198 non
356 5156 428 5197 est
477 5163 718 5214 generare
754 5151 1038 5218 :gignendi
1091 5166 1191 5202 non
1239 5149 1390 5202 habet
1444 5150 1669 5217 faculta-

119 5228 248 5269 tem.

195 5284 307 5355 (ια)
352 5283 429 5351 Τῇ
475 5284 580 5352 γὰρ
631 5287 892 5354 δευτέρᾳ.
935 5286 1045 5340 lioc
1077 5297 1159 5340 est
1193 5287 1368 5351 :qund
1402 5286 1663 5353 sequitur,

125 5353 210 5408 ἵνα
245 5353 316 5423 μὴ
363 5355 569 5424 μεταδῷ
595 5356 690 5425 τῆς
728 5353 856 5418 ἰδίας
885 5357 1091 5425 φύσεως
1125 5356 1201 5425 τῷ
1234 5355 1570 5424 γεννωμένῳ,
1616 5355 1665 5407 id

118 5436 305 5492 aperte
349 5426 575 5477 osuandit
614 5426 770 5477 verba
819 5428 900 5478 illa
954 5428 1227 5484 Eunomii.
1276 5427 1372 5476 οὑκ
1418 5425 1482 5477 ἄν
1527 5441 1656 5475 ποτε

116 5495 371 5565 πρόσοιτο
398 5493 664 5562 γέννησιν,
699 5496 761 5546 de
795 5496 958 5548 activa
986 5497 1325 5563 generatione
1359 5496 1529 5561 accipi
1565 5497 1655 5547 de-

115 5563 269 5632 bere.
299 5563 373 5632 sic
409 5573 466 5614 ut
504 5574 652 5630 pater
685 5565 898 5632 gignere
925 5580 1026 5616 non
1060 5565 1242 5628 possit.

186 5631 296 5702 (l5)
338 5630 570 5702 §ic_libri
615 5630 832 5702 veteres.
865 5632 1002 5687 Editi
1033 5634 1197 5702 αὐτῆς
1221 5633 1656 5700 κοινωνήσωμεν.

185 5701 294 5770 (Η)
335 5699 483 5771 ϐοΙνὶ).
524 5715 644 5754 cum
688 5700 820 5770 Reg.
847 5704 1004 5757 tertio
1040 5699 1164 5756 τινα
1197 5699 1545 5771 δυσφημίαν,
1575 5702 1656 5756 in-

120 5772 328 5823 ramiam
360 5770 611 5825 aliquam.

1846 4733 1954 4803 (l5)
1995 4733 2115 4792 Illa,
2144 4733 2242 4785 οὐκ
2285 4732 2399 4784 ἐστι
2448 4729 2526 4794 δέ,
2568 4728 2645 4803 sic
2695 4729 2853 4803 vertit
2896 4729 3162 4803 interpres
3191 4749 3202 4782 :
3236 4728 3328 4803 sed

1777 4797 1876 4856 non
1917 4797 1988 4854 ita
2032 4812 2129 4856 est.
2174 4804 2308 4865 Quid
2346 4810 2522 4853 autem
2569 4800 2681 4854 haec
2724 4799 2820 4852 sibi
2856 4798 3040 4860 velint,
3085 4797 3220 4850 alius
3253 4799 3326 4850 vi-

1775 4875 1930 4924 derit.
1975 4873 2081 4939 Ego
2127 4871 2358 4923 arbitror
2409 4884 2604 4939 (vocem
2650 4867 2763 4931 υίός
2809 4867 3084 4939 subaudiri
3131 4866 3326 4921 debere

1775 4952 1895 5008 post
1931 4935 2058 4993 illud
2081 4941 2177 4992 οὐκ
2216 4939 2328 4992 ἔστι
2363 4938 2439 5001 δέ,
2469 4940 2565 4992 hac
2593 4938 2894 5008 sententia:
2932 4947 2991 4990 ut
3031 4935 3320 5008 DeusAnon

1775 5005 1857 5062 est
1885 5009 2081 5072 Pater,
2141 5012 2211 5062 ita
2244 5025 2346 5061 non
2392 5021 2472 5062 est
2502 5008 2684 5061 Filius.
2719 5006 2827 5060 Hoc
2873 5016 2984 5068 est,
3032 5019 3130 5059 nec
3179 5005 3318 5059 Deus

1767 5078 1927 5132 Pater
1966 5080 2142 5132 vocari
2213 5078 2368 5132 debet
2419 5078 2594 5139 Pater,
2646 5091 2744 5128 nec
2802 5075 2970 5128 Filius
3029 5075 3186 5128 debet
3221 5088 3317 5126 vo-

1777 5149 1885 5201 cari
1965 5148 2148 5201 Filius.
2196 5147 2261 5201 Et
2336 5149 2531 5200 idcirco
2600 5145 2827 5198 Basilius
2883 5145 2957 5198 ait
3018 5143 3319 5201 relinquere

1763 5231 1822 5270 se
1867 5219 2247 5282 blasphemiam
2300 5217 2568 5278 Eunoinii,
2611 5215 2993 5281 imperfectam,
3041 5215 3182 5281 quod
3216 5227 3316 5282 ino-

1764 5303 1884 5340 men
1942 5281 2054 5348 υἱός
2109 5289 2522 5354 praetermiserit.
2573 5283 2680 5338 Nec
2726 5284 2798 5336 ita
2835 5283 3000 5354 multo
3047 5291 3165 5354 post
3212 5281 3315 5354 Ba-

1763 5357 1915 5429 silius
1960 5351 2232 5429 hocii'dem
2279 5356 2433 5429 fecit,
2475 5355 2712 5429 eumnita
2738 5353 2981 5429 scripsit,
3012 5351 3246 5429 αὐτή-τε
3279 5353 3312 5419 ἡ

1764 5425 2018 5496 ἀλήθεια,
2065 5428 2091 5477 ὁ
2134 5426 2342 5496 Κύριος
2390 5422 2796 5496 ὴμῶν-Ἰησοῦς
2849 5419 3316 5496 Χριστιξςηῌεπιυ

1763 5489 1900 5547 ειιίἶιι
1931 5511 2032 5547 non
2064 5495 2204 5548 videt
2232 5489 2668 5562 νοοεηῖψευδήξ
2703 5493 2786 5544 hic
2821 5489 3057 5562 suppleri
3091 5490 3306 5562 debere,

1766 5567 1863 5616 hoc
1902 5565 2053 5616 modo
2083 5583 2094 5616 :
2138 5563 2335 5634 ψευδὴς
2376 5560 2509 5632 αὐτή
2544 5560 2680 5634 rei)
2708 5560 2962 5634 ἀλήθεια,
2996 5561 3230 5634 mendax_
3261 5569 3312 5610 et

1762 5635 1874 5698 ipsa
1909 5635 2115 5696 veritas,
2153 5625 2261 5687 etc.
2294 5625 2450 5687 'Sane
2487 5625 2590 5685 non
2635 5625 2702 5686 ob
2742 5625 2900 5684 aliam
2950 5644 3165 5698 causam
3215 5625 3314 5698 has

1764 5702 1894 5755 duas
1932 5718 2091 5757 voces
2123 5703 2466 5770 praetermisit
2499 5701 2744 5765 Basilius,
2784 5714 2945 5769 quam
2977 5698 3114 5768 quod
3145 5697 3312 5766 impia

1763 5771 2001 5826 Eunomii
2034 5777 2191 5828 verba
2221 5773 2399 5829 omnia
2438 5771 2677 5842 proferre
2707 5770 2999 5828 horruerit.
