4084 6318
182 340 277 395 555
1255 334 1619 391 ADVERSUS
1656 336 2022 395 EUNOMIUM
2062 338 2190 394 LIB.
2235 340 2274 396 I.

156 340 277 395 555

3278 348 3381 406 554

148 456 217 508 δὲ
255 454 351 506 καὶ
385 455 463 515 τὸ,
488 453 555 505 ἐν
592 452 701 523 (25)
729 451 930 521 μορφῇ
961 452 1105 506 Θεοῦ
1127 451 1437 520 ὑπάρχειν,
1464 454 1563 523 τῆς
1586 453 1725 516 θείας

1835 456 2006 522 [arma
2032 453 2128 507 Dei
2151 471 2281 519 esse,
2319 470 2537 523 prorsus
2564 456 2755 511 divinat
2795 460 3110 515 substantim
3140 467 3378 531 proprle~

149 547 353 608 οὐσίας
386 546 675 618 παρίστησι
706 544 920 607 πάντως
944 544 1040 615 τὴν
1078 544 1331 615 ἰδιότητα.
1369 547 1423 597 ’0
1464 543 1730 612 ἑωρακὼς

150 636 290 703 ἐμὲ,
322 636 501 705 φησὶν,
531 632 748 701 ἑώρακε
770 634 873 687 τὸν
897 631 1145 700 Πατέρα.
1170 628 1333 695 Οὗτος
1354 633 1409 685 δὲ
1437 630 1728 701 ἀλλοτριῶν

150 727 259 780 τοῦ
295 726 502 796 Πατρὸς
530 726 620 779 τὸν
645 724 939 793 Μονογενῆ,
971 724 1062 776 καὶ
1104 723 1379 785 παντελῶς
1422 723 1728 791 ἀποσχίζων

155 819 266 889 τῆς
312 818 446 890 πρὸς
482 817 643 871 αὐτὸν
682 815 976 879 κοινωνίας,
1016 815 1112 886 τὴν
1149 816 1215 868 δι’
1237 816 1396 869 αὐτοῦ
1434 820 1727 885 γενομένην

157 914 269 981 τῆς
296 910 541 978 γνώσεως
573 908 772 971 ἄνοδον,
805 907 866 960 τὸ
893 908 1013 960 ὅσον
1059 910 1143 960 ἐπ’
1185 907 1329 976 αὐτῷ
1376 906 1507 976 (25),
1543 906 1727 959 διακό-

162 1018 315 1053 πτει.
346 999 545 1053 Πάντα
575 998 689 1051 ὅσα
718 999 839 1066 ἔχει
874 1000 907 1050 ό
932 996 1152 1065 Πατὴρ,
1188 996 1299 1066 ἐμά
1334 997 1520 1060 ἐστιν,
1554 997 1583 1049 ὁ
1615 996 1728 1048 Κύ-

165 1092 286 1163 ριός
310 1109 486 1162 φησιν.
516 1091 772 1161 Εὑνόμιος
803 1091 859 1143 δὲ
894 1090 1144 1161 οὐδεμίαν
1180 1089 1326 1156 λέγει
1349 1088 1629 1142 κοινωνίαν
1654 1085 1728 1141 εἶ-

162 1203 257 1238 ναι
287 1184 358 1254 τῷ
384 1184 554 1252 Πατρὶ
586 1182 719 1253 πρὸς
751 1184 839 1236 τὸν
868 1183 925 1248 ἐξ
951 1182 1132 1236 αὐτοῦ.
1155 1182 1285 1244 Καὶ,
1308 1183 1530 1250 Ὠσπερ
1561 1185 1593 1235 ό
1618 1185 1730 1235 Πα-

159 1276 283 1344 τὴρ
311 1275 458 1342 ζωὴν
488 1275 610 1343 ἔχει
638 1275 705 1327 ἐν
737 1273 946 1338 ἐαυτῷ,
977 1274 1164 1339 οὕτως
1184 1272 1364 1327 ἔδωκε
1392 1274 1485 1327 καὶ
1512 1272 1590 1338 τῷ
1620 1272 1727 1337 Υἱῴ

160 1368 323 1436 ζωὴν
350 1368 509 1435 ἔχειν
538 1368 606 1420 ἐν
626 1367 834 1431 ἐαυτῷ.
868 1364 1035 1418 Τοῦτο
1066 1365 1191 1437 παρ’
1223 1364 1386 1418 αὐτοῦ
1415 1364 1726 1432 δεδιδάγμε-

162 1460 235 1513 θα
262 1458 351 1511 τοῦ
391 1459 589 1528 Κυρίου
609 1477 622 1489 ·
658 1458 803 1527 παρὰ
825 1458 880 1509 δὲ
908 1456 1168 1525 Εὐνομίαν
1192 1458 1243 1509 τί
1269 1474 1282 1521 ;
1337 1455 1615 1524 Μηδεμίαν
1644 1449 1723 1504 εἶ-

161 1569 256 1604 ναι
296 1551 574 1621 σύγκρισιν
613 1550 690 1620 τῷ
728 1550 1036 1619 γεννηθέντι
1072 1549 1207 1620 πρὸς
1244 1549 1332 1600 τὸν
1368 1548 1721 1617 γεννήσαντα.

161 1644 280 1697 Καὶ
304 1643 651 1707 ἁπαξαπλῶς,
677 1643 762 1695 διά
802 1643 928 1712 μιᾶς
953 1641 1157 1709 ταύτης
1183 1638 1363 1707 φωνῆς
1388 1640 1600 1709 ἀναιρεῖ
1630 1638 1725 1707 μὲν

1833 556 1997 599 tatem
2021 546 2260 600 exhibet.
2294 546 2397 610 Qui
2422 548 2547 600 vidit
2585 564 2683 612 me,
2710 549 2899 618 inquit,
2938 551 3068 603 vidit
3097 550 3301 605 Putrem
3315 553 3381 611 ".

1833 635 1928 690 llic
1950 646 2129 692 autem
2153 637 2381 692 alienmn
2406 653 2435 691 a
2477 637 2637 694 Patre
2668 638 3017 709 Unigenitntn
3055 642 3276 709 faciens,
3318 660 3381 701 ac

1830 744 2054 797 prorsus
2100 730 2412 783 rescindeus
2443 729 2511 783 ab
2561 732 2677 797 ejus
2722 733 3005 798 societate,
3057 736 3382 805 cognitionis

1829 835 2110 874 ascensum
2140 822 2231 890 qui
2279 836 2375 891 per
2407 822 2577 891 ipsum
2628 823 2704 890 tlt,
2752 835 3010 892 quantum
3042 827 3093 879 in
3130 827 3245 897 ipso
3275 839 3377 894 est,

1830 915 2116 972 abscindit.
2156 914 2487 983 Qumcunque
2533 916 2685 970 habet
2729 916 2907 984 Pater,
2961 935 3077 973 mea
3107 931 3247 986 sunt,
3298 923 3381 975 in-

1828 1006 1945 1075 quit
1970 1005 2224 1060 Dominus
2246 1007 2311 1059 ”.
2341 1007 2412 1059 At
2444 1004 2738 1062 Ennomius
2788 1011 3217 1066 communionem
3257 1013 3378 1067 nul-

1829 1098 1930 1150 lam
1958 1112 2075 1152 esse
2107 1100 2183 1151 ait
2217 1099 2359 1152 Patri
2387 1114 2508 1153 cum
2539 1114 2605 1152 eo
2636 1101 2725 1169 qui
2758 1116 2821 1154 ex
2857 1102 2970 1169 ipso
2999 1113 3103 1158 est.
3126 1104 3210 1168 Et,
3235 1102 3376 1160 Sicut

1832 1188 1993 1243 Pater
2022 1191 2077 1243 in
2114 1191 2279 1256 seipse
2310 1191 2467 1244 vitam
2488 1190 2667 1253 habet,
2691 1193 2766 1245 sic
2796 1193 2935 1246 dedit
2963 1203 3012 1248 et
3054 1192 3197 1249 Filio
3218 1198 3376 1250 vitam

1828 1281 2015 1333 habere
2039 1280 2096 1333 in
2124 1280 2397 1348 semetipso
2430 1280 2498 1338 ".
2533 1279 2643 1335 Hoc
2676 1298 2861 1337 suntus
2885 1285 2951 1339 ab
2987 1283 3100 1354 ipso
3153 1287 3378 1341 Domino

1824 1372 2045 1424 edocti:
2093 1372 2161 1425 ab
2205 1371 2468 1427 Eunomio
2523 1387 2651 1427 vero
2698 1373 2862 1441 quid?
2895 1373 3138 1446 Nempe,
3176 1377 3375 1431 nullam

1823 1477 1941 1516 esse
1983 1463 2445 1531 comparationem
2500 1464 2663 1532 geniti
2706 1479 2828 1519 cum
2876 1465 3134 1535 genitore.
3171 1467 3239 1523 Et
3270 1482 3377 1523 uno

1823 1555 2008 1618 verbo,
2047 1564 2103 1607 ut
2133 1555 2386 1625 imaginis
2417 1556 2679 1611 rationem
2715 1557 2813 1612 bac
2841 1558 2997 1613 unica
3048 1575 3183 1615 voce
3218 1561 3373 1625 tollit,

1824 1646 1896 1698 ita
1932 1644 2273 1715 splendorem
2316 1659 2379 1698 ac
2427 1644 2796 1700 characterem
2824 1660 2944 1703 esse
2990 1648 3302 1704 substantia:
3328 1649 3386 1681 ’7'

156 1736 256 1789 τδν
288 1738 381 1807 τῆς
417 1736 621 1799 εἰκόνος
654 1734 829 1803 λόγον,
861 1734 1041 1787 ἀθετεῖ
1059 1731 1115 1784 δὲ
1146 1731 1208 1783 τὸ
1228 1729 1562 1801 ἀπαύγασμα
1588 1725 1725 1783 εἶναι

1827 1746 2004 1807 negat.
2054 1734 2238 1807 Neque
2282 1737 2424 1791 enim
2472 1736 2585 1791 ﬁeri
2632 1746 2825 1805 potest,
2863 1749 2921 1795 ut
2967 1740 3248 1811 imaginem
3295 1743 3375 1796 iu-

154 1828 260 1881 καὶ
288 1826 601 1898 χαρακτῆρα
619 1826 720 1895 τῆς
749 1824 1111 1885 ὑποστάσεως.
1141 1820 1278 1875 Οὗτε
1306 1821 1413 1892 γὰρ
1439 1821 1619 1874 είκόνα
1640 1820 1725 1873 δυ-

1829 1829 2033 1898 tclligas
2057 1827 2172 1896 ejus
2195 1829 2283 1897 qui
2317 1828 2516 1881 nullam
2554 1828 2713 1883 habet
2751 1810 3235 1899 comparationem,
3282 1848 3369 1889 ne-

155 1920 323 1973 νατδν
353 1920 445 1973 τού
483 1919 811 1988 ἀσυγκρίτου
838 1914 1091 1979 νοεῖσθαι,
1131 1914 1254 1968 οὒτε
1285 1913 1618 1983 ἀπαύγασμα
1650 1908 1723 1965 εἶ-

130 2018 253 2069 ’ναι
298 2015 390 2067 τοῦ
428 2012 786 2081 ἀκοινωνήτου
838 2007 978 2063 κατά
1020 2008 1119 2079 τὴν
1154 2006 1329 2075 φύσιν.
1376 2004 1465 2075 Τῷ
1496 2004 1550 2057 δὲ
1580 2003 1725 2073 αὐτῷ

155 2108 295 2161 εῖδει
332 2108 490 2161 πάλιν
525 2103 618 2156 τοῦ
650 2102 1019 2172 τεχνάσματος
1053 2100 1319 2169 ἐπιμένει,
1343 2097 1420 2169 τῷ
1449 2097 1726 2166 ἁγεννήτῳ

154 2197 337 2265 λέγων
377 2197 449 2265 μὴ
484 2192 621 2247 εἶναι
666 2193 799 2262 πρὸς
846 2191 907 2244 τὸ
946 2192 1201 2260 γεννητὸν
1243 2188 1556 2259 σύγκρισιν·
1607 2188 1725 2256 οὐχὶ

154 2290 241 2358 τῷ
270 2288 440 2359 Πατρὶ
475 2288 610 2357 πρὸς
643 2286 732 2339 τὸν
759 2284 817 2350 ἐξ
849 2284 1032 2347 αὐτοῦ,
1068 2284 1152 2335 ἵνα
1179 2283 1352 2352 ἤνπερ
1376 2281 1440 2333 ἂν
1466 2282 1584 2343 ταῖς
1610 2296 1722 2348 φω-

153 2384 285 2443 ναῖς
314 2381 534 2443 ταύταις
558 2379 904 2449 ὐπὰρχουσαν
933 2374 1203 2429 ἀντίθεσιν
1226 2371 1483 2442 ἐπιδείξῃ,
1523 2371 1724 2442 ταύτην

154 2473 251 2525 ἐπ’
276 2470 443 2541 αὐτῆς
482 2471 577 2533 τῆς
608 2469 793 2532 οὐσίας
821 2467 915 2520 τοῦ
954 2464 1160 2535 [ἰατρὸς
1194 2464 1283 2516 καὶ
1318 2462 1410 2515 τοῦ
1440 2461 1569 2515 Υἱοῦ
1601 2479 1725 2533 μετ-

153 2564 381 2634 ενέγκῃ.

234 2656 319 2709 19.
356 2655 537 2713 Ὅπως
562 2650 618 2702 δὲ
655 2648 749 2720 μὴ,
779 2664 978 2710 πασαις
1006 2645 1166 2700 αὐτοῦ
1208 2646 1725 2711 κατακολουθοῦντες

153 2748 281 2807 ταῖς
316 2720 703 2811 βλασξρημίαις,
739 2739 831 2790 καὶ
864 2737 1089 2791 ’ἑκαστον
1115 2737 1355 2792 εὐθύνειν
1381 2737 1485 2790 τῶν
1513 2738 1727 2807 είρημέ-

153 2853 269 2886 νων
297 2832 713 2903 ἐπιχειροῦντες,
739 2831 818 2894 είς
854 2829 987 2884 πολύ
1036 2830 1207 2901 μῆκος
1242 2832 1330 2882 τὸν
1360 2830 1511 2894 λόγον
1549 2828 1724 2881 ἐκτεί-

152 2944 341 2995 νωμεν
372 2925 480 2993 (25)
502 2942 514 2954 ·
538 2926 636 2978 ὅσα
657 2924 753 2995 μὲν
775 2923 867 2977 καὶ
890 2922 1174 2993 πρόχειρον
1198 2920 1306 2989 ἔχει
1331 2921 1425 2989 τὴν
1451 2919 1722 2985 ἀσέϐειαν,

152 3017 257 3069 καὶ
302 3015 522 3069 αὐτόθεν
567 3015 770 3083 φανερὰ
819 3016 928 3074 τοῖς
970 3010 1383 3080 ὲντυγχάνουσίν
1417 3014 1553 3075 ἐστι,
1590 3031 1727 3086 παρ-

1825 1935 1947 1989 que,
1974 1931 2031 1976 ut
2064 1920 2317 1989 splendor
2347 1919 2416 1972 sit
2439 1918 2555 1985 ejus
2584 1920 2676 1988 qui
2709 1922 2908 1975 nullam
2946 1926 3374 1981 communionem

1824 2012 2113 2067 secundum
2134 2022 2382 2067 naturam
2414 2009 2595 2065 habet.
2642 2012 2909 2067 Cancrum
2938 2013 2991 2068 in
3029 2015 3215 2070 eodem
3241 2020 3374 2071 arti-

1825 2104 1932 2158 tlcii
1973 2119 2173 2173 genere
2202 2121 2386 2161 rursus
2410 2109 2670 2178 persistit,
2699 2109 2821 2162 dum
2850 2107 2924 2162 ait
2957 2123 3060 2162 nou
3088 2122 3209 2164 esse
3230 2122 3375 2164 com-

1822 2195 2154 2262 parationem
2187 2195 2405 2264 ingeni"
2439 2212 2559 2250 cum
2595 2198 2812 2267 genito:
2866 2213 2973 2253 non
3021 2197 3220 2262 Patris,
3253 2214 3374 2253 cum

1824 2302 1889 2341 eo
1916 2287 2006 2356 qui
2048 2301 2114 2341 ex
2156 2288 2275 2359 ipso
2308 2297 2408 2353 est,
2441 2300 2499 2344 ut
2530 2304 2690 2359 quam
2723 2291 2806 2345 bis
2835 2291 3056 2346 vocibus
3086 2292 3260 2346 inesse
3282 2307 3375 2360 op-

1825 2380 2144 2450 positionern
2179 2380 2497 2447 ostenderit,
2524 2396 2641 2436 eam
2676 2380 2728 2436 in
2759 2382 2929 2453 ipsam
2954 2381 3132 2437 Patris
3168 2392 3222 2436 et
3255 2382 3374 2438 Filii

1823 2472 2181 2527 substantiam
2207 2470 2518 2527 transferat.

1895 2652 1979 2707 19.
2012 2652 2117 2708 Sed
2147 2668 2231 2718 ne,
2264 2653 2309 2707 si
2350 2666 2538 2708 omnes
2570 2654 2737 2723 ipsius
2782 2652 3143 2723 blaSphemias
3197 2666 3376 2721 perse-

1824 2760 2070 2813 quamur,
2105 2755 2159 2797 et
2191 2744 2397 2814 singula
2428 2760 2545 2813 quae
2573 2745 2707 2799 dixit
2747 2744 3027 2799 confutare
3077 2759 3333 2799 conemur
3357 2785 3374 2811 ,

1824 2836 2033 2906 longius
2085 2838 2380 2891 orationem
2413 2836 2787 2907 protrabamus
2817 2855 2832 2891 :
2865 2852 2983 2905 quae
3014 2838 3229 2906 quidem
3265 2851 3375 2889 ma-

1827 2930 2075 2984 nifestam
2103 2931 2301 2985 habent
2333 2930 2689 2999 impietatem,
2719 2938 2775 2985 et
2819 2944 2914 2997 per
2956 2944 3014 2984 se
3074 2929 3375 2999 legentibus

1828 3031 2028 3090 patent,
2066 3023 2493 3089 praeteribimus;
2519 3037 2635 3090 qua:
2658 3036 2785 3076 vero
2808 3021 2987 3089 aliqua
3018 3022 3224 3075 ratione
3245 3035 3379 3090 opus

153 3112 397 3180 ήσομεν’
451 3110 485 3162 ἃ.
517 3109 571 3160 δὲ
610 3108 764 3173 λόγου
810 3104 951 3167 τινὸς
989 3104 1121 3175 πρὸς
1153 3104 1241 3157 τὸν
1282 3104 1498 3175 ἔλεγχον
1530 3106 1719 3171 δεῖται,

1827 3125 1907 3170 est
1954 3118 2290 3184 redarguere,
2349 3116 2460 3168 hanc
2496 3113 2828 3182 proferemus
2865 3114 2915 3167 iu
2958 3114 3212 3167 medium.
3245 3111 3376 3167 Nam

153 3203 336 3255 ταῦτα
384 3197 827 3269 παραθησόμεθα.
885 3196 1147 3260 Ποικίλως
1190 3197 1297 3268 γὰρ
1348 3197 1407 3249 τὸ
1458 3198 1591 3267 πρὸς
1633 3198 1723 3250 τὸν

154 3295 291 3347 Υἱὸν
323 3289 675 3359 ἀκοινώνητον
709 3289 806 3360 τῆς
830 3288 924 3341 τοῦ
947 3288 1158 3359 Πατρὸς
1181 3288 1365 3352 οὐσίας
1385 3288 1722 3341 κατασκευά-

157 3404 283 3447 σας,
314 3384 405 3435 καὶ
427 3382 775 3453 πανταχόθεν,
806 3381 879 3445 ὡς
898 3381 1086 3443 οἴεται,
1119 3379 1179 3433 τὸ
1208 3381 1404 3434 ἄτοπον
1431 3381 1721 3445 ἐπιδείξας,

154 3478 359 3544 ἐπάγει
380 3492 392 3507 ο

237 3569 392 3622 ΕΥΝ.
427 3570 499 3621 Οὐ
536 3568 644 3639 γὰρ
706 3567 769 3638 δὴ
822 3565 977 3619 τοῦτο
1017 3565 1082 3619 ἂν
1125 3565 1388 3635 εἴποιμεν,
1426 3565 1499 3627 ὡς
1558 3563 1711 3636 κοινῂ

159 3664 267 3733 μὲν
314 3661 511 3729 ἀμφοῖν
566 3661 599 3731 ἡ
649 3659 838 3712 οὐσίαο
880 3656 1029 3721 τάξει
1071 3657 1128 3710 δὲ
1164 3656 1254 3710 καὶ
1287 3660 1396 3718 τοῖς
1430 3656 1493 3707 ὲκ
1533 3655 1721 3733 χρόνου

155 3751 474 3822 πρεσϐείοις
524 3752 552 3803 ὁ
592 3752 691 3819 μὲν
736 3751 846 3804 ἐστι
889 3749 1121 3821 πρῶτος.
1170 3752 1198 3802 ὁ
1230 3749 1285 3801 δὲ
1312 3748 1557 3819 δεύτερος
1590 3747 1719 3817 (26).

171 3846 393 3915 Ἐπειδὴ
436 3861 497 3911 γε
537 3843 617 3895 δεῖ
649 3846 927 3915 προσεῖναι
957 3845 1012 3894 ὲν
1048 3844 1156 3903 τοῖς
1196 3842 1515 3911 ὑπερέχουσι
1545 3840 1603 3893 τὸ
1629 3840 1721 3909 τῆ»,

158 3937 440 4005 ὑπεροχῆς
489 3935 654 3987 αῖτιον
681 3954 692 3966 ·
749 3936 809 3987 οὐ
853 3934 1197 3998 συνέζευκται
1244 3934 1298 3985 δὲ
1340 3937 1405 4002 τῇ
1443 3932 1599 4002 οὐσία
1631 3931 1722 3985 τοῦ

158 4029 299 4082 Θεοῦ
331 4029 391 4080 οὐ
430 4026 638 4097 χρόνος,
678 4026 775 4079 οὐκ
818 4026 971 4087 αίὼν,
1012 4028 1071 4079 οὐ
1104 4022 1272 4089 τάξις.
1311 4025 1382 4076 Ἥ
1406 4041 1463 4075 τε
1497 4022 1603 4093 γὰρ
1625 4023 1722 4075 τά-

162 4123 249 4185 ξις
282 4120 512 4191 δευτέρα
545 4118 636 4172 τοῦ
664 4119 975 4181 τάττοντος·
1016 4119 1164 4171 οὐδὲν
1215 4116 1271 4170 δὲ
1312 4116 1418 4170 τῶν
1461 4114 1553 4169 τοῦ
1590 4114 1723 4167 Θεοῦ

163 4215 259 4281 ὐφ’
294 4212 479 4281 ἑτέρου
507 4211 777 4264 τέτακται.
812 4210 879 4263 Ὂ
915 4226 974 4263 τε
1002 4209 1187 4280 χρόνος
1216 4208 1455 4279 ἀστέρων
1490 4206 1617 4259 ποιά
1643 4206 1723 4269 τίς

163 4309 285 4358 ἐστι
330 4304 539 4375 κίνησις
568 4303 679 4372 (ΞἹ)
702 4319 717 4334 ο
749 4302 974 4373 ἀστέρες
1004 4301 1058 4354 δὲ
1088 4301 1147 4353 οὐ
1175 4301 1273 4369 τῆς
1304 4300 1593 4370 ἀγεννήτου
1630 4298 1722 4368 μό,

161 4413 258 4448 νον
287 4395 470 4457 οὐσίας
508 4393 598 4447 καὶ
624 4393 827 4463 νοητῶν
856 4392 1127 4456 ἁπάντων,
1164 4392 1295 4445 ἀλλὰ
1325 4394 1416 4445 καὶ
1440 4392 1545 4443 τῶν
1577 4390 1696 4461 πρὼ

1827 3207 1912 3259 ubi
1939 3207 2103 3260 variis
2144 3205 2314 3260 modis
2340 3205 2695 3260 substantiam
2726 3204 2899 3260 Patris
2919 3203 3055 3259 Filio
3081 3204 3378 3260 incommu-

1828 3298 2112 3353 nicabiletn
2163 3311 2283 3353 esse
2314 3297 2620 3361 aﬂlrmavit,
2660 3306 2714 3352 et
2759 3296 3140 3366 undecunque,
3183 3305 3241 3350 ut
3275 3295 3377 3351 sibi

1832 3392 2066 3459 videtur,
2100 3392 2354 3460 ineptiam
2382 3390 2636 3457 ostendit,
2666 3390 2775 3445 hac
2796 3389 3035 3460 adjungit
3067 3407 3082 3445 :

1896 3573 2028 3627 El'N.
2060 3571 2171 3625 Non
2194 3573 2335 3627 enim
2357 3573 2536 3627 dicere
2557 3586 2860 3641 possumus,
2892 3582 3228 3625 communem
3255 3584 3376 3638 qut-

1826 3664 1945 3717 tlem
1976 3666 2213 3732 utrisque
2238 3664 2592 3717 substantiam
2624 3675 2762 3724 esse,
2792 3660 2981 3714 ordine
3000 3673 3127 3713 vero
3152 3668 3207 3712 et
3242 3670 3379 3713 tem-

1825 3754 1971 3823 poris
2020 3752 2372 3823 praerogativa
2409 3751 2555 3805 illum
2601 3752 2828 3819 primum
2881 3762 3037 3815 esse,
3073 3747 3214 3804 hunc
3252 3762 3381 3803 vero

1826 3846 2139 3903 secundum.
2160 3845 2433 3913 Siquidem
2462 3852 2609 3899 certe
2636 3843 2687 3898 in
2709 3842 2773 3896 iis
2796 3858 2916 3913 qua:
2938 3850 3217 3911 praestant,
3245 3856 3382 3911 prte-

1828 3941 2037 3993 stantite
2086 3954 2303 3994 causam
2352 3938 2528 3992 inesse
2557 3946 2813 4005 Oportet;
2858 3935 3174 3989 substantia:
3200 3942 3379 3987 autem

1831 4033 1921 4084 Dei
1956 4046 2058 4084 non
2104 4040 2337 4099 tempus,
2396 4045 2500 4083 non
2542 4044 2736 4093 aevum,
2760 4042 2867 4081 non
2900 4024 3034 4081 ordo
3067 4023 3382 4093 coniunctus

1829 4132 1929 4174 cst.
1967 4119 2098 4174 Nam
2131 4131 2185 4175 et
2220 4121 2352 4175 ordo
2378 4119 2661 4173 ordinante
2680 4118 2943 4186 posterior
2967 4125 3085 4180 est,
3116 4128 3212 4166 nec
3234 4111 3385 4181 quid-

1828 4227 1988 4281 quam
2012 4226 2196 4266 eorum
2222 4226 2339 4281 quae
2369 4211 2457 4263 Dei
2492 4218 2633 4273 sunt,
2658 4211 2726 4261 ab
2748 4207 2918 4262 altero
2950 4205 3253 4261 ordinatum
3277 4212 3378 4259 est.

1830 4302 1894 4356 Et
1926 4312 2135 4371 tempus
2152 4301 2368 4369 quidam
2395 4295 2551 4367 231
2572 4306 2651 4351 cst
2674 4297 2947 4353 stellarum
2970 4304 3145 4349 motus
3168 4294 3233 4348 ad
3248 4308 3384 4363 qua-

1830 4392 2032 4447 litatem
2064 4391 2337 4461 pertinens
2367 4407 2380 4443 :
2410 4389 2581 4444 stellae
2617 4400 2793 4444 autem
2822 4404 2927 4443 non
2946 4399 3067 4457 post
3094 4386 3381 4457 ingenitam

159 4507 276 4540 των
348 4488 609 4558 σωμάτων
681 4488 960 4554 γεγόνασιν
1022 4484 1236 4555 ὕστεροι
1288 4484 1417 4553 (28).
1481 4485 1615 4555 Περὶ
1672 4483 1725 4536 δὲ

1832 4484 1998 4537 solum
2032 4482 2389 4537 substantiam
2421 4497 2484 4536 ac
2516 4492 2737 4537 cunctas
2773 4492 3049 4535 creaturas
3080 4478 3382 4545 intelligen-

162 4577 379 4632 αἰώνων
434 4579 485 4629 τί
532 4578 629 4633 ,δεῖ
680 4577 770 4628 κα)⁸
834 4578 1043 4645 λέγειν,
1097 4576 1195 4647 τῆς
1253 4574 1471 4647 Γραφῆς
1540 4572 1721 4641 σαφῶς

160 4668 618 4738 διαγορευούσης,
691 4666 796 4737 πρὸ
858 4668 963 4719 τῶν
1026 4665 1233 4719 αἰώνων
1303 4665 1561 4735 ὑπάρχειν
1628 4663 1722 4716 τὸν

162 4762 305 4815 Θεὸν
325 4777 340 4825 ;

244 4898 292 4929 ⁸⁵
318 4893 472 4950 Joan.
522 4911 628 4962 xlv,
662 4897 714 4951 9.
789 4896 836 4928 ”
860 4892 1013 4951 Joan.
1042 4912 1174 4961 xvtt,
1220 4898 1306 4953 10.
1382 4897 1427 4929 ’⁸
1455 4896 1606 4951 Joan.
1638 4913 1688 4959 ν,
1721 4896 1815 4951 26.

241 5022 357 5092 (23)
389 5019 565 5092 Codex
611 5035 746 5092 unus
796 5035 914 5092 cum
945 5018 1113 5092 editis
1153 5018 1293 5092 οὕτω
1333 5020 1503 5086 λέγων
1522 5020 1598 5092 μτὸ
1645 5021 1721 5092 ἐν.

162 5088 273 5147 Alii
310 5088 415 5145 tres
442 5089 582 5144 οὕτω
621 5089 791 5157 λέγων
824 5091 898 5143 ἐν.
943 5090 1177 5158 Denique
1206 5089 1293 5142 alii
1341 5101 1449 5143 tres
1489 5088 1628 5143 οὓτω
1669 5090 1725 5142 δὲ

162 5165 265 5215 καὶ
314 5160 374 5215 τὸ
402 5164 477 5215 ἐν.
510 5161 748 5223 Respicit
782 5158 1007 5215 Basilius
1035 5161 1098 5214 ad
1149 5160 1270 5213 illttd
1306 5159 1574 5222 Apostoli:
1617 5159 1722 5223 Qui

162 5247 293 5285 cum
320 5233 371 5285 in
400 5232 569 5299 [arma
602 5230 693 5284 Dei
730 5239 887 5283 esset.
916 5272 927 5285 .
956 5269 971 5284 .
996 5270 1007 5285 .
1034 5266 1049 5282 .
1087 5230 1410 5291 semetipsum
1442 5231 1725 5284 exinanivit

162 5303 397 5371 fortnam
429 5303 559 5355 servi
588 5302 863 5366 accipiens.
896 5299 1122 5370 Philipp.
1153 5314 1212 5371 tt,
1240 5299 1293 5362 6,
1322 5299 1373 5371 7τ

242 5368 356 5441 (Ἦν)
402 5371 540 5452 ἰξάίιί
587 5366 1183 5493 γενομένην....’.⁷ὲφ’
1227 5366 1425 5452 ἑαυτῷ.
1471 5372 1539 5450 ᾼῑ
1598 5384 1723 5456 mss.

242 5455 286 5493 es
330 5449 386 5492 ut
424 5457 472 5491 ltt
507 5452 775 5493 contextu.
815 5442 827 5492 I
858 5441 942 5491 Iud
990 5441 1128 5493 quod
1170 5450 1430 5493 SEﬂlllllll'.
1458 5439 1636 5492 αθετει
1670 5440 1723 5490 δὲ

166 5439 286 5496 tres
330 5449 386 5511 ut
423 5442 483 5511 in,
507 5439 775 5494 contextu.
815 5439 942 5493 Illud
990 5441 1128 5511 quod
1170 5443 1430 5508 sequitur.
1458 5439 1641 5511 ἀθετεῖ
1670 5440 1725 5490 δὲ

169 5512 253 5574 τό,
282 5509 346 5563 ad
375 5510 595 5563 verbum
626 5508 1116 5579 interpretabimur,
1140 5511 1371 5579 reprobat
1401 5508 1723 5574 splendorem

173 5598 283 5635 esse
309 5596 327 5633 :
361 5580 463 5633 hoc
492 5590 597 5641 est,
636 5591 812 5650 negat.

244 5650 357 5719 (25)
403 5650 548 5720 unus
578 5647 742 5703 code'x
786 5652 912 5720 lleg.
954 5652 1033 5713 εἰς
1062 5651 1193 5704 πολύ
1238 5652 1492 5720 μήκιστον
1519 5647 1609 5701 τὸν
1638 5650 1723 5702 λό⁴

182 5738 271 5792 (ον
316 5719 653 5792 ἐκϐάλωμεν,
682 5721 831 5792 C_ulb.
867 5718 949 5784 είς
1002 5721 1133 5773 πολὺ
1189 5718 1357 5792 μῆκος
1396 5718 1501 5773 τῶν
1553 5720 1723 5786 λόγων

172 5790 513 5858 ἐκϐάλωμεν.
540 5788 657 5844 ⁷Δ1ἰί
691 5790 791 5844 duo
819 5801 872 5846 et
915 5793 1038 5847 editi
1089 5793 1163 5847 uti
1190 5788 1259 5846 ‘iti
1301 5800 1574 5855 contextu,
1621 5793 1719 5845 nisi

1832 4586 1930 4637 tes,
1968 4574 2057 4628 sed
2088 4585 2205 4644 post
2234 4574 2407 4644 prima
2438 4575 2599 4629 etiam
2633 4588 2858 4641 corpora
2905 4570 3061 4626 factm
3091 4580 3234 4623 sunt.
3263 4567 3381 4623 Jam

1830 4681 1957 4720 vero
1978 4666 2042 4719 de
2066 4668 2279 4722 sarculis
2308 4667 2434 4736 quid
2481 4666 2674 4720 attinet
2721 4666 2921 4727 dicere,
2948 4678 3067 4718 cum
3102 4661 3381 4730 Scriptura

1833 4768 2018 4827 aperte
2041 4759 2350 4827 pronuntiet
2374 4757 2541 4811 Deum
2574 4765 2699 4812 ante
2723 4755 2913 4811 saecula
2936 4754 3093 4810 esse?

1911 4896 2121 4964 (Hebr.
2152 4912 2190 4957 ι,
2212 4895 2264 4951 3.

1830 5020 2138 5101 quontlmtmns
2162 5034 2269 5101 pro
2291 5019 2617 5101 ἐκτείνωμεν
2643 5015 2806 5100 liabet
2837 5014 3206 5101 εκξάξλωμεν.

1901 5089 2012 5158 (26)
2052 5081 2268 5156 Antiqui
2300 5104 2390 5143 sex
2422 5081 2541 5143 libri
2570 5087 2804 5158 πρῶτος,
2831 5088 2857 5158 θ
2889 5086 2945 5139 δὲ
2974 5081 3215 5154 ὓστερος.
3248 5081 3384 5158 Editi

1829 5167 1883 5229 et
1911 5153 2293 5229 'Re'g..quin'tus
2341 5159 2576 5229 πρῶτος,
2617 5153 3044 5229 δδὲδεύτερος,
3084 5153 3186 5229 nec
3230 5153 3388 5229 aliter

1830 5222 2024 5296 legitur
2053 5222 2107 5283 in
2137 5222 2592 5295 Eunomii'opere,
2619 5227 2760 5297 quod
2790 5230 2843 5281 in
2873 5222 3052 5297 codice
3076 5222 3387 5297 Golbertino

1830 5293 2099 5368 integrum
2133 5299 2421 5353 invenitur.
2448 5293 2570 5353 Mox
2604 5293 2791 5351 vocula
2823 5296 2885 5368 ἐν
2925 5296 2979 5349 in
3021 5293 3226 5349 duobus
3253 5308 3385 5347 mss.

1829 5363 1997 5431 deest,
2024 5379 2077 5421 et
2109 5372 2159 5423 in
2193 5368 2283 5421 illo
2314 5368 2432 5432 ipso
2457 5382 2619 5438 opere
2646 5363 2912 5438 Eunomii.

1900 5429 2009 5509 (‘27)
2051 5438 2181 5507 Reg.
2232 5429 2418 5492 tertius
2461 5429 2507 5491 δ’
2532 5455 2591 5490 τι
2632 5436 2829 5509 χρόνος,
2863 5435 2991 5509 ποιά
3042 5432 3195 5509 τάσις
3238 5429 3388 5509 ἐστίν

1828 5501 2073 5579 ἀστέρων
2117 5501 2351 5577 κίνησις,
2382 5518 2436 5563 et
2482 5509 2549 5561 ita
2581 5501 2791 5579 quoque
2823 5507 3009 5559 babuit
3044 5506 3214 5579 podex
3263 5501 3387 5579 Col-

1828 5569 2067 5632 bertinns
2116 5569 2271 5633 manu
2330 5580 2521 5647 prima.
2570 5569 2673 5631 Alii
2707 5569 2826 5632 'duo
2869 5592 2997 5629 mss.
3043 5575 3109 5627 '0
3159 5588 3217 5625 τε
3275 5569 3387 5644 γὰρ

1827 5649 2035 5720 χρόνος,
2054 5661 2156 5704 etc.

1900 5719 2011 5787 (‘28)
2055 5719 2189 5774 Edili
2233 5735 2352 5771 cum
2398 5718 2529 5787 Reg.
2602 5717 2786 5784 quinto
2830 5716 3082 5785 γεγόνασι
3120 5710 3381 5783 δεύτεροι.

1830 5790 1928 5843 Alii
1963 5806 2052 5845 scx
2085 5806 2213 5845 tnss.
2243 5789 2525 5858 γεγόνασιν
2556 5788 2789 5855 ὕστεροι.
