4084 6318
173 356 288 411 557

1253 343 1616 400 ADVERSUS
1655 343 2020 400 EUNOMIUM
2061 344 2186 398 LIB.
2229 344 2268 403 Ι.

3277 340 3379 392 558

173 469 404 539 σμάτων
440 482 574 520 κατα
609 467 731 528 τοὺς
773 465 1188 535 δημιουργικοὺς
1215 464 1402 530 λόγους
1440 464 1734 534 διαταχθεῖ-

1848 476 1891 519 et
1928 467 2059 520 ordo
2088 466 2224 518 alius
2248 464 2508 518 naturalis
2542 471 2644 529 est,
2677 462 2811 516 alius
2851 459 3166 514 artificialis.
3213 457 3378 512 Natu-

179 576 253 611 σα
291 559 416 625 (57),
457 556 546 608 καὶ
572 556 645 617 ὡς
667 557 700 624 ἡ
722 554 836 606 ,τῶν
865 555 1176 624 ἀριθμητῷν
1199 554 1308 624 (58)
1345 554 1512 618 θέσις,
1544 556 1632 607 καὶ
1657 554 1733 617 ὡς

171 653 212 721 ἡ
264 651 371 703 τῶν
403 648 586 701 αἰτίων
621 648 755 718 πρὸς
784 647 852 700 τὰ
882 647 1090 700 αίτιατά
1125 648 1326 715 σχέσις,
1362 648 1567 700 ἐκείνου
1603 665 1732 718 προ-

171 738 648 810 διωμολογημένου
678 737 768 790 τοῦ
797 739 888 790 καὶ
923 738 1020 806 τῆς
1059 739 1270 804 φύσεως
1305 738 1474 806 αύτῆς
1506 739 1734 809 ποιητὴν

175 831 325 886 εἶναι
356 831 444 884 καὶ
474 830 797 900 δημιουργὸν
835 829 924 880 τὸν
953 828 1082 880 Θεόν
1105 845 1117 857 ·
1183 829 1634 898 ἐπιτετηδευμένη
1680 830 1736 881 δὲ

176 925 282 977 καὶ
309 923 542 993 τεχνικὴ,
570 924 644 985 ὡς
685 924 718 991 ἡ
749 923 803 973 ἐν
829 924 940 983 τοῖς
968 922 1465 990 κατασκευάσμασι,
1502 921 1593 972 καὶ
1636 937 1737 990 μα-

177 1013 410 1083 θήμασι,
449 1013 540 1064 καὶ
578 1011 862 1079 ἀξιώμασι,
911 1011 1002 1062 καὶ
1031 1010 1265 1081 ἀριθμῷ,
1309 1012 1540 1072 καὶτοῖς
1567 1010 1740 1062 τοιού-

175 1120 318 1166 τοις.
349 1104 560 1155 Τούτων
594 1103 768 1154 τοίνυν
795 1102 854 1153 τὸ
894 1102 1152 1172 πρότερον
1176 1102 1622 1172 ἀποκρυψάμενος
1655 1098 1740 1155 οὗ-

177 1212 300 1257 τος,
324 1194 414 1247 τοῦ
449 1195 693 1263 δευτέρου
718 1193 887 1256 εἴδους
916 1194 1012 1262 τῆς
1040 1192 1239 1257 τάξεως
1272 1193 1606 1264 ἐπεμνήσθη,
1647 1193 1739 1246 καί

180 1306 340 1358 φησι,
372 1287 442 1357 μὴ
482 1289 672 1356 χρῆναι
711 1286 887 1350 λέγειν
928 1286 1018 1337 ἐπὶ
1053 1284 1185 1337 Θεοῦ
1229 1285 1396 1349 τάξιν,
1445 1286 1671 1356 ἐπείπερ
1710 1287 1740 1354 ἡ

177 1382 341 1446 τάξις
377 1379 598 1446 δευτέρα
633 1379 748 1429 ἐστὶ
785 1377 877 1430 τοῦ
920 1378 1218 1440 τάττοντος.
1274 1379 1477 1429 Ἐκεῖνο
1517 1375 1572 1429 δὲ
1615 1376 1647 1445 ἢ
1681 1375 1740 1426 οὺ

184 1473 442 1533 συνεῖδεν,
497 1470 528 1539 ἢ
587 1469 724 1521 ἑκὼν
758 1468 1127 1538 ἀπεκρύψατο,
1182 1470 1262 1520 ὅτι
1296 1469 1408 1520 ἐστι
1451 1485 1501 1518 τι
1541 1465 1743 1529 τάξεως

181 1561 348 1623 εἶδος,
392 1561 488 1612 οὐκ
537 1563 599 1613 ὲκ
641 1561 736 1631 τῆς
777 1558 1080 1630 παρ’ήμῶν
1103 1560 1301 1622 θέσεως
1343 1558 1740 1626 συνιστάμενον,

183 1654 303 1706 ἀλλ’
332 1654 462 1723 αὐτῇ
487 1656 551 1722 τῇ
587 1653 722 1705 κατὰ
748 1652 904 1720 φύσιν
930 1652 1212 1723 ἀκολουθία
1236 1651 1543 1719 συμϐαῖνον,
1567 1650 1640 1712 ὡς
1668 1649 1746 1719 τῷ

183 1745 325 1814 πυρὶ
353 1744 482 1817 πρὸς
511 1746 571 1796 τὸ
596 1762 707 1813 φως
744 1747 856 1796 ἐστι
888 1745 948 1796 τὸ
972 1743 1030 1807 ἐξ
1059 1742 1239 1796 αὑτοῦ.
1276 1744 1362 1795 Ἐν
1396 1742 1602 1804 τούτοις
1633 1743 1739 1812 γάρ

183 1833 450 1903 πρότερον
489 1834 548 1886 τὸ
585 1834 751 1886 αἴτιον
791 1835 1035 1904 λέγομεν,
1083 1832 1326 1903 δεύτερον
1367 1832 1424 1884 δὲ
1466 1833 1525 1885 τὸ
1556 1833 1612 1896 ἐξ
1645 1833 1742 1884 αύ-

179 1921 285 1973 τοῦ
333 1922 476 1989 (59)⁹
529 1923 588 1974 οὐ
642 1921 961 1992 διαστήματι
1018 1922 1335 1992 χωρίζοντες
1372 1925 1466 1975 ἀπ’
1503 1924 1741 1991 ἀλλήλων

181 2012 382 2072 ταῦτα.
414 2012 546 2065 ἀλλὰ
589 2013 664 2082 τῷ
695 2015 933 2082 λογισμῷ
964 2013 1054 2066 τοῦ
1085 2014 1323 2067 αἰτιατοῦ
1367 2014 1742 2084 προεπινοοῦν-

183 2122 283 2166 τες
311 2105 371 2156 τὸ
399 2106 584 2156 αἴτιον.
621 2106 738 2166 Πῶς
779 2101 869 2156 οὖν
901 2103 1115 2172 εὔλογον
1145 2104 1418 2176 ἀρνεῖσθαι
1443 2105 1540 2173 τὴν
1569 2104 1738 2169 τάξιν,

182 2198 277 2265 ἐφ’
303 2190 374 2248 ὧν
399 2197 512 2246 ἐστι
546 2196 802 2265 πρότερον
833 2197 924 2248 καὶ
945 2196 1211 2266 δεύτερον,
1243 2197 1301 2248 ού
1319 2195 1456 2247 κατὰ
1481 2195 1578 2265 τὴν
1603 2196 1741 2266 ἠμε-

183 2285 354 2358 τέραν
385 2285 546 2347 θέσιν,
584 2286 695 2337 ἀλλ’
721 2288 782 2339 ὲκ
813 2288 908 2357 τῆς
937 2288 1074 2340 κατά
1111 2286 1268 2354 φύσιν
1299 2286 1478 2349 αὐτοῖς
1513 2288 1744 2357 ἐνυπαρ-

182 2379 390 2447 χούσης
419 2377 763 2443 ἀκολουθίας
795 2381 946 2441 Τίνος
983 2375 1073 2431 οὖν
1106 2377 1287 2430 ἕνεκεν
1318 2378 1498 2431 ἀθετεῖ
1527 2379 1623 2449 τὴν
1651 2380 1745 2432 τά·

186 2469 274 2533 ξιν
302 2470 389 2520 ἐπὶ
408 2469 540 2523 Θεοῦ
564 2471 956 2540 λαμϐάνεσθαι;
987 2471 1245 2538 Ἥγεῖται,
1266 2473 1311 2522 εί
1335 2471 1443 2539 (40)
1465 2472 1744 2536 ἐπιδείξειε

191 2559 460 2628 μηδαμῶς
508 2561 678 2621 ἄλλως
727 2561 786 2611 τὸ
838 2561 1096 2631 πρότερον
1148 2562 1239 2614 ἐπὶ
1299 2561 1430 2614 Θεοῦ
1489 2561 1743 2627 νοεῖσθαι,

183 2653 507 2720 λειπόμενον
548 2652 707 2716 ἕξειν,
746 2655 864 2704 κατ’
898 2654 1064 2724 αὐτὴν
1094 2655 1189 2725 τὴν
1223 2655 1406 2708 ούσίαν
1453 2656 1549 2725 τὴν
1584 2657 1748 2726 ὑπερ-

184 2746 322 2814 οχὴν
375 2743 766 2797 ἐπιδείκνυσθαι
804 2746 933 2810 (41).
977 2747 1165 2816 Ἡμεῖς
1191 2746 1266 2810 δὲ,
1322 2747 1460 2800 κατά
1513 2747 1608 2817 μὲν
1649 2747 1744 2816 τὴν

185 2837 299 2888 τῶν
365 2837 547 2890 αἰτίων
611 2839 744 2910 πρὸς
792 2839 868 2891 ’τά
933 2838 990 2902 ἐξ
1050 2839 1226 2891 αὐτῶν
1291 2839 1490 2907 σχέσιν,
1555 2855 1746 2910 προτε-

185 2927 384 2996 τάχθαι
408 2928 500 2979 τοῦ
535 2929 660 2981 Υίοῦ
680 2929 768 2981 τὸν
798 2930 1016 2999 Πατέρα
1045 2928 1220 2998 φαμέν
1242 2946 1254 2958 ·
1292 2929 1429 2980 κατὰ
1450 2928 1622 2998 δὲτὴν
1651 2929 1746 2998 τῆς

187 3018 405 3085 φύσεως
438 3019 714 3089 διαφορὰν,
763 3021 963 3083 οὐκέτι,
1015 3020 1131 3071 οὐδὲ
1177 3017 1314 3069 κατὰ
1359 3019 1455 3089 τὴν
1494 3021 1585 3072 τοῦ
1620 3021 1744 3090 χρό-

1836 560 1963 614 ralis
1981 559 2216 629 quidem,
2240 571 2295 612 ut
2317 566 2704 620 creaturarum,
2722 555 2810 624 qui
2837 568 2902 608 ex
2927 551 3146 608 creandi
3179 551 3384 604 ratione

1835 650 2120 718 dispositus
2147 658 2247 715 est,
2279 657 2332 702 et
2361 648 2499 700 sicut
2518 644 2922 700 numerabiiium
2947 643 3160 714 positio,
3179 653 3234 696 et
3250 657 3381 696 cau-

1836 756 2014 795 sarum
2051 740 2116 793 ad
2149 739 2408 808 producta
2432 739 2685 804 habitus;
2714 751 2834 791 cum
2886 750 2973 790 res
3020 735 3261 790 confessa
3291 734 3384 795 sit,

1838 831 2001 883 Deum
2030 830 2190 883 etiam
2230 829 2396 898 ipsius
2424 838 2630 882 natura:
2659 829 2987 883 conditorem
3021 841 3141 882 esse
3173 835 3226 882 et
3267 827 3378 893 opi-

1839 921 2012 974 licem.
2046 919 2393 987 Excogitatus
2427 919 2586 989 232
2625 935 2752 972 vero
2775 929 2827 972 et
2851 918 3168 980 artificialis,
3198 927 3254 970 ιιι
3277 916 3383 981 ille,

1838 1011 1925 1078 qui
1961 1010 2382 1078 deprehenditur
2429 1011 2480 1062 iu
2529 1011 2950 1078 probationibus,
2984 1009 3035 1062 in
3068 1009 3383 1078 disciplinis.

1842 1102 1892 1154 iu
1927 1102 2308 1172 dignitatibus,
2342 1101 2395 1154 in
2431 1116 2654 1153 numero
2700 1111 2753 1152 et
2799 1101 3014 1168 reliquis
3059 1101 3384 1170 huiusmodi.

1846 1195 2139 1248 Eunomius
2175 1194 2358 1263 itaque
2389 1194 2578 1250 horum
2630 1195 2809 1263 priore
2837 1194 3130 1260 occultato,
3180 1193 3248 1248 de
3300 1207 3387 1245 se-

1843 1285 2017 1338 cumio
2048 1285 2252 1338 ordinis
2285 1299 2478 1354 genere
2505 1285 2630 1339 fecit
2661 1285 2980 1339 mentionem
3009 1302 3023 1350 ;
3071 1284 3250 1350 aitque
3283 1298 3388 1336 non

1842 1385 2088 1442 oportere
2119 1376 2297 1428 dicere
2329 1375 2381 1428 in
2410 1376 2516 1428 Deo
2544 1374 2786 1428 ordinem
2817 1387 2956 1439 esse,
2988 1372 3241 1441 quoniam
3257 1376 3392 1425 ordo

1845 1467 2128 1520 ordinante
2156 1467 2421 1533 posterior
2465 1473 2566 1521 est.
2612 1465 2740 1518 Illud
2773 1480 2899 1520 vero
2921 1473 3010 1518 aut
3040 1479 3142 1517 nou
3179 1463 3387 1518 intelle-

1845 1557 1943 1620 xit,
1980 1564 2070 1608 aut
2104 1556 2246 1609 ultro
2273 1556 2529 1616 occuluit,
2551 1557 2814 1624 quoddam
2841 1555 3044 1609 ordinis
3070 1569 3188 1608 esse
3203 1569 3390 1623 genus,

1847 1665 1950 1701 nun
1987 1656 2167 1700 nostra
2203 1648 2552 1701 constitutum
2604 1647 2959 1709 ordinatione,
2997 1650 3088 1699 sed
3145 1647 3261 1715 ipsa
3294 1661 3389 1699 ne-

1849 1738 2179 1792 cessitmliue
2237 1737 2464 1791 naturali
2517 1737 2856 1802 contingens,
2898 1751 3002 1805 quo
3030 1751 3089 1790 se
3119 1737 3277 1790 modo
3305 1736 3397 1789 ha-

1848 1829 1976 1882 bent
2006 1830 2143 1899 ignis
2171 1837 2224 1882 et
2259 1829 2369 1893 lux,
2394 1843 2512 1897 quae
2545 1844 2611 1882 ex
2637 1830 2748 1897 ipso
2774 1837 2874 1881 est.
2913 1828 3045 1881 Nam
3089 1827 3142 1881 in
3179 1827 3246 1882 iis
3273 1840 3396 1880 cau-

1847 1935 1959 1974 sam
1997 1923 2227 1990 priorem
2256 1935 2373 1975 esse
2415 1922 2643 1975 dicimus
2671 1941 2684 1976 :
2724 1921 2990 1990 posterius
3018 1934 3146 1974 vero
3177 1921 3228 1976 id
3252 1920 3394 1990 quod

1847 2013 1914 2066 ab
1937 2013 2046 2080 ipsa
2081 2023 2184 2078 est,
2224 2027 2327 2065 non
2382 2012 2662 2066 intervallo
2692 2014 2801 2066 luce
2851 2028 2878 2065 a
2914 2027 2970 2066 se
3000 2012 3225 2065 invicem
3265 2012 3389 2066 diri-

1848 2110 2072 2166 mentes,
2111 2103 2202 2156 sed
2227 2102 2548 2172 cogitatione
2597 2116 2812 2154 causam
2869 2111 2994 2156 ante
3039 2099 3285 2155 eﬂ'ectum
3315 2102 3398 2154 iu-

1848 2191 2164 2263 telligentes.
2195 2194 2438 2258 Quonam
2483 2192 2646 2260 igitur
2702 2202 2856 2259 pacto
2891 2191 3080 2246 rationi
3111 2201 3396 2245 conscnta«-

1849 2300 2004 2340 nemn
2047 2284 2228 2348 fuerit,
2253 2284 2494 2338 ordinem
2524 2283 2575 2337 in
2617 2283 2683 2338 iis
2723 2299 2939 2353 negare,
2977 2284 3032 2337 in
3075 2285 3269 2350 quibus
3316 2292 3398 2336 est

1848 2381 1997 2448 prius
2023 2389 2076 2434 et
2117 2379 2400 2447 posterius,
2435 2391 2537 2431 non
2571 2391 2638 2431 ex
2667 2386 2852 2430 nostra
2888 2375 3264 2444 dispositione,
3301 2377 3394 2428 sed

1849 2485 1916 2522 ex
1951 2467 2182 2522 naturali
2218 2468 2444 2535 quadam
2477 2483 2652 2522 rerum
2687 2465 3115 2522 consecutione?
3154 2465 3264 2521 Cur
3300 2465 3396 2535 igi-

1853 2570 1938 2614 tur
1969 2561 2174 2614 l'astidit
2201 2559 2444 2614 ordinem
2492 2559 2544 2612 in
2573 2561 2682 2614 Deo
2703 2559 3026 2613 admitteret
3065 2557 3394 2618 Arhitratur,

1849 2655 1893 2709 si
1922 2653 2219 2708 ostenderit
2246 2668 2349 2707 non
2384 2652 2541 2706 aliter
2565 2653 2713 2720 prius
2754 2652 2808 2704 in
2849 2652 2957 2706 Deo
2991 2651 3234 2721 intelligi,
3271 2652 3396 2705 reli-

1849 2760 2012 2813 quum
2046 2759 2104 2799 se
2138 2745 2466 2806 habiturum,
2501 2743 2552 2796 in
2590 2744 2698 2812 ipsa
2718 2744 2925 2798 scilicet
2941 2743 3234 2798 substantia
3261 2757 3397 2811 prac-

1850 2837 2100 2891 stantiam
2131 2836 2512 2894 demonstrari.
2535 2833 2644 2890 Nos
2673 2844 2873 2897 autem,
2907 2849 3002 2903 pro
3043 2835 3227 2889 habitu
3261 2849 3393 2888 cau-

1850 2945 2030 2985 sarum
2062 2929 2127 2983 ad
2154 2943 2217 2983 ea
2244 2944 2362 2998 qua:
2397 2943 2465 2982 ex
2505 2927 2637 2996 ipsis
2667 2938 2812 2993 sunt,
2854 2925 3062 2981 Patrem
3093 2925 3228 2980 Filio
3261 2941 3397 2994 pne-

1860 3023 1981 3091 poni
2017 3023 2245 3077 dicimus
2278 3040 2290 3076 :
2319 3032 2371 3075 at
2399 3037 2528 3076 vero
2554 3022 2845 3075 secundum
2883 3029 3084 3074 natura:
3113 3019 3395 3073 diversita-

187 3127 286 3161 νου
333 3111 634 3181 ὑπεροχήν·
688 3111 719 3179 ἢ
778 3110 916 3161 οὕτω
956 3126 1018 3177 γε
1074 3111 1165 3164 καὶ
1209 3111 1338 3164 αὐτὸ
1372 3111 1501 3182 (4'2),
1537 3113 1595 3165 τὸ
1635 3113 1743 3165 Πα-

1853 3124 1980 3178 tem,
2006 3130 2107 3168 non
2144 3115 2290 3178 item,
2315 3130 2485 3184 neque
2502 3115 2791 3169 secundum
2816 3112 3066 3180 temporis
3085 3124 3393 3166 excessum:

186 3203 327 3273 τέρα
381 3198 515 3255 εἶναι
571 3203 658 3254 τὸν
699 3200 850 3266 Θεὸν,
908 3201 1254 3272 ἀθετήσομεν,
1307 3205 1403 3273 τῆς
1461 3204 1595 3256 κατά
1647 3203 1744 3275 τὴν

185 3295 378 3346 οὐσίαν
432 3292 831 3363 ἀλλοτριότητος
872 3294 968 3366 τὴν
1015 3294 1244 3366 φυσικὴν
1293 3297 1580 3365 συνάφειαν
1623 3295 1746 3349 ἀθε-

185 3385 412 3453 τούσης.

262 3474 352 3526 Ἦ.
393 3475 541 3527 Ἐπεὶ
572 3477 750 3547 μέντοι
787 3478 1141 3548 ἀφορίσασθαι
1168 3481 1295 3549 ἡμῖν
1320 3480 1410 3533 τοῦ
1433 3480 1620 3550 χρόνου
1651 3480 1746 3548 τὴν

189 3567 356 3635 φύσιν
399 3569 427 3619 ὁ
463 3569 620 3637 σοφὸς
656 3571 720 3621 τὰ
754 3571 925 3622 πάντα
955 3571 1220 3641 προήχθη,
1253 3573 1342 3624 καὶ
1371 3573 1598 3626 ἐνταῦθα
1637 3573 1746 3642 (45)

189 3659 360 3714 αὐτοῦ
406 3660 462 3712 τὸ
513 3660 723 3724 βέϐαιον
761 3661 850 3713 καὶ
876 3662 1340 3733 περιεσκεμμένον
1377 3663 1470 3731 τῆς
1516 3663 1749 3729 διανοίας

190 3752 414 3818 ἴδωμεν.
460 3752 661 3820 Χρόνον
687 3753 861 3805 τοίνυν
907 3751 1041 3806 εἷναί
1069 3772 1199 3825 φησι
1229 3757 1385 3808 ποιάν
1401 3773 1519 3808 τινα
1541 3757 1750 3826 κίνησιν

189 3843 472 3912 ἀστέρων·
505 3844 651 3914 ἡλίου
691 3846 928 3915 δηλονότι
973 3847 1065 3900 καὶ
1109 3847 1335 3918 σελήνης
1385 3849 1476 3900 καὶ
1513 3850 1620 3900 τῶν
1649 3850 1754 3902 λοιο

188 3936 335 3998 πῶν,
375 3937 512 3998 ὅσοις
559 3938 676 3989 καθ’
708 3938 872 3990 ἑαυτὰ
904 3938 1012 4006 (44)
1061 3938 1318 3991 κινεῖσθαι
1352 3939 1577 4010 δύναμίς
1613 3945 1744 3996 ἐστι.

189 4026 268 4078 Τὸ
309 4025 480 4077 τοίνυν
513 4029 619 4079 ἀπὸ
654 4028 914 4094 γενέσεως
950 4028 1176 4098 ούρανοῦ
1205 4029 1296 4080 καὶ
1327 4029 1428 4096 γῆς
1466 4031 1624 4098 μέχρι
1651 4031 1748 4099 τῆς

271 4229 557 4314 (5Ἱ)ΛΕ]1ῑιῑ
588 4227 773 4297 λόγους
802 4229 1074 4299 ταχθεῖσα.
1115 4230 1333 4287 Veteres
1357 4232 1590 4300 quinque
1635 4232 1753 4284 iiill'i

192 4299 563 4368 διαταχθεῖσα.
1513 4299 1517 4300 ν

266 4370 632 4441 (58)-Διιιὶιιιιί
680 4369 784 4422 duo
836 4369 955 4422 libri
1007 4370 1098 4423 τοῦ
1139 4372 1397 4441 ἀριθμοῦ.
1446 4371 1596 4441 Alius
1648 4370 1751 4422 τῶν

193 4439 468 4562 ἀριθμῶν.
499 4439 598 4490 Alii
630 4448 738 4493 tres
767 4457 886 4493 cum
915 4442 1071 4494 editis
1103 4439 1205 4492 τῶν
1242 4439 1573 4512 άίριθμητῶν.

273 4509 327 4574 (5
371 4512 384 4574 )
434 4507 562 4574 Reg.
611 4511 798 4562 tertius
840 4508 900 4560 τὸ
938 4511 1029 4561 ἀπ’
1073 4511 1256 4564 αὑτοῦ.
1303 4515 1573 4574 Aliquautt

1848 3205 2080 3274 alioquin
2115 3206 2216 3258 hoc
2249 3216 2406 3274 pacto
2452 3207 2612 3258 etiam
2644 3203 2807 3256 Deum
2851 3203 3060 3255 Patrem
3093 3215 3211 3254 esse
3236 3213 3397 3268 nega-

1848 3296 2063 3364 bimus;
2125 3311 2247 3351 cum
2303 3296 2555 3350 alienatio
2585 3311 2701 3364 quae
2731 3296 2782 3349 in
2815 3293 3048 3348 essentia
3083 3293 3348 3361 reperitur
3378 3332 3394 3355 ,

1851 3390 2280 3461 coniunctionem
2315 3389 2611 3444 naturalem
2645 3389 2873 3443 aholeat.

1920 3482 2009 3535 21.
2039 3482 2140 3535 Sed
2169 3481 2418 3550 quoniam
2443 3481 2544 3535 huc
2574 3481 2661 3533 ille
2691 3480 2741 3531 in
2766 3478 3012 3533 omnibus
3034 3477 3248 3545 sapiens
3281 3490 3397 3545 pro-

1857 3588 2075 3644 gressus
2103 3583 2208 3635 est,
2247 3573 2401 3627 nobis
2433 3580 2487 3624 ut
2507 3571 2754 3624 deﬁniret
2774 3569 3028 3638 temporis
3047 3577 3314 3631 naturam,
3340 3578 3396 3620 et

1848 3669 1932 3720 hic
1968 3681 2126 3736 quam
2164 3665 2338 3728 firma,
2374 3678 2532 3733 quam
2572 3664 2957 3732 circumspecta
2984 3662 3051 3716 sit
3085 3674 3238 3714 mens
3258 3659 3392 3729 ejus,

1846 3759 2139 3811 videamus.
2170 3755 2402 3825 Tempus
2419 3770 2546 3826 ergo
2572 3768 2774 3810 certum
2809 3754 3091 3824 quemdam
3121 3751 3393 3809 stt-diarum

1847 3861 2047 3904 motum
2083 3864 2202 3904 esse
2222 3850 2372 3914 dicit,
2414 3849 2542 3904 solis
2563 3849 2808 3902 videlicet
2837 3859 2889 3902 et
2915 3850 3050 3900 lunae
3074 3862 3136 3900 ac
3168 3846 3396 3915 reliqua-

1853 3956 1992 4004 rum,
2031 3941 2224 4010 quibus
2266 3943 2404 3996 inest
2461 3955 2568 4009 qtta
2613 3955 2710 4008 per
2761 3953 2818 3994 se
2853 3947 3187 3992 moveantur.
3228 3934 3398 3990 Inter-

1855 4033 2050 4088 vallum
2092 4035 2253 4104 igitur
2282 4033 2423 4102 quod
2455 4034 2521 4086 ab
2546 4032 2751 4101 origine
2779 4031 2967 4086 cmliet
2987 4039 3143 4085 terrae
3176 4027 3241 4082 ad
3265 4027 3394 4083 stel-

1930 4231 2038 4302 (44)
2081 4231 2212 4302 Editi
2241 4247 2359 4284 cum
2393 4231 2520 4302 Reg.
2548 4231 2777 4302 secundo
2804 4231 2946 4292 ὅσοις
2971 4229 3025 4281 ὲν
3052 4227 3227 4302 ἄλλοις
3258 4228 3398 4302 κατὰ

1860 4298 2062 4355 τούτων
2096 4301 2217 4354 καθ’
2263 4301 2429 4355 ἑαυτά
2456 4315 2470 4353 :
2506 4302 2643 4369 quod
2672 4301 2797 4368 quin
2844 4302 3092 4353 vitiosum
3119 4301 3210 4363 sit,
3240 4298 3397 4369 dubi-

1860 4375 1960 4424 tari
1996 4389 2098 4426 non
2145 4381 2335 4438 potest.
2383 4373 2445 4424 Et
2489 4367 2635 4425 certe
2684 4367 3008 4432 hominibus,
3046 4370 3134 4436 qui
3181 4367 3397 4438 paulum

1861 4445 2016 4494 modo
2045 4445 2095 4494 iu
2129 4444 2226 4494 hoc
2256 4443 2546 4495 studiorum
2580 4455 2772 4505 genere
2799 4441 2994 4493 versati
3023 4445 3171 4502 sunt,
3199 4439 3398 4491 erroris

434 4507 562 4574 Reg.
611 4511 798 4594 tertius
840 4508 1029 4594 rb‘df’
1073 4488 1590 4594 auro-3._rAliqiiatito
1636 4521 1750 4578 post
1788 4488 1826 4539 θ
1855 4527 2076 4594 causam
2103 4488 2349 4578 detegere
2379 4488 3395 4594 diliicileniio‘nvesti-emetitu-enini—qui

196 4581 370 4651 codex
403 4595 536 4651 unus
563 4577 818 4651 πρότερον
851 4581 943 4631 καὶ
973 4579 1192 4651 ὕστερον
1222 4583 1280 4633 ού
1314 4581 1469 4635 κατά.

268 4649 380 4717 (40)
421 4649 530 4710 illa,
562 4649 790 4716 ἡγεῖται,
823 4651 890 4713 εί,
926 4649 1301 4716 elc.,.possuut
1352 4649 1595 4705 fortassis
1647 4649 1750 4704 hoc

192 4721 359 4772 modo
401 4719 658 4789 intelligi:
692 4719 981 4789 Eunomius
1021 4722 1120 4773 sibi
1169 4722 1376 4774 videtur
1421 4722 1748 4789 propositum

191 4799 484 4859 assecutus
519 4787 712 4859 fuisse,
745 4788 786 4840 si
824 4791 1163 4854 probaverit,
1211 4787 1464 4859 quidquid
1501 4791 1646 4858 prius
1697 4791 1748 4842 in

192 4859 312 4912 Deo
340 4858 655 4922 concipitur,
703 4858 754 4911 id
789 4860 1092 4912 necessario
1124 4861 1266 4928 prius
1301 4858 1420 4914 esse
1455 4870 1507 4914 et
1535 4875 1667 4918 :evo,
1697 4869 1751 4912 et

193 4941 469 4994 tempore,
512 4936 565 4979 et
609 4929 814 4984 ordine.
871 4928 974 4981 Sed
1024 4929 1130 4982 falli
1185 4945 1304 4983 eum
1352 4939 1580 4984 constat.
1635 4929 1745 4984 Etsi

190 4999 343 5051 etiim
377 4996 540 5048 Filius
568 4999 775 5050 dicatur
810 4999 1074 5066 posterior
1107 5015 1226 5053 esse
1253 5001 1461 5060 ordine,
1496 5000 1615 5052 inde
1642 5015 1746 5052 non

187 5067 428 5120 eﬂicitur
462 5081 580 5118 eum
617 5076 707 5118 aut
742 5068 886 5121 Patri
920 5083 1035 5122 esse
1065 5070 1399 5134 dissimilem,
1429 5079 1520 5122 aut
1551 5083 1615 5120 eo
1656 5087 1749 5136 po-

187 5140 479 5208 steriorem
509 5150 624 5188 esse
649 5147 803 5190 aetate
828 5147 881 5192 et
908 5149 1161 5208 tempore.
1190 5139 1320 5208 Reg.
1346 5141 1532 5194 tertius
1554 5138 1745 5202 οἴεται,

187 5209 242 5260 εἰ
276 5207 577 5271 ἐπιδείξειε.

421 5277 764 5360 ςξριιρκ“υηηυε
788 5275 1057 5347 ὑπεροχὴν
1083 5278 1416 5360 θεωρεῖσθαι.

265 5343 379 5413 (4‘).)
418 5346 569 5408 illud,
597 5346 628 5414 ἢ
659 5345 796 5398 οὕτω
821 5343 908 5412 γε,
935 5343 1065 5408 εἶς’..
1090 5352 1165 5402 sic
1193 5343 1571 5414 interpretatur
1597 5348 1747 5402 Com-

193 5414 444 5477 beiisius,
476 5414 609 5477 Hoc,
639 5420 772 5482 quod
807 5427 878 5470 est
911 5415 1072 5468 Deum
1107 5417 1316 5471 Patrem
1346 5435 1474 5479 esse,
1516 5421 1747 5472 destruc-

185 5504 336 5539 mus.
365 5486 421 5539 In
457 5500 561 5551 quo
589 5488 801 5553 quidem
838 5488 1302 5554 reprehendendus
1339 5505 1439 5540 non
1470 5498 1571 5550 est,
1605 5492 1744 5557 quod

186 5573 308 5608 rem
341 5573 444 5610 non
477 5559 800 5620 expresserit
832 5575 844 5611 :
877 5558 992 5620 sed,
1033 5559 1172 5625 quod
1204 5557 1408 5612 locutus
1453 5558 1522 5612 sit
1570 5563 1746 5613 minus

186 5625 400 5691 Latine,
434 5625 483 5678 id
516 5634 616 5688 est,
641 5641 738 5679 suo
770 5643 936 5682 more.

265 5697 376 5766 (45)
411 5695 630 5770 Editiet
658 5696 789 5770 Reg.
812 5698 1026 5766 quintus
1052 5699 1145 5753 καὶ
1174 5697 1438 5753 ἐντεῦθεν.
1467 5700 1567 5755 Alii
1598 5701 1745 5770 quin-

188 5782 298 5834 que
331 5783 457 5822 mss.
485 5766 577 5818 καὶ
605 5767 856 5826 ἐνταῦθα.

1853 4597 1957 4634 non
1991 4582 2134 4633 videt
2180 4575 2416 4632 errorem
2452 4581 2574 4632 hinc
2607 4589 2852 4631 exortum
2890 4594 3029 4640 esse,
3059 4576 3199 4644 quod
3238 4575 3398 4629 libra-

1852 4651 1963 4702 rius
2003 4651 2192 4718 aliquis
2224 4651 2329 4710 illa,
2359 4651 2416 4701 ὲν
2449 4648 2626 4711 ἄλλοις
2672 4650 2812 4701 κατά
2849 4647 3069 4709 τούτων,
3102 4648 3151 4698 iu
3181 4661 3273 4699 ora
3316 4648 3396 4718 sui

1851 4719 1972 4772 libri
1995 4715 2316 4788 scripsisset,
2333 4731 2389 4772 ut
2413 4728 2756 4773 monereutur
2772 4719 2858 4784 qui
2887 4720 3141 4788 legerent,
3157 4731 3253 4784 pro
3274 4715 3396 4768 καθ’

1853 4789 2018 4842 ἑαυτά
2064 4787 2318 4856 seriptum
2364 4789 2587 4842 inveniri
2635 4789 2684 4840 iu
2720 4788 2839 4842 aliis
2877 4787 3191 4857 quibusdam
3221 4800 3399 4837 eXem-

1852 4860 2088 4928 plaribus
2123 4859 2262 4911 κατά
2309 4857 2508 4910 τούτων
2539 4875 2552 4912 :
2586 4874 2648 4911 ex
2687 4872 2791 4924 quo
2831 4857 3079 4926 contigit,
3125 4866 3185 4928 ut_
3229 4863 3396 4907 totum

1853 4925 2002 4992 illud,
2035 4932 2091 4982 ἐν
2125 4929 2300 4988 ἄλλοις
2334 4929 2471 4980 κατὰ
2511 4928 2732 4991 τούτων,
2773 4943 2838 4982 ex
2885 4925 3002 4979 libri
3049 4940 3142 4978 ora
3173 4925 3225 4977 in
3271 4939 3399 4976 cou-

1852 5008 2051 5053 textum
2102 4999 2399 5066 irrepserit.
2429 4999 2784 5052 Combelisius
2814 4998 2922 5049 vitii
2960 4995 3156 5063 aliquid
3201 4995 3252 5046 in
3297 4997 3395 5066 im:

1851 5069 2050 5138 pressis
2083 5065 2234 5120 libris
2271 5071 2492 5124 subesse
2539 5071 2986 5138 animadverterat
3017 5065 3398 5138 quidem__:_sed

1849 5133 1973 5190 dum
2029 5140 2168 5192 hunc
2220 5139 2392 5192 locum
2441 5141 2511 5190 ita
2558 5138 2890 5199 emendavit,
2937 5137 3080 5198 ὅσοις
3123 5134 3186 5187 ἂν
3221 5133 3399 5196 ἄλλοις

1850 5207 1988 5260 κατὰ
2031 5208 2250 5271 τούτους
2290 5207 2408 5260 καθ’
2437 5208 2620 5269 ἑαυτά,
2655 5208 2823 5275 magis
2869 5208 3028 5260 etiam
3057 5219 3176 5257 eum
3209 5219 3397 5275 corru-

1848 5283 1945 5347 pit.
1975 5279 2096 5332 Haac
2123 5291 2298 5332 autem
2329 5289 2492 5342 recte,
2523 5288 2578 5330 ut
2612 5274 2848 5344 putabat,
2877 5276 3153 5347 emendata
3186 5274 3396 5347 sicver-

1850 5345 1990 5402 ierat
2019 5368 2030 5401 :
2065 5349 2121 5403 Si
2154 5365 2268 5419 quae
2299 5349 2417 5419 alite
2451 5361 2599 5408 sunt,
2639 5349 2824 5417 quibus
2860 5357 2914 5419 ut
2959 5345 3064 5408 his,
3104 5361 3227 5419 ante
3269 5345 3396 5419 ipsis

1848 5435 2014 5472 malus
2049 5421 2122 5472 vis
2167 5413 2424 5481 competit.
2463 5413 2684 5472 Codices
2720 5429 2829 5469 tres
2863 5416 3007 5478 ὅσοις
3055 5413 3176 5468 καθ’
3207 5413 3391 5466 ἑαυτά.

1846 5490 1948 5544 Alii
1991 5492 2207 5543 totidem
2259 5488 2402 5550 ὅσοις
2453 5488 2571 5541 καθ’
2614 5485 2854 5548 ἑαυτούς.
2906 5487 3066 5540 Certe
3117 5494 3235 5537 utro
3277 5483 3397 5549 quis

1847 5560 2005 5614 modo
2036 5558 2245 5628 legerit,
2293 5571 2634 5625 peccaturum
2669 5573 2788 5609 cum
2839 5571 2944 5628 non
2975 5564 3161 5628 iputo._
3194 5551 3296 5606 Sed
3319 5620 3329 5628 _
3352 5569 3394 5605 st

1848 5629 1992 5697 legas
2030 5620 2150 5682 κᾶθ’
2182 5620 2346 5682 ἑαυτά
2366 5669 2379 5692 ,
2424 5630 2608 5699 supple
2650 5628 2821 5698 ἄστρα
2848 5644 2861 5681 :
2894 5627 2938 5682 si
2972 5620 3116 5694 legas
3145 5620 3394 5685 ἑαυτούς,

1848 5702 2028 5770 SUpple
2057 5699 2306 5771 ἀστέρας.
