4084 6318
182 355 288 412 561

1272 356 1636 411 ADVERSUS
1675 357 2030 414 EUNOMIUM
2070 346 2194 413 L1H.
2235 357 2276 412 l.

3290 361 3393 415 562

181 485 242 524 τι
277 473 340 541 τῇ
371 469 526 540 οὐσίᾳ
553 469 645 522 τοῦ
678 469 810 522 Θεοῦ
835 471 1074 536 δυνατὸν,
1109 466 1217 525 οἷον
1241 468 1399 536 εἶδος,
1433 473 1466 543 ἢ
1501 473 1680 540 ὄγκον,
1707 474 1736 543 ἢ

1843 477 2130 545 quidquam
2160 476 2210 528 in
2252 473 2346 529 Dei
2392 473 2680 529 substantia
2730 474 2976 536 exsistat,
3000 470 3144 528 velut
3196 472 3392 542 forma,

187 562 544 634 πηλικότητα,
583 561 670 614 διὰ
700 563 760 614 τὸ
790 563 960 634 πάντη
988 565 1258 634 συνθήκης
1297 564 1576 636 ἐλεύθερον
1600 562 1737 638 εἶναι

180 653 282 705 τὸν
308 652 455 706 Θεόν.
485 653 546 704 Εἰ
570 653 626 706 δὲ
650 653 849 708 τούτων
873 657 962 709 καὶ
983 655 1090 707 τῶν
1116 657 1370 708 τοιούτων
1394 674 1442 708 τι
1469 657 1578 726 (55)
1602 659 1737 727 μήτε

182 743 308 796 ἐστὶ
339 744 472 814 μήτε
512 745 638 796 ποτὲ
670 745 863 813 γένοιτ’
894 745 957 797 ἂν
987 745 1178 813 εὐαγὲς
1225 746 1502 815 ἐπινοῆσαι
1531 763 1739 815 συμπε-

185 835 491 905 πλεγμένον
515 839 582 907 τῇ
609 838 762 906 οὐσίᾳ
784 837 874 889 τοῦ
907 837 1039 890 Θεοῦ
1073 837 1205 906 (56),
1242 840 1390 900 ποῖος
1419 837 1498 890 ἔτι
1521 854 1736 907 συγχω-

187 929 350 995 ρήσει
381 927 534 996 λόγος
572 929 707 998 πρὸς
733 932 828 998 τὴν
856 929 1145 998 ἀγέννητον
1173 929 1390 1001 ὁμοιοῦν
1425 929 1523 1000 τὴν
1551 945 1739 999 γεννη-

182 1020 325 1089 τὴν;
349 1021 445 1090 τῆς
477 1023 596 1074 κατ’
622 1021 803 1074 οὐσίαν
835 1021 942 1090 (5'7)
971 1023 1352 1092 ὁμοιότητος,ἢ
1384 1023 1735 1093 συγκρίσεως,

182 1108 219 1179 ἢ
266 1113 567 1174 κοινωνίας,
617 1113 879 1182 μηδεμίαν
917 1114 1187 1184 ὑπεροχὴν
1221 1114 1253 1183 ἢ
1286 1113 1540 1185 διαφορὰν
1571 1131 1738 1168 κατα-

181 1203 472 1273 λιπούσης,
518 1204 732 1274 ἰσότητα
761 1205 814 1256 δὲ
855 1205 1036 1272 σαφῶς
1069 1205 1460 1276 ἐργαζομένης,
1513 1206 1647 1275 μετά
1683 1206 1738 1258 δὲ

180 1295 288 1365 τῆς
320 1295 556 1364 ἰσότητος
591 1295 880 1365 ἀγέννητον
911 1295 1309 1366 ἀποφαινούσης
1335 1297 1425 1348 τὸν
1451 1295 1738 1366 ὁμοιούμε-

180 1402 301 1445 νον,
330 1386 362 1456 ἢ
394 1387 829 1456 συγκρινόμενον.
870 1387 1053 1449 Οὐδεὶς
1084 1386 1140 1439 δὲ
1179 1386 1350 1451 οὕτως
1378 1386 1488 1458 (58)
1517 1389 1735 1458 ἀνόητος

181 1479 282 1528 καὶ
330 1475 462 1543 πρὸς
510 1477 759 1530 ἀσέϐειαν
786 1477 1070 1548 τολμηρὸς,
1115 1477 1252 1530 ὥστε
1308 1479 1417 1530 ἴσον
1450 1480 1620 1530 εἰπεῖν
1658 1478 1734 1547 τῷ

183 1567 363 1636 Ila-:9".
389 1567 477 1620 τὸν
509 1568 650 1630 Υἱὸν,
681 1569 842 1622 αὐτοῦ
865 1570 956 1621 τοῦ
988 1571 1189 1641 Κυρίου
1233 1569 1527 1641 διαρρήδην
1560 1569 1734 1621 εἰπόν-

178 1676 296 1721 τος·
343 1660 393 1710 Ὁ
433 1662 629 1730 Πατὴρ
667 1666 697 1715 0'
743 1662 981 1732 πέμψας
1040 1680 1115 1732 με
1147 1661 1356 1731 μείζων
1388 1680 1504 1730 μου
1565 1661 1731 1714 ἐστι·

181 1749 283 1800 καὶ
316 1748 472 1802 πάλιν
522 1753 636 1820 μετ’
665 1751 838 1819 ὀλίγα.
887 1751 1019 1804 Ἀλλ’
1045 1753 1124 1804 ὅτι
1171 1753 1267 1821 μὲν
1299 1745 1378 1814 οἷς
1408 1753 1435 1802 ὁ
1465 1752 1573 1805 τῶν
1601 1753 1735 1805 πάν-

1844 579 1933 624 aut
1968 569 2158 633 moles,
2198 577 2288 621 aut
2312 567 2602 635 quantitas,
2638 566 2774 634 quod
2825 564 3210 634 compositione
3247 566 3392 618 onmi

1841 677 2057 732 prorsus
2097 661 2350 714 immunis
2387 665 2470 711 est
2511 657 2666 711 Deus.
2706 657 2854 722 Quod
2883 657 2926 710 si
2957 653 3189 725 cogitare
3223 668 3394 722 neque

1839 753 1922 806 fas
1949 760 2050 816 est,
2085 765 2255 818 neque
2285 763 2519 817 unquam
2548 746 2726 811 fuerit,
2751 749 2932 801 horum
2963 755 3015 799 et
3037 744 3216 798 talium
3239 743 3394 814 quid-

1841 861 1998 915 quam
2031 860 2150 898 cum
2187 844 2276 897 Dei
2311 841 2609 896 substantia
2641 839 3010 908 complicatum
3043 851 3161 891 esse
3197 853 3213 899 ;
3244 850 3392 905 qua:-

1843 953 1965 990 natn
2004 937 2176 991 adhuc
2211 935 2344 988 ratio
2379 935 2539 996 sinet,
2581 941 2638 986 ut
2678 947 2795 986 cum
2832 929 3123 985 substantia
3159 929 3394 994 ingenita

1841 1029 2072 1096 genitam
2135 1025 2754 1094 conferamusiquippe
2811 1039 2872 1077 ea
2927 1039 3047 1092 qua:
3102 1021 3391 1076 secundum

1843 1121 2194 1174 substantiam
2242 1129 2324 1172 est
2371 1117 2818 1180 similitudo,sive
2876 1114 3236 1181 comparatio,
3281 1111 3393 1164 sive

1839 1211 2165 1274 communio,
2199 1209 2396 1262 nullam
2437 1209 2796 1277 praestantiam
2825 1215 2914 1259 aut
2936 1203 3285 1259 diﬂ'erentiatn
3319 1217 3393 1258 re-

1835 1303 2062 1370 linquit,
2089 1303 2194 1356 imo
2237 1301 2594 1369 a‘qnalitatetn
2637 1309 2818 1369 aperte
2861 1297 3052 1360 eﬂicit;
3084 1305 3240 1364 atque
3269 1311 3390 1349 cum

1834 1395 2141 1462 :cqualitate
2191 1395 2482 1464 ingenitum
2531 1394 2857 1446 demonstrat
2887 1405 3030 1452 eum,
3061 1389 3148 1457 qui
3174 1389 3389 1444 assimi-

1835 1486 1993 1546 latur,
2020 1486 2098 1539 rel
2128 1495 2494 1553 comparatur.
2532 1482 2696 1538 Nemo
2736 1494 2910 1536 autem
2947 1483 3016 1534 ita
3058 1489 3138 1535 est
3167 1482 3391 1537 stolidus

1833 1585 1888 1629 et
1911 1575 1976 1630 ad
2007 1577 2338 1645 impietatem
2382 1575 2578 1637 audax,
2611 1575 2699 1642 qui
2729 1573 2984 1641 aequalem
3021 1571 3162 1626 Patri
3195 1572 3389 1627 Filium

1836 1670 2000 1730 dicat,
2033 1682 2154 1721 cum
2187 1665 2442 1720 Dominus
2474 1666 2590 1734 ipse
2621 1665 2792 1734 palam
2831 1664 3025 1719 dixerit
3053 1661 3255 1744 ιηΡαιειν
3299 1666 3391 1731 qui

1835 1776 1912 1812 me
1951 1759 2110 1818 misit,
2140 1760 2307 1828 major
2339 1773 2417 1811 me
2446 1766 2517 1811 εει
2538 1757 2577 1827 ξ.
2596 1756 2660 1810 Ει
2699 1771 2883 1810 rursus
2913 1755 3070 1825 paulo
3095 1765 3231 1824 pust.
3261 1754 3386 1818 Sed,

177 1859 294 1892 των
314 1840 442 1904 Θεὸς
469 1843 758 1912 ἀγέννητος
788 1845 879 1896 καὶ
902 1843 1246 1913 ἀσύγκριτος,
1284 1844 1539 1896 πλειόνων
1570 1845 1734 1896 ὄντων

1839 1849 2014 1903 missis
2068 1849 2326 1917 pluribus,
2361 1863 2422 1901 ea
2465 1862 2580 1917 qua:
2626 1848 2856 1901 diximus
2892 1847 3044 1913 satis,
3103 1857 3263 1915 puto,
3294 1847 3387 1899 de-

178 1932 296 1985 τῶν
348 1934 887 2005 παραλελειμμένων,
941 1935 1184 2005 ἀποχρῆν
1235 1937 1472 2008 ἡγοῦμαι
1527 1938 1619 1988 καὶ
1670 1937 1737 1988 τὰ

182 2025 418 2095 ρηθέντα
449 2029 580 2097 πρὸς
602 2029 884 2091 ἀπόδειξιν.

259 2117 403 2171 ΒΑΣ.
442 2120 606 2171 Ὅταν
636 2120 777 2182 τινος
802 2119 1064 2174 ἅπτεσθαι
1103 2121 1265 2191 μέλλῃ
1300 2120 1532 2192 πονηροῦ
1559 2120 1734 2187 λόγου,

180 2209 556 2279 προλαμϐάνει
589 2209 699 2280 (59)
753 2213 874 2266 τινὰ
926 2214 1345 2284 συγχωρούμενα
1403 2213 1552 2284 παρά
1600 2213 1735 2264 πάν·

177 2320 313 2365 των,
339 2303 425 2356 ἵνα
454 2302 540 2354 διὰ
563 2304 659 2374 τῆς
690 2305 746 2358 ὲν
769 2307 974 2370 τούτοις
1001 2306 1411 2377 εὐγνωμοσύνης
1446 2307 1578 2375 μηδὲ
1613 2305 1736 2375 περὶ

179 2395 292 2447 τῶν
328 2395 524 2451 λοιπῶν
554 2401 866 2470 ἀπιστῆται.
902 2402 1064 2453 Οὐδὲν
1125 2402 1255 2469 (60),
1292 2400 1472 2469 φησὶν,
1518 2394 1627 2451 οἷόν
1678 2416 1737 2451 τε

178 2489 508 2561 ἐνυπάρχειν
530 2492 621 2544 τοῦ
638 2493 769 2544 Θεοῦ
800 2497 864 2562 τῇ
892 2494 1065 2562 οὐσία,
1084 2493 1204 2545 οὐτε
1227 2488 1379 2557 εἶδος,
1405 2490 1524 2544 οὐτε
1552 2491 1732 2560 ὄγκον,

178 2580 308 2634 οὗτε
338 2583 689 2653 πηλικότητα,
736 2583 821 2637 διὰ
854 2584 912 2636 τὸ
953 2585 1125 2655 πάντη
1161 2585 1428 2654 συνθήκης
1460 2585 1734 2655 ἐλεύθερον

181 2669 322 2724 εἶναι
354 2672 442 2724 τὸν
481 2673 628 2724 Θεόν.
667 2674 838 2744 Μέχρι
869 2675 1065 2728 τούτων
1091 2679 1234 2728 ἐστὶν
1263 2675 1572 2745 εὐγνώμωνθ
1602 2676 1658 2727 ἐν
1683 2675 1737 2728 δὲ

179 2765 297 2822 τοῖς
324 2761 446 2831 ἑξῆς
480 2763 556 2824 εἰς
583 2764 767 2816 ἑαυτὸν
792 2767 1108 2836 ἐπανῆλθεν.
1159 2768 1243 2828 Ὠς
1282 2767 1389 2836 γὰρ
1431 2766 1734 2832 ἀναγκαίως

178 2853 706 2920 τοῖςπροεκτεθεῖσιν
728 2858 994 2928 ἑπομένην
1025 2859 1120 2928 τὴν
1156 2858 1496 2928 βλαστημίαν
1527 2860 1739 2907 ἐπισυν-

181 2940 368 3006 άπτει,
430 2940 596 3010 λέγων
652 2945 713 2997 Ei
765 2946 819 2998 δὲ
857 2947 1055 2998 τούτων
1093 2947 1185 2998 καὶ
1236 2944 1341 2994 τῶν
1391 2942 1639 2995 τοιούτων
1686 2957 1735 2992 τι

186 3034 328 3104 μήτε
379 3035 514 3099 ἐστὶ,
560 3037 812 3105 μηδέποτ’
845 3038 908 3089 ἂν
962 3037 1167 3102 γένοιτο
1219 3033 1412 3097 εὐαγὲς
1456 3032 1736 3101 ἐπινοῆσαι

183 3126 668 3195 συμπεπλεγμένον
696 3130 758 3195 τῇ
777 3126 948 3195 οὐσίᾳ,
977 3125 1058 3188 τίς
1083 3124 1590 3196 συγχωρήσειλὸγος
1624 3125 1732 3196 (61)

180 3217 326 3288 πρὸς
356 3217 449 3288 τὴν
496 3218 781 3286 ἀγέννητον
828 3217 1044 3288 ὁμοιοῦν
1092 3220 1188 3290 τὴν
1240 3220 1534 3289 γεννητήνς
1573 3218 1732 3268 Ποίαν

179 3309 501 3362 ἀκολουθίαν
525 3309 634 3378 ἔχει
647 3308 815 3363 ταῦτα
832 3313 964 3382 πρὸς
981 3312 1200 3382 ἄλληλα,
1221 3315 1267 3364 εἰ
1292 3309 1576 3372 ἀσύνθετὸς
1595 3312 1738 3361 ἐστιν

177 3405 209 3453 ὁ
257 3401 408 3463 Θεὸς,
443 3401 783 3454 ἀνεπίδεκτον
819 3400 952 3456 εἶναι
989 3405 1077 3456 τὸν
1108 3404 1231 3456 Υίον
1264 3403 1364 3471 τῆς
1393 3401 1526 3472 πρὸς
1576 3399 1737 3451 αὐτὸν

179 3493 537 3562 ὁμοιότητος;
570 3495 702 3547 Εἰπὲ
730 3497 867 3564 γάρ·
902 3497 1019 3563 οὐχί
1059 3496 1112 3546 δὲ
1145 3496 1236 3546 καὶ
1271 3495 1333 3546 σὺ
1362 3495 1450 3547 τὸν
1481 3493 1604 3545 Υξον
1635 3510 1738 3546 πα-

187 3584 508 3656 ραπλησίως
539 3589 680 3656 ἐρεῖς
712 3589 843 3657 μήτε
874 3583 1029 3648 εἶδος,
1070 3587 1203 3656 μήτε
1239 3585 1399 3653 ὄγκον
1439 3585 1571 3653 (62),
1605 3587 1738 3656 μήτε

180 3681 522 3751 πηλικότητα
573 3684 712 3752 ἔχειν
748 3687 803 3736 ἐν
852 3683 1060 3754 ἑαυτῷ,
1098 3685 1189 3734 καὶ
1245 3683 1415 3752 πάντη
1473 3679 1739 3751 συνθήκης

178 3775 468 3845 ἐλεύθερον
503 3770 672 3843 εἷναι;

257 3956 347 4009 2'5.
391 3952 529 4023 Ἐγὼ
567 3956 662 4024 μὲν
695 3957 799 4027 γάρ
832 3958 950 4008 οὐδὲ
983 3975 1215 4027 μανεντα
1256 3976 1313 4011 σε
1343 3959 1581 4030 ἡγοῦμαί
1613 3976 1738 4012 ποτε

178 4048 477 4116 τολμήσειν
505 4047 628 4101 ἀλλο
655 4067 704 4100 τι
739 4052 909 4102 εἰπεῖν
952 4051 1042 4102 τὸν
1073 4052 1196 4102 Υἱὸν
1228 4051 1260 4120 ἦ
1309 4052 1594 4120 ἀσώματον
1649 4054 1740 4104 καὶ

186 4136 430 4190 ἀνείδεον
459 4137 552 4189 καὶ
603 4139 1021 4210 ἀσχημάτιστον,
1058 4143 1153 4193 καὶ
1196 4143 1370 4194 πάντα
1420 4144 1623 4213 ὅσαπερ
1676 4143 1739 4196 ἂν

185 4230 284 4280 ἐπὶ
311 4228 400 4280 τοῦ
445 4229 652 4301 Πατρὸς
679 4231 868 4295 εἴποις.
905 4232 1027 4295 Πῶς
1053 4228 1143 4286 οὖν
1174 4233 1272 4285 οὐκ
1297 4232 1513 4296 εὐσεϐὲς
1546 4234 1634 4285 τὸν
1666 4232 1738 4303 μὴ

186 4324 387 4390 ἔχοντα
419 4317 553 4386 εἶδος
587 4324 664 4393 τῷ
695 4322 830 4387 εἶδος
867 4327 940 4395 μὴ
984 4326 1155 4396 ἔχοντι
1191 4326 1552 4397 παραϐάλλειν
1583 4324 1688 4394 (65)
1723 4341 1736 4386 ;

183 4414 286 4464 καὶ
327 4415 416 4465 τὸν
450 4415 521 4484 μὴ
558 4415 745 4483 ἔχοντα
795 4415 1130 4485 πηλικότητα
1173 4417 1249 4485 τῷ
1291 4419 1362 4486 μὴ
1411 4418 1581 4486 ἔχοντι
1616 4416 1740 4469 ταύ-

183 4521 330 4574 την;
382 4506 472 4558 καὶ
517 4505 607 4558 τὸν
652 4505 936 4560 ἀσύνθετον
990 4508 1122 4570 ὅλως
1169 4507 1246 4576 τῴ
1307 4509 1626 4578 ἁσυνθέτῳ;

263 4661 284 4692 ³
316 4659 467 4715 Joan.
511 4680 622 4728 xw,
651 4665 741 4718 28.

186 4801 399 4865 legatur
422 4799 592 4853 οὐδέν.
612 4800 922 4853 Additlitnus
950 4801 1110 4867 igitur
1133 4815 1192 4852 ex
1223 4800 1302 4851 his
1325 4801 1474 4853 libris
1500 4801 1737 4854 voculam

183 4871 263 4925 τί.
300 4869 482 4936 sicque
511 4870 842 4937 interpretati
867 4886 1051 4923 smnus
1078 4890 1089 4923 :
1116 4869 1297 4938 Atqui.
1327 4871 1516 4936 inquit,
1539 4887 1597 4922 ne
1625 4871 1738 4934 ﬁeri

181 4939 396 5008 quidem
421 4950 603 5010 potest,
630 4951 682 4992 ut
712 4940 988 5010 quidquam
1013 4942 1065 4992 in
1098 4939 1190 4992 Dei
1212 4939 1498 4992 substantia
1516 4942 1738 4992 exsistat

185 5025 438 5074 (unquam
472 5009 659 5076 forma.
689 5009 794 5063 etc.

263 5079 377 5147 (55)
413 5078 608 5133 Vocula
638 5079 690 5130 τί
727 5081 875 5132 deest
912 5080 964 5131 in
1021 5079 1217 5133 nostris
1259 5088 1459 5146 septem
1505 5095 1635 5133 mss.
1685 5090 1740 5134 et

185 5152 241 5202 in
299 5149 530 5219 editione
568 5148 693 5202 Ven.
728 5151 820 5202 sed
857 5149 1048 5219 legitur
1088 5151 1140 5202 in
1182 5151 1418 5203 editione
1469 5149 1642 5204 Paris.
1688 5161 1743 5204 et

183 5217 342 5287 apud,
367 5217 687 5273 Fabricium.

262 5286 376 5359 (56)
407 5287 508 5341 Pro
540 5290 651 5354 illo,
682 5291 746 5358 τῇ
773 5291 926 5359 οὐσίᾳ
949 5288 1040 5342 τοῦ
1063 5289 1217 5354 Θεοῦ,
1239 5291 1286 5343 in
1315 5302 1472 5358 opere
1496 5287 1740 5343 Eunomii

182 5357 507 5425 simpliciter
539 5357 742 5429 legitur
764 5357 932 5430 ταύτῃ
960 5380 972 5413 :
1000 5361 1092 5415 sed
1133 5363 1204 5413 ita
1243 5357 1503 5413 inuitatum
1535 5376 1563 5412 a
1592 5360 1741 5413 Basi—

183 5431 263 5481 lio
298 5438 454 5497 pttto,
477 5438 535 5481 ιιι
561 5431 804 5484 Ennomii
837 5432 1096 5484 sententia
1127 5430 1293 5497 magis
1320 5437 1544 5497 pateret.

262 5497 376 5568 (57)
421 5496 525 5550 Vox
573 5499 754 5552 οὐσίαν
800 5502 976 5554 addita
1029 5513 1110 5553 est
1154 5496 1382 5569 in’Reg.
1435 5500 1590 5552 tertio
1623 5508 1740 5567 post

185 5584 376 5622 vocem
426 5571 708 5639 γεννητὴν,
758 5572 803 5625 si
838 5587 938 5624 non
990 5573 1170 5625 eadem
1224 5586 1403 5631 manu,
1439 5580 1491 5621 at
1521 5571 1736 5634 antiqua

187 5651 370 5692 tamen
398 5656 411 5691 :
441 5638 530 5692 sed
576 5638 695 5692 eum
740 5655 908 5708 neque
947 5641 998 5692 in
1034 5641 1277 5709 vulgatis,
1323 5656 1493 5705 neque
1531 5640 1578 5690 in
1619 5641 1737 5693 aliis

191 5724 324 5762 mss.
367 5709 680 5776 reperiatur,
741 5711 1032 5764 addendam
1093 5727 1208 5763 eam
1250 5728 1351 5764 non
1398 5709 1732 5767 censuimus;

188 5797 256 5834 eo
308 5782 494 5838 mauis.
529 5781 668 5836 quod
701 5780 859 5835 facile
893 5797 957 5836 ex
1006 5780 1261 5836 orationis
1312 5782 1450 5835 serie
1501 5780 1736 5844 suppleri

1839 1949 2137 1994 monstrant
2174 1940 2541 1993 universorum
2593 1940 2755 1993 Deum
2789 1939 3079 2009 ingenitum
3109 1950 3268 2008 atque
3313 1939 3392 1993 in-

1837 2031 2271 2102 comparabilem,
2303 2046 2464 2085 unttm
2493 2045 2634 2085 esse.

1909 2123 2026 2177 Bas.
2059 2122 2192 2176 Cum
2235 2125 2530 2191 improbum
2570 2123 2797 2193 aliquem
2844 2137 3144 2178 sermonem
3171 2121 3281 2175 vult
3307 2133 3388 2175 at-

1840 2217 2076 2284 tingere,
2135 2217 2387 2268 nonnnlla
2446 2231 2563 2283 quae
2611 2218 2677 2270 ab
2742 2216 2988 2270 omnibus
3029 2215 3392 2269 conceduntur

1837 2308 2130 2376 praemittit,
2188 2318 2244 2362 ιιι
2296 2317 2609 2377 propterea,
2642 2290 2780 2376 quod
2837 2309 2900 2358 tle
2950 2309 3013 2360 iis
3059 2305 3218 2377 234
3251 2317 3393 2360 reete

1836 2400 2019 2464 sentit,
2064 2401 2115 2453 in
2151 2400 2370 2468 reliquis
2411 2414 2620 2469 quoque
2649 2399 2746 2452 sibi
2782 2399 2936 2452 [idem
2981 2409 3151 2468 paret.
3187 2398 3388 2467 Neque,

1839 2493 2027 2562 inquit,
2053 2493 2164 2548 ﬂeri
2193 2503 2456 2561 p0test,ut
2479 2493 2530 2546 in
2558 2491 2649 2547 Dei
2672 2491 2962 2546 substantia
2991 2490 3215 2544 exsistat
3245 2490 3393 2559 quid.

1838 2599 2019 2651 quam,
2057 2598 2226 2649 neque
2263 2583 2453 2648 forma,
2484 2597 2654 2652 neque
2688 2581 2873 2646 moles,
2903 2597 3072 2650 neque
3101 2582 3388 2649 quantitas,

1837 2676 1977 2743 quod
2020 2675 2156 2729 Deus
2204 2689 2421 2742 prorsus
2484 2688 2674 2743 expers
2709 2683 2791 2725 est
2839 2673 3259 2742 compositionis.
3312 2671 3392 2724 Ad

1839 2765 1949 2816 haec
1981 2779 2147 2831 usque
2173 2766 2327 2834 verba
2356 2777 2535 2831 aequus
2561 2770 2674 2817 est:
2704 2764 2756 2817 in
2785 2764 2849 2818 iis
2874 2778 2998 2816 vero
3027 2776 3142 2831 qua:
3163 2775 3392 2829 sequun-

1840 2866 1941 2917 tur,
1972 2855 2036 2909 ad
2061 2871 2118 2909 se
2140 2856 2251 2924 ipse
2278 2857 2430 2909 redit.
2460 2855 2589 2908 Nam
2620 2856 3005 2924 blasphemiam
3044 2854 3182 2907 velut
3207 2869 3393 2907 neces-

1837 2947 1980 3000 sario
2005 2960 2069 2999 ex
2119 2947 2405 3015 pra-missis
2451 2955 2867 3014 consequenletn
2909 2943 3169 3013 adjttngit,
3212 2943 3390 2997 verbis

1839 3038 1942 3092 illis
1970 3055 1982 3090 :
2006 3037 2156 3102 Quod
2187 3039 2230 3093 si
2262 3038 2501 3108 cogitare
2534 3053 2704 3107 neque
2735 3041 2812 3091 l‘as
2844 3049 2944 3102 est,
2967 3051 3138 3106 neque
3157 3051 3390 3105 unquam

1839 3129 2017 3190 fuerit,
2050 3130 2240 3182 horum
2267 3139 2318 3182 et
2350 3129 2534 3181 talium
2554 3130 2840 3198 quidquam
2871 3145 2989 3184 cum
3037 3132 3123 3184 llei
3150 3131 3394 3184 substan-

1841 3221 1911 3275 tia
1944 3219 2317 3290 complieatum
2350 3234 2487 3284 esse,
2526 3233 2769 3288 quaenam
2827 3221 3000 3272 adlmc
3057 3223 3191 3274 ratio
3230 3220 3389 3278 sinet.

1841 3323 1896 3366 ιιι
1924 3329 2041 3366 cum
2075 3313 2370 3368 substantia
2415 3312 2646 3381 ingenita
2694 3311 2926 3380 genitam
2969 3310 3394 3380 comparemus?

1840 3409 2134 3473 Quamnam
2164 3407 2302 3460 inter
2351 3423 2408 3460 se
2460 3407 2827 3473 cognationem
2886 3397 3079 3456 habent
3125 3403 3245 3466 illa,
3279 3404 3392 3456 lieri

1841 3514 1942 3551 non
1999 3513 2178 3565 posse,
2231 3498 2275 3550 si
2315 3497 2449 3550 Deus
2489 3496 2873 3564 incompositus
2915 3504 3017 3562 est,
3051 3505 3109 3548 ut
3141 3495 3310 3548 Filius
3342 3497 3391 3549 ei

1839 3590 1910 3642 sit
1945 3588 2237 3642 consimilis
2267 3589 2288 3640 ’ί
2322 3588 2415 3642 Dic
2452 3587 2616 3652 enim,
2649 3603 2824 3642 nonne
2851 3598 2903 3642 tu
2939 3603 3152 3657 quoque
3195 3589 3394 3658 pariter

1839 3682 1986 3735 dices
2014 3679 2206 3734 Filium
2261 3693 2434 3748 neque
2476 3679 2724 3742 formam,
2761 3695 2932 3746 neque
2979 3677 3190 3738 molem,
3221 3691 3394 3743 neque

1840 3772 2191 3838 quantitatem
2229 3771 2279 3824 in
2313 3773 2488 3839 seipso
2517 3771 2732 3832 habere,
2761 3779 2919 3837 atque
2957 3781 3174 3837 prorsus
3195 3783 3222 3820 a
3247 3782 3394 3822 com-

1840 3863 2105 3930 positione
2133 3861 2355 3914 liberum
2387 3876 2502 3913 esse
2527 3860 2549 3911 ?

1907 3951 1995 4004 25.
2032 3951 2138 4021 Ego
2163 3950 2432 4018 equidem,
2469 3948 2546 4002 vel
2576 3949 2618 4004 si
2662 3948 2950 4013 insanires,
2995 3964 3097 4004 non
3133 3957 3258 4018 puto
3295 3963 3392 4001 au-

1841 4059 2021 4097 surmn
2054 4055 2102 4096 te
2134 4056 2250 4096 esse
2283 4041 2422 4094 aliud
2446 4041 2568 4110 quid
2600 4041 2773 4095 dicere
2805 4041 2992 4094 Filium
3023 4056 3179 4108 quam
3220 4041 3392 4093 incor-

1840 4151 2078 4205 poreum,
2111 4150 2266 4203 quam
2302 4135 2481 4188 l'ortnze
2517 4142 2786 4201 expertem
2817 4144 2869 4188 et
2903 4134 3100 4200 ligurae,
3130 4142 3184 4186 et
3215 4133 3393 4186 omnia

1841 4245 1956 4298 qua:
1987 4231 2050 4282 de
2095 4227 2252 4281 Patre
2292 4229 2467 4281 dicere
2512 4224 2702 4292 possis.
2745 4225 3029 4290 Quomodo
3055 4225 3218 4294 igitur
3246 4224 3390 4292 piunt

1842 4337 1942 4376 non
1971 4321 2149 4385 fuerit,
2169 4338 2287 4377 eum
2314 4319 2404 4388 qui
2432 4317 2654 4372 formam
2687 4335 2790 4371 non
2823 4319 3005 4380 habet,
3031 4317 3254 4369 formam
3286 4331 3393 4369 non

1842 4413 2055 4467 habenti
2081 4409 2429 4478 comparare?
2461 4410 2608 4474 item,
2637 4424 2757 4463 eum
2794 4407 3250 4476 quiqnanlitatetn
3288 4421 3392 4458 non

1685 4509 1741 4560 '0
1777 4525 1818 4580 ι)
1850 4505 2049 4569 habet,
2085 4503 2435 4571 quantitatem
2489 4517 2590 4556 non
2641 4500 2856 4554 habenti
2897 4501 3094 4563 ?item,
3135 4513 3255 4553 eum
3303 4498 3392 4566 qui

1849 4794 2036 4861 possit.
2074 4791 2267 4846 Statim
2294 4791 2380 4845 ubi
2421 4790 2614 4858 legitur
2649 4789 2700 4861 in
2733 4789 2944 4841 excusis
2974 4784 3393 4861 καταλιπούσης,

1846 4856 2108 4930 scriptum
2147 4864 2199 4916 in
2246 4861 2450 4916 duobus
2477 4856 2777 4914 codicibus
2838 4861 3100 4911 invenitur
3148 4856 3395 4908 καταλει-

1845 4933 2068 5004 πούσης.

2058 5001 2192 5056 Editi
2236 5011 2290 5054 et
2333 5001 2461 5072 Reg.
2494 5001 2682 5072 tertius
2728 4997 2911 5058 Οὐδεὶς
2958 4995 3064 5065 γὰρ
3105 4995 3294 5058 οὓτως.
3330 4997 3396 5047 At

1847 5070 2032 5142 reliqui
2073 5088 2196 5125 mss.
2235 5072 2418 5133 Οὐδεὶς
2445 5071 2498 5123 δὲ
2527 5070 2716 5142 οὓτως.

1918 5133 2026 5214 (59)
2060 5144 2278 5214 ΕιΙὶιίᾷιιι
2328 5159 2456 5214 mss.
2503 5141 2654 5214 multi
2704 5135 3124 5210 προσλαμϐάνει.
3162 5136 3227 5188 At
3265 5133 3392 5202 Reg.

1845 5210 2068 5281 quartus
2108 5212 2509 5284 προλαμϐάνει..
2531 5210 2763 5284 t'ect_i_u_s._
2836 5278 2871 5284 __
3218 5273 3229 5284 .

1917 5285 2029 5354 (60)
2063 5278 2235 5354 Editin
2265 5278 2436 5334 Paris.
2463 5281 2601 5333 οὐδέ.
2632 5281 2804 5333 Editio
2836 5278 2963 5331 Ven.
2988 5285 3041 5329 et
3066 5278 3230 5327 nostri
3267 5288 3392 5326 mss.

1844 5352 2028 5408 omnes
2059 5352 2226 5405 οὐδέν.

1914 5424 2023 5492 (61)
2057 5425 2188 5492 Reg.
2224 5430 2444 5490 quarws
2467 5423 2530 5491 τῇ
2564 5420 2737 5490 οὐσία,
2774 5421 2919 5479 ποῖος
2953 5414 3030 5468 ἔτι
3057 5413 3395 5483 συγχωρήσει

1842 5495 2013 5556 λόγος.

2058 5565 2148 5619 Sic
2176 5563 2322 5617 Colb.
2356 5571 2408 5613 et
2437 5561 2540 5613 duo
2572 5560 2740 5630 Regii.
2775 5559 2925 5620 illud,
2961 5556 3095 5624 μήτε
3131 5553 3312 5621 ὄγκον,
3343 5552 3393 5604 itt

1845 5634 2075 5700 vulgatis
2105 5634 2528 5700 desiderabatur.

1915 5694 2022 5775 (63)
2062 5705 2192 5758 Editi
2223 5703 2408 5772 ἔχοντα
2438 5698 2569 5763 εἶδος
2605 5702 2676 5770 μὴ
2718 5699 2887 5775 ἔχον-τι
2920 5695 3302 5769 παραδάλλειν.
3329 5694 3396 5747 At

1844 5770 1969 5833 mss.
2001 5770 2456 5846 plerique'omncs
2496 5775 2586 5840 ita,
2621 5783 2673 5826 ut
2707 5770 2988 5825 edidimus.
