4084 6318
677 324 782 381 563

1972 335 2030 389 S.
2075 336 2317 391 BASlLll
2361 338 2572 395 MAGNI
3798 344 3892 398 564

673 442 892 496 omnino
945 440 1328 513 incompositus
1379 456 1480 512 est,
1524 447 1931 515 incomposito?
1975 448 2071 501 Hic
2112 465 2232 503 vero

2338 452 2393 504 δὲ
2430 454 2490 506 τὸ
2530 457 2711 524 ὅμοιον
2740 458 2797 511 ἐν
2822 460 2899 528 τῷ
2935 460 3062 511 εἴδει
3087 459 3321 522 τίθεται,
3358 462 3453 511 καὶ
3483 458 3544 510 τὸ
3579 460 3693 511 Esau
3734 462 3794 511 ἐν
3824 464 3893 532 τῷ

670 532 727 587 in
757 532 923 587 forma
962 535 1147 588 Statuit
1184 536 1607 601 similitudinem,
1648 548 1703 592 et
1752 539 1801 590 in
1842 539 1979 593 mole
2026 542 2234 609 aequali-

674 633 835 677 tatem
872 641 887 676 :
920 626 1270 693 quantitatem
1307 637 1480 682 autem
1511 629 1638 697 quid
1671 639 1867 697 praeter
1892 631 2083 684 molem
2118 647 2233 687 esse

671 725 842 785 putet,
881 718 991 786 ipse
1020 732 1149 773 sane
1180 722 1360 787 aptius
1387 722 1718 787 exposuerit.

742 806 872 859 Eua.
909 806 1147 872 Idcirco,
1184 808 1375 877 inquit,
1427 824 1524 863 nec
1567 808 1819 876 aequalis,
1866 825 1962 864 nec
2016 809 2229 877 similis,

672 898 923 965 quoniam
959 908 1013 951 et
1041 900 1338 967 quantitate
1369 910 1517 953 caret
1552 910 1605 953 et
1632 900 1820 952 forma.

740 988 865 1044 BAS.
906 990 1017 1060 Ego
1040 1005 1167 1045 vero
1223 992 1273 1045 iu
1327 995 1427 1046 hoc
1468 993 1582 1060 ipso
1628 1007 1769 1061 pono
1804 992 2229 1049 similitudinem.

669 1078 1130 1147 Quemadmodum
1166 1083 1305 1135 enim
1338 1082 1496 1136 Pater
1534 1083 1667 1137 liber
1694 1094 1775 1138 est
1802 1091 1868 1137 ah
1905 1087 2047 1139 omni
2084 1101 2231 1140 cum-

669 1171 959 1241 positione,
1014 1173 1081 1225 ita
1137 1184 1190 1226 et
1220 1174 1387 1229 Filius
1429 1174 1655 1243 simplex
1691 1176 1908 1229 omnino
1949 1186 2031 1230 est
2070 1188 2230 1245 atque

675 1265 1078 1332 incompositus.
1104 1264 1239 1330 Quin
1276 1266 1435 1319 etiam
1474 1267 1872 1321 similitudinem
1912 1283 2012 1320 non
2036 1282 2230 1323 secun-

672 1356 795 1408 dum
822 1356 1006 1410 fortine
1041 1358 1393 1423 identitatem,
1426 1360 1518 1413 sed
1560 1362 1848 1414 secundum
1887 1363 2057 1431 ipsam
2104 1364 2231 1415 sub-

674 1448 929 1499 Stantiam
954 1449 1181 1518 perspici
1214 1449 1465 1503 arbitror.
1484 1448 1688 1516 Quibus
1721 1454 1861 1507 enim
1892 1452 2062 1507 forma
2099 1453 2231 1523 ligu-

672 1554 841 1608 raque
870 1540 1236 1607 circumjacet.
1268 1542 1335 1595 iis
1361 1543 1653 1596 secundum
1683 1543 1866 1599 formae
1899 1545 2229 1599 identitatcm

672 1632 814 1686 inest
845 1633 1136 1687 similitudo
1166 1652 1179 1687 :
1221 1649 1337 1702 quae
1372 1649 1497 1689 vero
1528 1645 1719 1691 natura
1748 1652 1846 1692 nec
1886 1639 2109 1692 formam
2136 1651 2231 1691 nec

674 1724 899 1792 ﬁguram
922 1725 1174 1790 admittit,
1204 1726 1461 1795 reliquum
1494 1738 1575 1781 est
1604 1738 1660 1782 ut
1705 1729 1755 1781 in
1796 1729 1909 1796 ipsa
1934 1728 2228 1782 subStantia

2334 545 2515 617 ὄγκῳ·
2568 548 2663 619 τὴν
2710 549 2765 602 δὲ
2820 550 3150 620 πηλικότητα
3205 550 3337 621 (64),
3387 552 3415 603 ὃ
3470 568 3521 602 τι
3579 552 3677 602 καὶ
3730 553 3893 605 cista:

2334 639 2485 709 παρὰ
2517 639 2606 692 τὸν
2638 640 2797 708 δγκον
2831 638 2986 705 εἶναι,
3026 642 3186 705 αὐτὸς
3229 642 3295 695 ἂν
3331 642 3663 711 οἰκειότερον
3696 642 3890 713 ἐξηγή-

2335 745 2499 782 σαιτο.

2403 822 2559 876 ΕΥΝ.
2606 823 2704 877 Διὰ
2750 824 2906 879 τοῦτο
2950 826 3071 879 οὔτε
3112 828 3245 890 ἴσος,
3303 825 3487 895 φησιν,
3524 823 3652 876 οὔτε
3687 825 3888 894 ὅμοιος,

2333 912 2515 983 ἐπειδὴ
2544 915 2635 966 καὶ
2663 914 2860 978 ᾰποσός
2890 917 3003 968 ἐστι
3026 918 3118 969 καὶ
3138 915 3392 977 ἀνείδεος.

2400 1004 2544 1057 ΒΑΣ.
2582 1005 2720 1073 Ἐγὼ
2746 1006 2952 1061 δὲοκατ’
2982 1008 3112 1060 αὐτὸ
3137 1007 3292 1060 τοῦτο
3317 1009 3412 1078 τὴν
3430 1010 3735 1077 ὀμοιάτητα
3764 1008 3893 1059 τίθε-

2334 1112 2450 1164 μαι.
2501 1096 2712 1167 Ἐπειδὴ
2755 1098 2938 1170 ὥσπερ
2968 1102 2995 1151 ὁ
3022 1100 3206 1169 Πατὴρ
3236 1100 3509 1169 συνθήκης
3538 1099 3663 1151 ἐστὶ
3716 1098 3892 1165 πάσης

2330 1185 2629 1257 ἐλεύθερος,
2686 1186 2824 1239 οὕτω
2869 1190 2961 1242 καὶ
2989 1192 3017 1242 ὁ
3054 1189 3179 1250 Υἱὸς
3209 1190 3409 1253 ἁπλοῦς
3456 1189 3767 1252 παντελῶς,
3804 1190 3891 1240 καὶ

2329 1276 2642 1342 ἁσύνθετος,
2679 1280 2772 1331 καὶ
2816 1279 2878 1331 τὸ
2922 1281 3122 1347 ὅμοιον,
3158 1282 3230 1351 μὴ
3282 1282 3420 1335 κατὰ
3446 1282 3546 1353 τὴν
3585 1281 3685 1334 τοῦ
3724 1280 3892 1343 εἰδους

2329 1370 2631 1439 ταύτότητα
2671 1369 3014 1441 θεωρεῖσθαι,
3044 1374 3175 1427 ἀλλὰ
3200 1377 3316 1428 κατ’
3351 1375 3519 1445 αὐτὴν
3546 1375 3652 1445 τὴν
3685 1373 3887 1427 οὐσίαν.

2331 1460 2514 1525 ὐσοις
2561 1463 2657 1532 μὲν
2702 1462 2811 1535 γὰρ
2846 1464 3025 1534 μορφὴ
3071 1466 3159 1517 καὶ
3192 1468 3371 1536 σχῆμα
3410 1468 3747 1537 περίκειται,
3781 1463 3893 1516 τού-

2329 1569 2459 1616 τοις,
2495 1555 2634 1607 κατὰ
2666 1554 2764 1626 τὴν
2803 1556 3103 1624 ταύτότητα
3134 1556 3224 1607 τοῦ
3273 1558 3441 1621 εἴδους
3463 1600 3477 1621 ,
3524 1560 3555 1627 η
3598 1557 3889 1627 ὁμοιότης’

2330 1645 2426 1713 τὴν
2452 1645 2507 1697 δὲ
2555 1646 2787 1699 ἀνείδεον
2816 1646 2910 1699 καὶ
2948 1646 3345 1716 ἀσχημάτιστον
3379 1649 3539 1716 φύσιν
3567 1651 3629 1700 ὲν
3663 1650 3805 1717 αὐτῇ
3830 1648 3889 1714 τῇ

2329 1735 2485 1805 οὐσίᾳ
2512 1736 2756 1789 λείπεται
2783 1736 2928 1806 ἔχειν
2948 1737 3045 1807 τὴν
3078 1736 3366 1806 ὁμοιότητα
3394 1754 3406 1766 ο
3447 1738 3542 1789 καὶ
3576 1738 3641 1789 τὸ
3673 1739 3788 1789 ἴσον
3821 1737 3891 1806 μὴ

672 1812 869 1869 habeat
905 1815 1328 1884 similitudinem,
1362 1819 1720 1887 aequalitatem
1747 1833 1875 1875 vero
1901 1836 2004 1874 non
2030 1820 2080 1874 in
2106 1835 2232 1874 mo—

2331 1828 2387 1878 ἐν
2417 1829 2481 1895 τῇ
2513 1825 2616 1880 τῶν
2644 1827 2820 1896 ὄγκων
2844 1828 3273 1898 παραμετρήσει,
3301 1825 3411 1878 ἀλλ’
3434 1830 3493 1879 ὲν
3514 1831 3580 1898 τῇ
3602 1826 3891 1896 ταύτότητι

672 1903 739 1958 Ιῖε
767 1905 1117 1973 dimensione,
1147 1910 1237 1963 sed
1269 1910 1320 1963 in
1350 1911 1589 1977 potentia
1617 1910 1900 1989 ixlentitate
1935 1912 2226 1981 possideat.

670 1993 938 2058 Christus,
969 1996 1160 2065 inquit,
1183 2000 1273 2051 Dei
1300 2000 1554 2068 potentia,
1576 2010 1629 2053 et
1657 2000 1745 2054 Dei
1768 2001 2084 2068 sapientia‘,
2120 2010 2229 2054 tota

672 2087 921 2141 videlicet
950 2098 1175 2158 paterna
1206 2099 1466 2157 potestate
1511 2093 1564 2145 in
1600 2093 1714 2161 ipso
1755 2093 2045 2145 residente.
2083 2090 2231 2145 Unde

673 2194 1007 2249 quaecunque
1030 2183 1171 2237 videt
1198 2182 1411 2239 Patrem
1442 2184 1749 2251 facientem,
1772 2199 1834 2238 ea
1867 2193 1919 2238 et
1958 2182 2123 2237 Filius
2157 2182 2232 2237 si-

672 2270 867 2324 militer
890 2270 1071 2327 facit”.

744 2363 875 2418 Eun.
912 2364 1016 2420 Sed
1046 2366 1358 2430 similitudo,
1392 2366 1584 2436 inquit,
1616 2382 1733 2436 quae
1775 2366 2067 2420 secundum
2102 2366 2230 2422 sub-

674 2458 922 2512 stantiam
959 2466 1061 2523 est,
1100 2467 1192 2512 aut
1221 2459 1573 2526 comparatio,
1611 2467 1701 2509 aut
1727 2458 2102 2520 communitas,
2135 2472 2227 2510 ne-

673 2565 778 2620 que
804 2551 1200 2618 prmstantiam,
1244 2562 1415 2618 neque
1466 2548 1820 2602 ditl‘erentiam
1855 2547 2015 2601 ullam
2066 2550 2229 2603 relin-

673 2657 865 2711 quens,
896 2640 1254 2711 aequalitatem
1280 2650 1460 2710 aperte
1488 2640 1668 2695 etlicit.

748 2735 868 2787 Bas.
894 2733 1170 2800 Quomodo
1221 2733 1378 2801 igitur
1428 2732 1782 2787 diﬂ‘crentiam
1835 2731 2030 2786 nullam
2068 2731 2230 2785 relin-

675 2824 809 2891 quit,
837 2838 901 2875 ne
926 2837 1043 2876 eam
1076 2824 1312 2891 quidem,
1338 2836 1456 2891 qua:
1496 2823 1673 2877 causis
1700 2823 1839 2878 inest
1868 2838 1990 2877 cum
2021 2822 2087 2878 iis
2113 2836 2231 2893 qua:

675 2931 743 2969 ex
777 2914 904 2982 ipsis
938 2921 1064 2967 sunt
1092 2914 1115 2967 ?
1143 2911 1429 2983 Subjungit
1469 2924 1649 2983 postea
1676 2931 1691 2968 :

744 3004 877 3059 Eun.
906 3002 1035 3069 Quis
1065 3012 1240 3058 autem
1272 3006 1345 3058 ita
1377 3005 1602 3059 stolidus
1638 3014 1741 3066 est,
1773 3002 1855 3059 vel
1884 3005 1950 3058 ad
1986 3004 2231 3072 impieta-

675 3110 782 3155 tem
815 3102 885 3154 ita
916 3099 1109 3164 audax,
1136 3107 1192 3153 ut
1219 3102 1477 3169 aequalem
1508 3100 1652 3154 Patri
1688 3100 1879 3155 Filium
1908 3099 2093 3155 dicat?

744 3194 864 3247 ΒΑει.
901 3193 981 3247 Ad
1030 3192 1142 3246 hanc
1189 3190 1432 3246 dicamus
1473 3191 1521 3247 ei
1567 3191 1653 3246 illa
1698 3188 2229 3262 prophetae:Facies

674 3285 958 3339 meretricis
1022 3284 1162 3351 facta
1205 3294 1277 3337 est
1332 3285 1459 3349 tibi;
1500 3285 1720 3337 amisisti
1768 3286 2016 3353 pudorem
2070 3282 2230 3354 235

676 3392 798 3444 erga
828 3391 1001 3431 omnes
1042 3378 1081 3430 ⁸.
1118 3376 1327 3431 Etenim
1355 3384 1411 3428 ut
1448 3376 1549 3428 illa:
1586 3377 1696 3429 suis
1748 3376 1979 3444 ipsarum
2023 3378 2231 3443 probris

677 3480 824 3522 caste
847 3469 1083 3524 viventes
1109 3478 1416 3539 aspergunt,
1439 3469 1507 3521 ita
1540 3468 1622 3523 hic
1645 3483 1857 3539 quoque
1884 3485 1975 3523 eos
2001 3468 2093 3538 qui
2120 3483 2231 3521 ma-

674 3559 920 3628 iestatem
965 3562 1236 3632 Unigeuiti
1285 3562 1627 3631 magniﬁcare
1657 3565 1893 3632 cupiunt,
1930 3562 2151 3617 stolidos
2179 3570 2233 3615 et

678 3657 742 3708 ad
772 3656 1094 3724 impietatem
1127 3660 1354 3710 audaces
1384 3666 1555 3718 vocat,
1593 3658 1779 3711 iisdem
1823 3656 2078 3717 otl‘ensus,
2111 3657 2231 3723 qui-

681 3751 775 3801 hus
810 3758 863 3800 et
889 3746 1053 3801 Juin
1083 3748 1557 3813 exacerbabantur,
1585 3749 1817 3801 dicentes
1846 3758 1969 3802 tunc
1999 3746 2234 3817 :quua-

680 3840 777 3893 lem
806 3840 1032 3906 seipsum
1058 3841 1183 3907 facit
1224 3841 1322 3894 Deo
1353 3841 1393 3894 ⁷.

751 4013 841 4067 ‘24.
877 4012 940 4066 Et
977 4022 1123 4068 certe
1155 4012 1372 4083 (nemini
1406 4015 1647 4068 videatur
1690 4016 1879 4067 mirum
1915 4015 2053 4084 quod
2092 4016 2233 4083 dico)

681 4103 754 4157 illi
786 4105 1176 4170 quodammodo
1223 4106 1659 4174 consequentiam
1713 4119 1889 4157 rerum
1921 4106 2086 4172 magis
2116 4120 2236 4171 per-

682 4196 891 4263 spicere
924 4195 1259 4249 videbantur.
1288 4196 1418 4250 Nam
1453 4212 1591 4267 aegre
1619 4196 1858 4251 ferebant
1897 4198 2037 4266 quod
2070 4197 2234 4250 Deum

682 4288 895 4342 Patrem
926 4303 1079 4342 suum
1109 4288 1467 4357 appellaret“:
1504 4294 1639 4345 hanc
1676 4291 1797 4344 inde
1828 4306 1855 4342 a
1896 4291 2086 4346 seiusis
2117 4306 2238 4344 con-

683 4381 1012 4435 secutionem
1072 4381 1403 4451 colligentes,
1456 4382 1597 4450 quod
1662 4382 1761 4437 hoc
1823 4391 1977 4452 pacto
2041 4380 2238 4437 faceret

684 4473 941 4540 aiqualem
973 4488 1031 4527 se
1056 4474 1200 4540 Deo;
1233 4474 1383 4538 quasi
1417 4474 1718 4529 necessario
1744 4483 2015 4543 sequatur,
2057 4476 2099 4528 si
2131 4472 2233 4527 Pa-

687 4577 819 4618 trem
868 4565 1061 4620 habeat
1105 4566 1296 4628 Deum,
1331 4566 1439 4621 Deo
1471 4568 1725 4620 aequalem
1761 4580 1896 4621 esse.
1942 4566 2231 4621 Eunomius

684 4667 883 4715 autem,
922 4654 1072 4723 prius
1121 4654 1245 4708 illud
1295 4657 1611 4717 concedens,
1660 4658 1920 4723 posterius
1956 4666 2133 4725 negat,
2168 4673 2230 4712 ac

684 4748 892 4802 Domini
919 4762 1101 4802 vocem
1127 4748 1308 4814 objicit
1329 4748 1503 4815 nobis,
1528 4750 1751 4803 dicentis
1786 4767 1798 4801 :
1834 4747 2014 4812 Pater,
2038 4749 2125 4816 qui
2154 4766 2233 4803 me

758 4880 817 4933 ‘I
842 4882 967 4936 Cur.
1000 4899 1040 4948 ι,
1075 4882 1165 4936 24.
1242 4884 1261 4914 ⁵
1290 4882 1447 4938 Joan.
1476 4898 1526 4945 ν,
1563 4883 1649 4936 19.
1726 4884 1744 4913 ⁶
1780 4879 1977 4936 Jerem.
2012 4898 2092 4945 Ill,
2118 4883 2171 4935 5.

756 5107 864 5171 (Gl)
896 5107 1210 5162 Eunomium
1248 5108 1384 5159 ridet
1414 5105 1663 5164 Basilius,
1692 5106 1842 5173 quasi
1896 5106 2036 5159 dicat
2063 5124 2074 5159 :
2106 5105 2231 5158 Phi-

688 5178 1031 5244 losophorum
1089 5178 1563 5245 praestantissimus
1612 5176 1905 5229 Eunomius
1950 5176 2236 5244 distinguit

691 5248 883 5300 molem
938 5262 966 5298 a
1014 5248 1331 5312 quantitate.
1382 5247 1536 5299 Dicat
1585 5256 1761 5300 autem
1808 5246 1963 5299 velim
2010 5246 2137 5315 quid
2168 5247 2237 5298 sit

689 5316 1011 5370 discriminis
1040 5319 1178 5369 inter
1207 5316 1504 5382 utraqu’e.

762 5386 1121 5457 (65)_Cod_ices
1156 5383 1912 5457 aliquntépydzatat.Ibidem
1946 5400 2075 5438 mss.
2108 5394 2236 5451 tres,

690 5455 813 5519 Πῶς
846 5452 954 5509 οὖν.
988 5455 1099 5510 Vox
1135 5452 1318 5508 ultima
1354 5452 1500 5511 deest
1529 5461 1579 5509 in
1616 5455 1850 5509 excusis.
1887 5457 1959 5509 Ex
1995 5457 2075 5508 his
2106 5470 2237 5507 cnti-

692 5536 798 5578 stat
842 5528 1055 5594 aliquod
1106 5526 1421 5580 diﬁerentite
1456 5543 1623 5593 genus
1671 5526 1721 5578 in
1768 5524 1924 5579 Patre
1964 5535 2017 5577 et
2048 5524 2183 5579 Filio
2209 5542 2240 5579 a

693 5595 909 5657 Basilio,
942 5611 1084 5650 more
1112 5607 1165 5650 et
1191 5597 1432 5664 exemplo
1464 5596 1677 5649 Patrum
1712 5594 2043 5658 Grmcorum,
2085 5596 2241 5664 plane

694 5668 943 5731 agnosci;
991 5668 1145 5733 quale
1175 5676 1256 5720 est
1284 5667 1566 5728 videlicet,
1598 5668 1739 5733 quod
1789 5667 2054 5718 invenitur
2102 5667 2240 5718 inter

702 5750 913 5790 causam
940 5747 993 5792 et
1024 5739 1075 5792 id
1123 5736 1262 5805 quod
1289 5737 1355 5791 ab
1394 5752 1453 5792 ea
1484 5746 1584 5803 est,
1619 5745 1708 5790 aut
1750 5736 1907 5806 quale
1954 5746 2056 5801 cst,
2099 5736 2237 5806 quod

2247 4884 2265 4913 ⁷
2293 4883 2448 4939 Joau.
2482 4900 2543 4949 v,
2576 4884 2661 4938 l8.

2329 1919 2432 1987 τῆς
2488 1918 2784 1988 δυνάμεως.
2822 1921 3073 1990 Χριστὸς,
3124 1918 3275 1989 φησὶ,
3325 1917 3459 1970 Θεοῦ
3494 1919 3749 1989 δύναμις,
3801 1919 3892 1971 καὶ

2330 2010 2463 2064 Θεοῦ
2498 2012 2654 2079 σοφία
2677 2028 2689 2040 '
2719 2012 2843 2081 ὅλης
2870 2014 2965 2083 τῆς
2996 2013 3262 2083 πατρικῆς
3296 2011 3579 2081 δυνάμεως
3608 2014 3892 2064 ἐνατωκει-

2335 2101 2501 2171 μένης
2547 2100 2695 2171 αὑτῷ
2738 2101 2992 2170 δηλονότι.
3025 2104 3181 2155 Ὅθεν
3216 2104 3424 2173 ὅσαπερ
3471 2101 3538 2154 ἂν
3594 2100 3773 2174 βλέπῃ
3803 2102 3890 2154 τὸν

2332 2191 2548 2263 Πατέρα
2573 2190 2848 2256 ποιοῦντα,
2865 2192 3034 2245 ταῦτα
3065 2195 3156 2246 καὶ
3183 2197 3211 2247 ὁ
3236 2194 3362 2258 Υἱὸς
3383 2193 3585 2264 ὁμοίως
3624 2194 3790 2244 ποιεῖ.

2397 2368 2554 2420 ΕΥΝ.
2603 2368 2801 2437 Ἀλλ’ή
2856 2370 2974 2421 κατ’
3010 2367 3214 2429 οὐσίαν,
3269 2368 3454 2440 φησὶν,
3516 2367 3799 2438 ὁμοιότης,
3858 2366 3888 2436 ἢ

2331 2460 2633 2530 σύγκρισις,
2665 2461 2697 2530 ἢ
2725 2461 2996 2523 κοινωνία,
3032 2460 3295 2533 μηδεμίαν
3333 2463 3609 2531 ὑπεροχὴν
3641 2460 3675 2531 ἢ
3712 2460 3893 2525 διαφο-

2333 2550 2430 2620 ρὰν
2447 2550 2858 2614 καταλείπουσα,
2890 2552 3106 2622 ἰσότητα
3140 2552 3323 2621 σαφῶς
3349 2552 3727 2621 ἀπεργάζεται
3758 2551 3888 2621 (65).

2399 2728 2545 2780 ΒΑΣ.
2589 2725 2711 2789 Πῶς
2735 2720 2826 2779 οὖν
2848 2726 3100 2795 οὐδεμίαν
3120 2727 3378 2797 διαφορὰν
3402 2728 3744 2789 καταλείπει,
3776 2726 3893 2781 οὑᾶ

2326 2820 2426 2891 τὴν
2476 2822 2588 2883 τοῖς
2616 2817 2807 2882 αἰτίοις
2849 2818 2985 2889 πρὸς
3032 2818 3097 2870 τὰ
3127 2816 3186 2881 ἐξ
3215 2819 3391 2870 αὐτῶν
3434 2822 3888 2892 ὲνυπάρχουσανς

2330 2908 2464 2966 Εἶτα
2496 2913 2692 2979 ἐπάγει
2713 2930 2723 2941 ·

2399 3005 2557 3058 ΕΥΝ.
2584 3006 2679 3067 Τίς
2705 3004 2760 3057 δὲ
2787 3003 2958 3066 οὕτως
2988 3003 3231 3073 ἀνόητος,
3262 3003 3295 3071 ἢ
3328 3000 3464 3072 πρὸς
3488 3002 3746 3054 ἁσέὸειαν
3780 3003 3893 3054 τολ-

2336 3098 2526 3168 μηρὸς,
2548 3097 2687 3150 ὥστε
2722 3096 2833 3150 ἴσον
2860 3099 3034 3151 εἰπεῖν
3056 3096 3146 3149 τὸν
3170 3095 3295 3148 Υἱδν
3321 3095 3400 3166 τῷ
3421 3096 3598 3166 Πατρί
3619 3113 3635 3161 ;

2256 3158 2299 3215 C
2337 3158 2347 3164 ‘
2579 3189 2829 3258 Εἴπωμεν
2858 3188 3004 3258 αὑτῷ
3030 3188 3097 3241 τὰ
3123 3184 3216 3239 τοῦ
3234 3158 3513 3260 προιέήτου
3701 3186 3887 3239 ταῦτα·

2332 3280 2434 3340 ὅτι,
2463 3280 2640 3344 Ὀψις
2659 3280 2885 3345 πόρνης
2911 3277 3145 3345 ἐγένετό
3170 3292 3287 3329 σοι·
3313 3278 3891 3347 ἀπηναισχύντησας

2330 3371 2477 3438 πρὸς
2507 3370 2753 3435 πάντας.
2786 3369 2895 3421 Καὶ
2935 3368 3044 3438 γὰρ
3095 3372 3294 3422 ἐκεῖναι
3338 3373 3407 3424 τὰ
3450 3371 3663 3425 ἑαυτῶν
3722 3370 3891 3437 ὀνείδη

2329 3464 2439 3524 τοῖς
2472 3458 2681 3530 σεμνῶς
2712 3458 2999 3529 βεϐιωκόσι
3022 3459 3456 3531 προπρίὸονται·
3484 3464 3578 3513 καὶ
3600 3458 3757 3523 οὗτος
3773 3462 3891 3522 τοὺς

2330 3554 2426 3620 τὴν
2456 3551 2610 3615 δόξαν
2636 3552 2728 3604 τοῦ
2757 3551 3092 3619 Μονογενοῦς
3140 3549 3458 3621 μεγαλύνειν
3491 3552 3890 3621 ἐπιθυμοῦντα-ς

2330 3646 2587 3716 ἀνοήτους
2634 3644 2897 3697 ἀποκαλεῖ
2938 3645 3031 3697 καὶ
3076 3645 3210 3714 πρὸς
3255 3643 3507 3697 ἀσέὅειαν
3552 3644 3887 3714 τολμηροὺς,

2330 3736 2421 3787 ἐπὶ
2442 3738 2551 3797 τοῖς
2577 3735 2755 3796 αὐτοῖς
2781 3734 3137 3804 χαλεπαίνων,
3165 3732 3341 3803 ἐφόἷς
3367 3736 3462 3788 καὶ
3490 3736 3737 3789 Ἰουδαῖοι
3754 3753 3890 3808 παρ·

2329 3829 2591 3893 ωξύνοντο
2644 3825 2944 3897 τηνικαῦτα
3001 3825 3248 3893 λέγοντες
3311 3828 3415 3889 ὅτι,
3454 3828 3634 3880 Ἴσον
3680 3828 3893 3881 ἑαυτὸν

2333 3918 2488 3974 ποιεῖ
2505 3917 2583 3984 τῷ
2617 3918 2752 3983 Θεῷ.

2401 4011 2490 4065 24.
2521 4010 2709 4064 Καίτοι
2735 4026 2795 4077 γε
2833 4010 2946 4077 (καὶ
2979 4008 3163 4081 μηδενὶ
3192 4008 3487 4080 παράδοξον
3514 4010 3576 4063 τὸ
3604 4010 3889 4080 λεγόμενον

2331 4104 2475 4175 δόξῃ)
2504 4102 2700 4171 μᾶλλόν
2742 4120 2855 4165 πως
2886 4103 3099 4155 ἐδόκουν
3128 4104 3320 4153 ἐκεῖνοι
3348 4104 3408 4155 τὸ
3438 4103 3730 4155 ἀκόλουθον
3780 4106 3892 4156 ἐπι-

2334 4200 2571 4251 ϐλέπειν.
2607 4199 2974 4265 Ἦγανάκτουν
3020 4198 3146 4265 γὰρ,
3171 4198 3250 4248 ὅτι
3272 4199 3487 4266 Πατέρα
3514 4200 3713 4251 ἑαυτοῦ
3743 4201 3889 4266 ἔλεγε

2333 4295 2422 4346 τὸν
2452 4292 2581 4345 Θεὸν
2608 4308 2620 4319 ·
2652 4292 2709 4343 τὸ
2748 4290 2942 4357 ἐφεξῆς
2972 4290 3062 4356 ἀφ’
3098 4287 3303 4340 ἑαυτῶν
3329 4288 3791 4358 συλλογιζόμενοι,
3815 4292 3891 4343 ὅτι

2332 4384 2422 4438 διὰ
2484 4383 2672 4435 τούτου
2730 4381 2841 4433 ἴσον
2898 4380 3087 4433 ἑαυτὸν
3138 4383 3279 4432 ποιεῖ
3335 4379 3444 4449 (66)
3506 4382 3584 4452 τῷ
3636 4382 3791 4451 62(9-
3822 4384 3892 4445 ὡς

2336 4476 2645 4545 ἀναγκαίως
2679 4473 2943 4545 ἑπομένου
2976 4472 3052 4540 τῷ
3082 4473 3293 4542 Πατέρα
3340 4472 3482 4543 ἔχειν
3511 4474 3601 4525 τὸν
3631 4475 3765 4526 Θεὸν
3804 4474 3889 4526 τοῦ

2338 4552 2452 4622 ἴσον
2475 4568 2582 4638 (67)
2611 4568 2870 4637 ὑπάρχειν
2905 4565 3068 4635 αὐτῷ.
3088 4566 3144 4617 Ὁ
3168 4565 3243 4625 δὲ,
3274 4565 3333 4615 τὸ
3357 4564 3572 4633 πρῶτον
3598 4567 3890 4634 συγχωρῶν

2335 4660 2517 4729 δῆθεν,
2553 4659 2686 4729 πρὸς
2719 4658 2778 4708 τὸ
2807 4655 3056 4724 δεύτερον
3097 4655 3365 4711 ἀνανεύει.
3399 4658 3494 4708 καὶ
3524 4658 3623 4725 τὴν
3658 4657 3752 4708 τοῦ
3788 4659 3892 4709 Κυ-

2337 4753 2450 4822 ρίου
2479 4751 2659 4820 φωνὴν
2687 4752 2817 4818 ἡμῖν
2853 4746 3207 4819 προϐάλλεται
3255 4748 3497 4811 εἰπόντος
3518 4764 3535 4780 ο
3582 4750 3637 4801 Ὀ
3672 4749 3887 4817 Πατὴρ,

2737 4882 2758 4914 ⁸
2790 4882 2916 4937 ibid.

2335 5107 2599 5175 reperitur
2637 5108 2778 5162 inter
2817 5106 3140 5175 principium
3184 5116 3235 5160 et
3267 5106 3315 5159 id
3348 5107 3489 5175 quod
3535 5108 3604 5161 ab
3633 5124 3701 5163 eo
3736 5110 3888 5175 origi-

2337 5194 2455 5230 nem
2486 5179 2661 5232 trahit.
2695 5178 2796 5229 Sed
2827 5177 2951 5230 illud
2976 5176 3283 5231 ttiﬂerentiae
3307 5193 3477 5243 genus
3507 5190 3719 5231 natura:
3748 5182 3889 5233 itlt‘n'

2338 5250 2543 5300 titatcm
2578 5249 2629 5301 in
2668 5246 2824 5300 Patre
2856 5256 2910 5301 et
2942 5245 3077 5301 Filio
3122 5263 3227 5302 non
3267 5249 3522 5311 destruit,
3577 5248 3690 5304 imo
3722 5250 3889 5304 ﬁrmat

2338 5332 2389 5371 et
2420 5319 2748 5371 Cuttslubilit.

2408 5387 2519 5452 (66)
2562 5388 2695 5439 Editi
2729 5386 2917 5439 ἐποίει.
2946 5385 3013 5440 At
3041 5402 3169 5441 mss.
3199 5389 3359 5440 ποιεῖ.

2410 5456 2518 5527 (67)
2558 5456 2705 5527 Editi
2727 5457 2786 5509 τὸ
2832 5458 2964 5527 ἴσον.
3003 5458 3159 5510 male.
3192 5459 3367 5510 Codex
3398 5456 3751 5512 Colbertinus
3775 5474 3887 5511 cum

2343 5525 2549 5580 iluuhus
2582 5526 2763 5594 liegiis
2786 5525 2879 5578 τοῦ
2915 5526 3045 5588 ἴσον,
3086 5528 3412 5596 bene:quod
3444 5542 3502 5579 ut
3529 5529 3723 5582 melius
3748 5529 3890 5581 intel-

2342 5597 2559 5663 ligatur,
2583 5597 2713 5648 ordo
2740 5600 3017 5649 vcrhornm
3048 5598 3123 5650 sic
3155 5598 3519 5650 itnmutnudus
3544 5610 3648 5662 est,
3674 5600 3764 5651 τοῦ
3790 5600 3889 5650 ἴσον

2342 5666 2601 5737 ὑπάρχειν
2634 5666 2776 5737 αὐτῷ
2810 5666 3069 5719 ὲποιιένου
3097 5665 3173 5736 τῷ
3198 5666 3417 5737 Πατέρα
3449 5667 3596 5738 ἔχειν
3630 5670 3718 5724 τὸν
3751 5670 3886 5722 Θεὸν.
