4084 6318
183 380 300 433 565

1287 381 1657 439 ADVERSUS
1696 378 2062 437 EUNOMIUM
2101 379 2227 435 LIB.
2271 378 2288 431 Ι

3289 379 3392 433 566

179 504 219 551 ὁ
259 497 369 569 (68)
417 500 654 567 πέμψας
674 517 768 568 με,
794 498 1000 570 μείζων
1020 520 1138 571 μου
1166 503 1299 556 ἐστί
1314 520 1327 532 '
1358 503 1451 556 τοῦ
1494 503 1548 555 δὲ
1590 503 1734 556 Ἀπο-

1847 500 2003 563 misit,
2039 498 2208 565 major
2235 513 2312 549 me
2342 504 2414 549 est
2439 498 2459 528 ⁹
2490 511 2504 548 :
2547 508 2644 547 nec
2667 492 2815 547 audit
2841 489 3172 562 Apostolum,
3205 493 3296 561 qui
3318 492 3398 544 di-

182 591 379 644 στόλου
405 590 650 660 λέγοντος
680 593 778 645 οὐκ
805 593 988 646 ἀκούει
1013 593 1120 663 (69)
1153 595 1254 659 ὅτι,
1286 595 1397 664 Οὐχ
1446 595 1732 665 ἁρπαγμὸν

178 683 434 751 ἡγήσατο
456 680 515 733 τὸ
540 676 677 735 εἶναι
712 681 800 735 ἴσα
842 682 977 753 Θεῷ.
1011 683 1116 755 (70)
1148 684 1339 736 Καίτοι
1368 686 1417 736 εἰ
1464 684 1605 737 κατὰ
1643 683 1733 735 τὸν

180 774 286 827 σὸν
315 776 526 845 λόγονή
569 776 859 847 ἀγεννησία
908 777 1062 829 οὐσία
1111 771 1209 846 ἦν,
1266 776 1509 830 ἐϐούλετο
1545 776 1598 828 δὲ
1634 777 1732 847 τὴν

182 868 307 920 κατ’
330 868 510 919 οὐσίαν
538 867 804 938 ὑπεροχὴν
844 867 1124 931 ἐπιδεῖξαι,
1164 864 1314 921 εἶπεν
1341 868 1404 921 ἄν
1428 885 1438 896 ·
1489 868 1543 918 '0
1573 867 1731 934 ἀγέν-

179 976 346 1027 νητος
373 960 566 1029 μείζων
600 978 698 1029 μου
730 960 894 1012 ἐστίν.
938 960 1231 1033 ’Υμέτερος
1261 960 1317 1013 δέ
1344 964 1486 1013 ἐστιν
1507 961 1535 1011 ὁ
1554 956 1727 1026 λόγος,

176 1049 272 1101 ὃτι
321 1055 353 1119 ή
390 1050 478 1102 τοῦ
519 1050 728 1120 Πατρὸς
776 1051 1112 1123 προσηγορία
1164 1051 1439 1122 ἐνεργείας
1491 1050 1607 1101 ἐστὶ
1639 1049 1731 1101 καὶ

178 1142 289 1193 οὐκ
337 1142 521 1203 οὐσίας
566 1143 894 1212 σημαντικὴ.
946 1142 1181 1206 Μείζονα
1232 1137 1323 1195 οὖν
1365 1142 1608 1210 λέγοντες
1636 1141 1728 1193 τοῦ

178 1232 319 1285 Υξοῦ
346 1233 433 1286 τὸν
464 1232 696 1302 Πατέρα,
724 1231 946 1302 μείζονα
975 1232 1067 1285 τοῦ
1091 1233 1248 1303 ἔργου
1283 1233 1415 1301 φατὲ
1453 1235 1551 1301 τὴν
1582 1234 1730 1302 ἐνέρ-

174 1340 363 1391 γειαν.
394 1323 547 1375 Πᾶσα
580 1321 635 1374 δὲ
664 1323 829 1393 δήπου
875 1323 983 1392 (71)
1036 1323 1282 1394 ἐνέργεια
1330 1324 1612 1393 συμϐαίνει
1655 1321 1731 1392 τῷ

180 1414 374 1485 μέτρῳ
408 1415 515 1475 τοῖς
567 1413 623 1479 ἐξ
662 1414 829 1482 αὐτῆς
860 1415 1191 1485 γινομένοιςο
1229 1418 1320 1469 καὶ
1379 1417 1583 1487 μεγάλη
1635 1416 1729 1483 μὲν

175 1504 293 1557 τῶν
328 1504 568 1573 μεγάλων
614 1503 787 1576 ἔργων
830 1505 962 1569 ἐστὶ,
1001 1508 1203 1577 σμικρὰ
1230 1507 1285 1559 δὲ
1314 1507 1421 1559 τῶν
1449 1505 1731 1578 σμικροτέ-

177 1611 315 1663 ρων.
354 1594 424 1646 Τὸ
474 1590 564 1647 οὖν
611 1596 828 1666 μείζονα
881 1595 973 1648 τοῦ
1009 1597 1137 1649 Υίοῦ
1183 1598 1270 1649 τὸν
1328 1597 1543 1668 Πατέρα
1594 1595 1731 1649 κατὰ

172 1685 370 1737 τοῦτον
399 1686 487 1738 τὸν
536 1686 691 1755 λόγον
733 1686 1012 1756 ὁμολογεῖν
1063 1688 1212 1740 οὐδὲν
1261 1688 1441 1759 ἕτερον
1495 1688 1729 1758 ὲστιν,ῆ

172 1776 529 1847 ἀσύμμετρον
564 1777 639 1847 τῷ
692 1776 834 1848 ἔργῳ
884 1776 1123 1831 τίθεσθαι.
1169 1780 1263 1849 τὴν
1311 1780 1605 1850 ἐνέργειαν,
1642 1780 1733 1831 καὶ

1834 592 1909 646 cit
1945 591 2084 659 quod
2112 603 2215 641 non
2251 588 2491 656 rapinam
2536 586 2831 640 arbitratus
2861 585 2934 640 sit
2970 600 3087 640 esse
3116 600 3175 639 se
3214 600 3398 655 aequa-

1830 684 1932 738 lem
1986 684 2094 738 Deo
2139 684 2204 737 ¹⁰.
2247 682 2407 751 Atqui
2434 684 2501 744 si,
2557 692 2617 735 ut
2675 681 2827 743 dicis,
2876 679 3210 751 ingeneratio
3266 680 3397 734 sub-

1832 774 2025 828 stantia
2067 781 2231 838 esset,
2263 772 2624 839 voluissetque
2679 771 3041 841 praestantiam
3097 770 3393 825 secundum

1831 863 2190 918 substantiam
2241 861 2544 923 ostendere,
2582 859 2807 915 dixisset
2856 859 3084 929 utique:
3119 857 3394 928 lngenitus

1830 954 2000 1023 major
2033 968 2116 1007 me
2140 963 2244 1007 est.
2277 951 2409 1005 Nam
2435 951 2700 1005 sententia
2728 961 2903 1006 vestra
2936 954 3049 1005 haec
3084 961 3188 1019 est,
3221 952 3395 1007 Patris

1830 1045 2188 1114 appellatione
2204 1044 2564 1114 Operationem
2584 1058 2687 1097 non
2706 1041 3059 1095 substantiam
3077 1042 3392 1113 signiﬁcari.

1828 1135 2015 1205 Itaque
2036 1151 2156 1189 cum
2188 1135 2367 1189 dicitis
2402 1134 2614 1188 Patrem
2650 1133 2787 1187 Filio
2819 1134 3097 1202 majorem,
3123 1137 3395 1203 operatio-

1828 1243 1947 1282 nem
1980 1241 2141 1297 opere
2187 1226 2443 1295 majorem
2485 1227 2685 1281 dicitis.
2733 1226 2923 1281 Omnis
2957 1229 3098 1281 enim
3129 1229 3389 1297 operatio.

1828 1323 2175 1391 proportione
2211 1320 2528 1385 servata,iis
2558 1334 2674 1388 quae
2700 1334 2762 1374 ex
2798 1320 2887 1373 illa
2920 1321 3073 1386 ﬁunt,
3105 1313 3393 1391 congruit;

1827 1426 1881 1468 et
1923 1428 2112 1480 magna
2143 1413 2358 1481 quidem
2385 1427 2692 1481 magnorum
2712 1427 2932 1480 operum
2949 1421 3050 1477 est,
3073 1429 3238 1482 parva
3265 1429 3393 1471 vero

1829 1506 2115 1558 minorum.
2150 1504 2383 1557 Proinde
2407 1504 2660 1573 majorem
2697 1503 2832 1558 Filio
2859 1503 3067 1558 Patrem
3100 1506 3203 1560 hoc
3233 1507 3392 1562 modo

1829 1595 2092 1660 conﬁteri,
2127 1595 2258 1648 nihil
2289 1596 2430 1647 aliud
2455 1604 2558 1657 est,
2581 1610 2741 1664 quam
2775 1595 3212 1664 incongruentem
3237 1598 3389 1666 operi

1830 1685 2193 1755 Operationem
2229 1694 2485 1752 statuere,
2517 1696 2572 1738 et
2622 1686 2801 1740 dicere
2856 1688 3054 1742 frustra
3117 1688 3281 1741 Deum
3322 1690 3390 1743 ad

1833 1779 2163 1847 operationis
2189 1778 2610 1848 magnitudinem
2636 1790 2961 1833 commotum
2985 1795 3260 1845 esse,cnm
3283 1795 3391 1836 non

175 1867 363 1936 μάτην
397 1867 619 1936 φάσκειν
650 1868 783 1939 πρὸς
818 1870 877 1920 τὸ
912 1870 1021 1939 (72)
1062 1870 1159 1939 τῆς
1189 1871 1466 1942 ἐνεργείας
1511 1871 1733 1941 μέγεθος

1835 1871 2067 1940 potuerit
2099 1870 2352 1925 effectum
2380 1872 2679 1941 Operationi
2718 1874 3015 1941 adaequare.
3054 1873 3233 1938 Quare
3253 1874 3390 1929 dun-

168 1956 272 2009 τὸν
292 1958 419 2010 Θεὸν
443 1957 778 2028 κεκινῆσθαι,
810 1960 869 2012 οὐ
900 1960 1188 2031 δυνηθέντα
1215 1965 1276 2033 τῇ
1303 1963 1550 2032 ἐνεργείᾳ
1598 1981 1732 2033 παρ-
1759 1968 1762 1971 ’

172 2048 451 2103 ισῶσαιτὸ
478 2050 625 2114 τέλος
662 2054 821 2105 Ὥστε
850 2053 910 2106 τὸ
933 2054 1115 2125 ἕτερον
1138 2056 1249 2107 τοῖν
1279 2055 1421 2108 δυοῖν
1454 2056 1731 2125 (75)ἀναγ-

168 2143 352 2206 καίως
372 2144 735 2197 διαπεσεῖται”
778 2146 809 2216 ἢ
847 2147 920 2216 μὴ
956 2144 1144 2216 δηλοῦν
1178 2147 1454 2217 ἐνέργειαν
1491 2148 1580 2201 τὸν
1612 2150 1727 2201 Πα-

166 2238 332 2308 τέρα,
390 2236 523 2290 ἀλλὰ
552 2238 758 2301 οὐσίαν,
794 2241 887 2291 καὶ
914 2239 1083 2302 οῗιτως
1118 2240 1297 2302 αὐτοῖς
1329 2243 1356 2292 ὀ
1407 2240 1724 2308 σεσοφισμέ-

168 2344 269 2392 νος
298 2327 396 2396 τῆς
424 2329 737 2399 ὁμοιότητος
769 2330 877 2399 (74)
905 2329 1055 2397 λόγος
1081 2331 1515 2399 διαγεγρὰζεται,
1545 2330 1725 2398 ὅμοιον

167 2418 256 2489 τῷ
308 2420 480 2492 Πατρὶ
523 2421 612 2472 τὸν
665 2420 789 2471 Υίὸν
828 2419 1139 2487 τιθεμένων,
1180 2419 1439 2482 τουτέστι,
1582 2421 1730 2488 ἐνερ-

169 2511 332 2581 γείᾳ·
365 2507 474 2563 οἷον
524 2511 631 2579 γὰρ
685 2508 942 2578 ἠθέλησεν
974 2512 1001 2561 ὁ
1035 2509 1239 2581 Πατὴρ,
1271 2512 1435 2580 φησι,
1490 2511 1729 2563 τοιοῦτον

167 2602 429 2670 ἐποίησε,
480 2601 611 2652 καθὸ
657 2602 749 2652 καὶ
792 2600 970 2652 εἰκόνα
1025 2600 1325 2670 βουλήσεως
1372 2602 1483 2673 (75)
1532 2602 1729 2672 ὀνομά-

168 2691 390 2756 ζουσιν·
427 2692 458 2762 ἢ
491 2692 646 2744 τοῦτο
681 2692 1068 2761 φυλάσσοντας,
1118 2693 1189 2764 μὴ
1231 2689 1367 2747 εἶναι
1403 2694 1578 2763 λέγειν
1616 2694 1730 2764 μεί-

168 2783 308 2847 ζονα
375 2800 464 2836 τον
546 2785 785 2854 Πατέρα.
844 2785 1163 2855 Ἐπειδήπερ
1235 2787 1379 2838 πᾶσα
1460 2786 1732 2856 ἐνέργεια,

171 2871 409 2945 μηδενὸς
444 2875 827 2946 ἀνθισταμένου
865 2876 970 2927 τῶν
995 2875 1208 2940 ἔξωθεν,
1268 2876 1573 2945 σύμμετρός
1621 2879 1735 2928 ἐστι

1835 1978 1949 2016 rum
1978 1964 2204 2016 alterum
2235 1964 2448 2017 eveniat
2482 1978 2701 2018 necesse
2748 1973 2853 2030 est,
2879 1976 2937 2019 ut
2967 1974 3057 2019 aut
3085 1964 3246 2019 Pater
3284 1981 3387 2022 non

1832 2052 2095 2125 signiﬁcet
2126 2054 2516 2124 operationem,
2536 2055 2626 2109 sed
2657 2054 3238 2125 substantiam;sicque
3266 2070 3389 2110 eva-

1829 2157 2010 2201 nescet
2038 2148 2341 2218 excogitata
2361 2149 2425 2203 ab
2456 2148 2535 2202 eis
2559 2148 2921 2202 similitudinis
2949 2150 3106 2210 ratio,
3130 2164 3231 2217 qua
3259 2164 3388 2203 san-

1828 2239 1976 2292 ciunt
1999 2239 2189 2293 Filium
2219 2238 2362 2293 Patri
2394 2240 2621 2295 similem
2659 2241 3121 2309 esse,operatione
3143 2241 3383 2296 scilicet:

1828 2331 2036 2398 qualem
2062 2333 2202 2386 enim
2234 2332 2397 2386 voluit
2420 2331 2596 2397 Pater,
2628 2333 2893 2401 inquiunt,
2920 2334 3071 2387 talem
3110 2334 3254 2399 fecit,
3284 2350 3390 2406 quo

1829 2424 1994 2478 etiam
2034 2434 2188 2492 pacto
2216 2425 2506 2479 voluntatis
2540 2424 2822 2493 imaginem
2844 2442 2966 2479 eum
3005 2436 3197 2480 vocant
3230 2445 3243 2479 :
3274 2438 3388 2493 aut,

1836 2516 1879 2571 si
1911 2517 1978 2568 ab
2010 2516 2109 2569 hoc
2142 2515 2243 2569 sibi
2279 2525 2519 2576 caveant,
2551 2531 2655 2567 non
2687 2516 2864 2569 dicent
2896 2514 3107 2571 Patrem
3136 2518 3387 2587 majorem

1839 2620 1981 2661 esse.
2020 2605 2149 2658 Nam
2176 2606 2417 2674 Operatio
2446 2609 2638 2671 omnis,
2673 2614 2894 2662 externa
2924 2608 3065 2660 nulla
3088 2624 3144 2662 re
3175 2610 3390 2663 obstan-

1838 2707 1907 2758 te,
1952 2697 2255 2750 habetcum
2287 2695 2564 2749 eﬂ‘ectibus
2610 2698 2720 2749 suis
2774 2698 3190 2765 proportionem.
3217 2697 3392 2766 Atque

1837 2788 1949 2841 haec
1975 2789 2039 2840 ad
2065 2787 2441 2840 confutandam
2471 2787 2703 2854 ipsorum
2739 2788 2790 2840 in
2822 2788 3153 2855 dogmatibus
3178 2788 3387 2842 dissen-

1838 2879 2042 2933 sionem
2073 2881 2209 2933 dicta
2234 2880 2362 2933 sint.

168 2968 290 3028 τοῖς
340 2965 555 3029 οἰκείοις
602 2967 1018 3037 ἀποτελέσμασι.
1065 2966 1249 3020 Ταῦτα
1308 2967 1406 3036 μὲν
1466 2962 1558 3018 οὖν
1604 2965 1735 3035 πρὸς
1773 2965 1990 3039 ἔλεγχον
2015 2969 2113 3040 τῆς
2139 2970 2196 3024 ἐν
2224 2972 2332 3033 τοῖς
2359 2968 2620 3039 δόγμασιν
2676 2968 2850 3021 αὐτῶν
2907 2967 3256 3039 ἀσυμφωνίας
3280 2962 3389 3039 (76)

169 3058 432 3131 εἰρήσθω.

245 3149 338 3204 25.
390 3151 591 3203 Ἐκεῖνο
642 3152 697 3203 δὲ
728 3153 829 3203 τίνι
876 3151 984 3202 τῶν
1032 3152 1247 3203 πάντων
1296 3150 1508 3221 ἄδηλον,
1552 3152 1632 3205 ὅτι
1670 3153 1730 3207 τὸ

1895 3151 1985 3205 25.
2028 3149 2156 3201 Illud
2177 3161 2350 3205 autem
2385 3151 2466 3204 cui
2497 3165 2599 3203 non
2633 3160 2713 3205 est
2745 3152 3100 3220 perspicuum,
3124 3151 3264 3219 quod
3290 3151 3389 3204 ali-

168 3239 366 3313 μεῖζον
417 3243 448 3311 ἦ
488 3241 625 3293 κατὰ
673 3242 760 3293 τὸν
804 3242 903 3310 τῆς
948 3242 1123 3305 αίτίας
1159 3242 1311 3310 λόγον
1356 3244 1484 3314 (77),
1519 3245 1550 3313 ἢ
1593 3244 1729 3297 κατὰ

171 3333 267 3386 τὸν
314 3335 412 3403 τῆς
461 3333 737 3403 δυνάμεως
801 3334 1161 3406 πλεονασμὸν,
1208 3337 1241 3408 ἢ
1291 3337 1428 3391 κατὰ
1488 3337 1582 3406 τὴν
1634 3335 1726 3388 τοῦ

171 3419 484 3487 ἀξιώματος
517 3422 801 3494 ὑπεροχὴν,
826 3425 857 3495 ἢ
891 3426 1028 3478 κατὰ
1059 3427 1164 3497 τὴν
1185 3428 1289 3479 τῶν
1314 3428 1485 3493 ὄγκων
1516 3443 1732 3495 περιου-

170 3510 301 3562 σίαν
345 3510 584 3579 Mysten;
636 3516 790 3569 Κατὰ
835 3518 929 3586 μὲν
976 3514 1067 3570 οὖν
1118 3517 1207 3569 τὸν
1253 3517 1410 3584 ὄγκον
1461 3517 1533 3586 μὴ
1592 3517 1734 3587 είλῆ-

275 3688 298 3719 ⁹
330 3686 481 3741 Joan.
514 3705 619 3753 xw,
670 3687 761 3743 28.
835 3687 875 3719 ¹⁰
911 3689 1083 3759 Philip
1128 3705 1197 3755 It,
1223 3690 1277 3747 6.

249 3842 365 3916 (68)
406 3843 626 3916 Veteres
678 3844 894 3916 aliquot
938 3843 1055 3897 libri
1108 3860 1229 3897 cum
1258 3845 1432 3907 editis,
1480 3848 1507 3897 ὁ
1548 3846 1734 3916 Πατήρ

174 3915 361 3985 μουγὸ.
393 3915 491 3985 Alii
535 3916 746 3967 codices
779 3914 1013 3968 melioris
1043 3924 1199 3976 notae,
1231 3917 1258 3965 ὁ
1287 3916 1471 3985 Πατὴρ
1501 3919 1547 3967 ὁ.

249 3984 367 4049 (69)
406 3984 532 4045 Reg.
575 3984 761 4035 tertius
806 3984 856 4035 in
892 3992 1140 4038 contextu
1181 3985 1393 4050 quidem
1440 3984 1597 4039 habet
1636 3987 1731 4038 οὐκ

170 4052 371 4106 ἀκούει
399 4069 411 4102 :
440 4053 530 4103 sed
567 4055 617 4102 in
650 4068 742 4102 ora
792 4053 908 4106 libri
948 4057 1105 4107 habet
1137 4055 1234 4106 οὐκ
1273 4053 1507 4116 ἀκούεις.
1544 4058 1736 4107 Statim

172 4123 316 4194 cdit_i
346 4122 587 4194 ἡγήσατο
626 4117 954 4194 εἶναιδΑιπι
982 4134 1188 4176 veteres
1218 4128 1458 4194 ἡγήσατο
1485 4126 1544 4176 τὸ
1578 4121 1732 4178 εἶναι.

252 4192 365 4260 (70)
398 4192 467 4243 Ita
499 4193 595 4244 hoc
625 4192 742 4245 loco
764 4192 988 4246 Basilius
1023 4192 1357 4247 adversarius
1384 4197 1643 4257 adoritur,
1680 4209 1737 4247 nt

174 4278 277 4318 eos
317 4264 427 4314 suis
469 4263 705 4328 ipsorum
746 4264 911 4316 armis
953 4262 1244 4318 cunl‘odiat.
1278 4264 1463 4317 Dicitis
1492 4282 1609 4328 vos,
1656 4267 1733 4318 in-

173 4336 303 4399 quit
334 4331 574 4394 Basilius,
607 4349 798 4386 nomen
830 4332 1003 4385 Patris
1043 4336 1429 4399 operationem,
1467 4352 1568 4387 non
1608 4338 1735 4388 sub-

174 4403 437 4454 stantiam
470 4403 722 4455 indicare.
761 4402 819 4455 Id
849 4412 1022 4455 aulem
1059 4404 1099 4455 si
1131 4418 1311 4456 verum
1342 4415 1442 4463 est.
1476 4406 1597 4458 hinc
1629 4407 1736 4457 elli—

175 4473 353 4542 citur,
397 4470 602 4524 Patrem
648 4487 749 4523 non
783 4474 1075 4525 substantia
1112 4472 1246 4526 Filio
1298 4474 1553 4542 majorem
1596 4492 1733 4536 esse,

177 4541 279 4594 sed
318 4543 624 4605 operatione
654 4544 929 4594 duntaxat.

258 4608 373 4676 (7i)
401 4610 545 4683 EliiLi
566 4620 618 4683 et
652 4626 788 4683 unus
811 4628 914 4683 ms.
939 4612 1092 4665 Πᾶσα
1122 4612 1228 4683 γὰρ
1253 4612 1440 4679 δήπου.
1475 4613 1573 4664 Alii
1609 4629 1738 4680 qua-

182 4690 315 4753 tuor
349 4693 472 4753 mss:
502 4681 655 4732 Πᾶσα
767 4680 955 4749 δήπου.
996 4680 1280 4753 Aliquanto
1318 4692 1435 4752 post
1467 4689 1569 4734 duo
1611 4700 1737 4735 mss.

179 4752 218 4821 ἢ
254 4748 617 4868 ἁξυμμέτρως
643 4749 740 4818 τῷ.

257 4845 269 4868 ι
294 4821 373 4868 12)
427 4819 512 4868 lla.
545 4823 675 4868 ποὺς
704 4838 740 4868 τι

257 4820 373 4891 (72)
406 4819 522 4892 Illa,
545 4823 675 4892 πρὸς
704 4821 782 4883 τό,
814 4829 943 4879 ctc..
973 4821 1075 4875 hoc
1100 4838 1257 4878 sensu
1289 4824 1423 4875 dicta
1458 4822 1621 4874 fuisse
1656 4837 1740 4875 ar-

179 4888 384 4945 bitror.
415 4888 625 4943 Patrem
670 4892 805 4944 Filio
843 4892 1096 4960 majorem
1129 4909 1246 4947 esse
1278 4896 1320 4946 si
1358 4893 1737 4960 proﬁteamini,

180 4974 527 5028 consequens
556 4969 638 5011 est
671 4972 727 5014 ut
765 4962 957 5015 dicatis
984 4960 1145 5014 Deum
1192 4965 1385 5017 l'rustra
1422 4964 1473 5014 in
1506 4964 1554 5015 id
1596 4963 1743 5015 incu-

182 5031 395 5091 buisse,
429 5040 482 5082 nt
516 5045 762 5099 magnum
796 5034 1077 5098 quemdam
1107 5031 1352 5086 clientum
1373 5034 1587 5099 ,ederet,
1619 5048 1739 5084 cum

181 5101 335 5168 quod
356 5101 508 5153 vellet
527 5102 736 5166 assequi
766 5118 867 5155 non
898 5102 1145 5170 potuerit.
1172 5100 1275 5155 Ista
1298 5112 1379 5157 est
1400 5103 1539 5154 enim
1569 5111 1743 5155 vestra

182 5171 478 5231 sententia,
516 5172 828 5237 productum
856 5189 958 5225 non
994 5172 1155 5223 fuisse
1180 5185 1209 5223 a
1239 5173 1361 5234 Deo,
1400 5187 1518 5225 cum
1548 5172 1739 5225 Filium

184 5240 395 5306 genuit,
438 5240 685 5293 cll'ectum
720 5243 1047 5308 quempiam,
1080 5242 1168 5308 qui
1200 5253 1292 5293 aut
1331 5244 1623 5309 operationi
1656 5258 1741 5295 τοι

185 5311 475 5374 spondeat,
519 5320 610 5362 ant
644 5326 761 5363 cum
794 5326 851 5363 ea
887 5313 1281 5376 proportionem
1331 5312 1522 5363 haheat
1557 5312 1739 5365 ullam.

190 5380 267 5432 Ex
298 5393 402 5446 quo
429 5381 483 5430 lit
514 5391 565 5432 ut
593 5380 767 5441 Pater,
802 5396 920 5451 cum
945 5380 1135 5434 Filium
1167 5382 1465 5451 generavit,
1499 5396 1609 5435 rem
1639 5398 1741 5435 non

188 5451 264 5504 ita
302 5463 542 5514 magnam
585 5450 909 5518 produxerit.

261 5518 377 5585 (75)
418 5519 598 5571 Ὥστε
628 5520 693 5571 τὸ
720 5520 921 5586 ἕτερον
944 5518 1071 5572 τοῖν
1104 5519 1291 5583 δυοῖν,
1321 5532 1426 5577 ete.
1458 5520 1622 5573 Totus
1658 5521 1745 5574 hic

188 5590 342 5642 locus
370 5588 449 5642 sic
488 5589 695 5643 videtur
738 5591 1035 5643 reddendus
1067 5608 1079 5644 :
1116 5589 1298 5659 Itaque
1338 5593 1644 5659 atterutrnm
1682 5606 1745 5641 ex

186 5661 392 5712 duobus
426 5661 715 5711 necessario
745 5660 1038 5723 admittent,
1077 5662 1149 5712 ita
1180 5674 1232 5713 ut
1258 5661 1333 5712 re!
1363 5658 1522 5711 Pater
1543 5678 1643 5713 non
1670 5662 1743 5712 si-

188 5730 402 5797 gnificet
449 5731 817 5797 operationem,
855 5732 943 5781 sed
994 5732 1337 5783 substantiam
1392 5731 1586 5795 (sicque
1637 5730 1744 5782 illis

187 5812 450 5853 erattesret
486 5799 778 5864 exrogitata
826 5801 1184 5853 similitudinis
1231 5802 1381 5867 ratio,
1422 5803 1543 5851 dum
1594 5798 1743 5852 Patri

1834 3240 1957 3309 quid
1980 3240 2077 3294 dici
2107 3239 2274 3293 nossit
2304 3237 2495 3305 majus,
2516 3250 2604 3294 aut
2634 3242 2839 3294 ratione
2869 3255 3062 3304 causae,
3093 3250 3182 3293 aut
3201 3248 3388 3307 poten-

1834 3333 1919 3386 tiae
1950 3332 2318 3397 redundantia,
2341 3339 2433 3383 aut
2460 3330 2771 3385 excellentia
2806 3331 3097 3400 dignitatis,
3122 3342 3213 3386 aut
3235 3332 3389 3387 molis

1840 3424 2201 3494 magnitudine
2233 3423 2254 3475 ?
2286 3424 2467 3490 Itaque
2510 3437 2613 3476 non
2673 3423 2838 3490 accipi
2883 3423 3052 3491 majus
3099 3423 3388 3478 secandum

1841 3518 2345 3587 magnitudinem,et
2376 3517 2458 3570 hic
2489 3516 2601 3585 ipse
2634 3514 2776 3582 prior
2802 3515 2930 3568 dixit
2950 3532 2963 3580 ;
2983 3514 3144 3587 236
3158 3525 3210 3570 et
3237 3514 3392 3586 plane

1841 3844 2060 3898 similem
2088 3844 2308 3916 Filiam
2352 3846 2551 3907 dicunt,
2609 3847 2663 3897 id
2709 3856 2781 3899 est
2821 3846 3109 3912 Operationi
3139 3859 3157 3898 .'
3187 3850 3391 3916 qualem

1839 3915 1969 3967 enim
2015 3915 2171 3966 voluit
2230 3914 2403 3978 Pater,
2452 3916 2709 3982 inquiunt,
2749 3918 2900 3969 talem
2946 3916 3114 3983 fecit:
3157 3914 3291 3969 unde
3344 3925 3389 3968 et

1838 3986 2113 4053 imaginem
2144 3984 2416 4053 rolnnlatis
2456 3986 2603 4038 illum
2652 3987 2971 4053 appellant);
3009 3988 3083 4039 vel
3109 3989 3152 4040 si
3184 3988 3237 4038 id
3267 3986 3391 4040 reti-

1846 4067 1981 4117 nent,
2008 4052 2178 4114 maior
2210 4052 2347 4107 Filio
2383 4054 2539 4106 Pater
2572 4057 2673 4107 dici
2712 4072 2811 4108 non
2837 4052 3021 4121 possit.

1914 4124 2025 4191 (74)
2059 4124 2235 4177 Codex
2283 4125 2431 4177 Cnlh.
2466 4142 2583 4177 cum
2626 4124 2754 4193 Reg.
2792 4126 2947 4179 tertio
2991 4125 3389 4195 ἀνομοιότητος,

1842 4170 2110 4274 animine.
2143 4196 2242 4245 Alii
2275 4211 2399 4274 mss.
2433 4206 2482 4274 et
2523 4197 2648 4249 editi
2689 4170 3021 4274 ξμοιότητος,
3060 4170 3224 4248 ria—etc.
3259 4170 3390 4249 illujd

1841 4266 1981 4328 quod
2011 4280 2131 4316 mox
2163 4266 2422 4330 sequitur,
2454 4266 2634 4333 δμοιον
2660 4266 2735 4333 τῷ
2764 4276 2891 4329 etc.,
2925 4268 2992 4318 ita
3032 4268 3392 4333 interpretans

1842 4334 2252 4401 'l‘rapeznnlius.
2287 4349 2401 4383 cum
2454 4332 2600 4384 Patri
2642 4332 2861 4396 Filium,
2897 4336 2951 4387 id
2996 4345 3069 4387 est
3105 4332 3391 4400 operationi

1840 4406 2058 4454 similem
2106 4402 2440 4461 arbitrentur,
2472 4418 2689 4456 sensum
2735 4408 3016 4457 verborum
3066 4406 3169 4457 alio
3202 4407 3384 4456 detor-

1794 4528 1810 4559 ἢ
1841 4475 1927 4551 sit.
1949 4472 2064 4559 .l'loc
2090 4474 2218 4525 diett
2240 4471 2486 4559 liasilius,
2517 4474 2763 4554 arbitrari
2794 4474 3170 4530 Eunomianos.
3198 4473 3389 4527 Filium

1840 4544 2070 4595 similem
2102 4557 2219 4594 esse
2249 4540 2391 4594 Patri
2422 4544 2749 4609 operatione.

1914 4612 2023 4683 (75)
2063 4614 2187 4677 lleg.
2231 4612 2420 4665 tertius
2468 4614 2648 4665 εἰκόνα
2694 4614 2904 4683 βουλῆς.
2958 4614 3107 4677 Illud,
3159 4613 3192 4683 ἦ
3235 4610 3392 4666 τοῦτο

1843 4682 2231 4750 φυλάσσοντας,
2265 4685 2340 4733 sic
2367 4685 2523 4736 debet
2553 4682 2737 4749 accipi.
2767 4682 2868 4736 Aut
2899 4685 2939 4736 si
2974 4685 3153 4736 dicunt
3186 4699 3287 4735 non
3314 4687 3392 4736 si-

1844 4754 2084 4822 gniﬁcari
2133 4753 2484 4822 substantiam
2534 4755 2889 4821 appellatione
2921 4751 3115 4814 Patris,
3148 4756 3391 4822 sedopc-

1845 4820 2125 4881 rationem,
2154 4822 2235 4872 vel
2284 4820 2436 4875 inviti
2486 4820 2756 4876 fateantur
2798 4836 3014 4875 necesse
3052 4833 3133 4875 est
3177 4821 3391 4875 Patrem

1843 4893 1979 4944 Filio
2019 4891 2275 4958 n'iajorem
2324 4908 2427 4946 non
2475 4908 2611 4947 esse.
2649 4893 2879 4952 Etenim,
2910 4900 2965 4943 ut
2992 4893 3066 4944 ait
3095 4908 3216 4946 mox
3244 4892 3391 4943 Basi-
3477 4889 3481 4893 ’

1842 4962 1967 5021 lius,
2003 4964 2248 5029 operatio
2278 4964 2452 5017 omnis
2480 4965 2635 5017 habet
2665 4978 2783 5015 cmn
2816 4962 2927 5013 suis
2954 4959 3229 5014 clTectibns
3271 4975 3393 5029 pro-

1843 5033 2162 5099 portionem.
2195 5032 2325 5085 Cum
2372 5035 2531 5098 igitur
2577 5032 2815 5099 operatio
2857 5031 3027 5083 Patris
3066 5032 3268 5083 inﬁnita
3298 5031 3389 5090 sit,

1843 5111 1895 5153 et
1926 5103 2037 5169 ipse
2072 5117 2282 5169 quoque
2312 5100 2532 5155 ell'ectus
2568 5102 2804 5154 inﬁnitus
2843 5115 2961 5153 esse
2990 5100 3165 5161 debet,
3194 5100 3391 5166 alioqui

1844 5188 1941 5225 nec
1983 5173 2278 5225 similitudo
2309 5185 2405 5224 nec
2442 5174 2715 5241 proportio
2744 5181 2885 5225 esset
2924 5172 3289 5238 operationem
3316 5169 3394 5222 in-

1849 5252 1929 5295 ter
1961 5252 2013 5293 et
2044 5241 2309 5294 emrctnm.

1913 5311 2021 5379 (76)
2066 5312 2203 5363 Editi
2249 5322 2302 5363 et
2330 5310 2462 5379 Reg.
2495 5312 2709 5378 quintus
2751 5311 2927 5367 αὐτῶν
2976 5308 3308 5379 συμφωνίας,
3340 5319 3393 5363 et

1845 5380 1916 5433 ila
1948 5382 2147 5449 legerat
2178 5382 2462 5450 interpres,
2489 5398 2609 5435 cum
2644 5384 2885 5443 verterit,
2921 5384 2986 5434 ad
3021 5381 3392 5448 reprehenden-

1844 5453 1965 5502 dam
2012 5454 2235 5517 ipsorum
2288 5454 2340 5503 in
2386 5451 2708 5519 dogmatibus
2749 5453 3098 5506 concordiam.
3149 5450 3250 5502 Alii
3298 5464 3391 5503 sex

1845 5536 1973 5572 mss.
2034 5521 2423 5590 ἀσυμφωνίας,
2466 5524 2531 5573 ad
2588 5526 2997 5590 redarguendam
3051 5523 3279 5587 ipsorum
3338 5524 3393 5571 in

1844 5594 2164 5657 dogmatibus
2200 5592 2537 5649 discordiam,
2571 5594 2787 5659 optime.

1915 5656 2025 5731 (77)
2052 5662 2278 5715 Codices
2314 5664 2414 5715 duo
2447 5662 2478 5731 ἣ
2509 5656 2627 5714 κατ’
2662 5662 2820 5714 αὑτὸν
2855 5663 2945 5714 τὸν
2986 5660 3080 5729 τῆς
3100 5658 3284 5731 αἰτίας
3309 5656 3393 5731 λό-

1846 5747 1956 5797 γον.
1986 5728 2181 5783 lbidem
2216 5732 2340 5784 editi
2373 5743 2427 5785 et
2470 5728 2609 5785 unus
2650 5746 2748 5783 ms.
2778 5733 2808 5801 ἦ
2854 5733 2969 5784 κατ’
2998 5729 3154 5782 αὑτὸν
3182 5728 3269 5778 τὸν
3299 5729 3391 5795 τῆς

1846 5801 2139 5871 δυνάμεως.
2172 5802 2271 5856 Alii
2299 5816 2389 5857 scx
2419 5818 2547 5856 mss.
2589 5802 2621 5871 ἧ
2650 5801 2786 5853 κατὰ
2820 5803 2908 5854 τὸν
2935 5802 3032 5868 τῆς
3056 5801 3212 5851 δυν...
