4058 6320
701 365 806 421 567

2008 361 2064 414 S.
2105 360 2343 415 BASILII
2376 359 2584 413 MAGNI

3821 359 3922 414 568

697 498 787 539 ms
811 482 881 536 ita
916 494 974 535 se
1003 481 1194 544 habet;
1227 493 1346 533 cum
1381 479 1431 530 in
1466 477 1832 547 magnitudine
1856 478 2026 546 majus
2051 488 2253 531 tantum

2361 478 2486 544 φθαι
2513 478 2572 529 τὸ
2599 478 2777 546 μεῖζον
2811 478 2921 546 (78)
2952 477 3109 538 αὑτός
3141 491 3196 527 τε
3231 469 3378 538 οὗτος
3409 474 3694 546 προλαϐὼν
3727 475 3919 545 ἔφησε,

699 579 788 638 sit,
819 581 1080 642 quantum
1108 581 1161 625 et
1192 572 1366 625 minus
1404 580 1458 624 et
1496 571 1740 638 amplius.
1775 571 1902 636 Quae
1953 572 2094 624 enim
2144 587 2254 624 ma-

701 665 978 731 gnitudine
1033 678 1134 714 non
1187 667 1405 727 possunt
1458 660 1873 726 comprehendi,
1910 662 2016 711 imo
2067 661 2258 727 potius,

699 770 816 822 qua:
857 752 1221 820 magnitudine
1272 765 1336 804 ac
1367 751 1663 818 quantitate
1712 753 1928 804 omnino
1964 760 2172 813 carent,
2199 766 2258 803 ea

697 845 821 913 quis
844 843 1010 911 possit
1045 842 1182 894 inter
1211 856 1269 895 se
1298 841 1527 894 dimetiri
1551 842 1706 909 ?qua:
1724 850 1898 894 autem
1927 856 2029 894 non
2059 852 2263 909 queunt

701 937 837 988 inter
864 949 922 988 se
959 934 1277 1002 comparari,
1308 934 1574 1002 quomodo
1615 936 1667 987 in
1707 935 1768 987 iis
1804 935 1854 988 id
1887 937 2026 1004 quod
2056 937 2261 990 excedit

699 1035 1053 1094 cognoscetur
1095 1024 1118 1076 ?
1153 1023 1336 1078 Dicere
1375 1034 1550 1078 autem
1609 1025 1880 1078 Christum
1932 1027 2020 1080 Dei
2077 1036 2263 1095 poten-

701 1118 850 1181 tiam,
889 1115 1122 1184 potentia
1147 1114 1453 1168 inferiorem
1490 1130 1628 1178 esse,
1667 1116 1816 1170 valde
1847 1117 2048 1182 puerile
2083 1126 2183 1180 est,
2209 1126 2262 1170 et

699 1225 885 1264 earum
913 1209 1004 1276 qui
1033 1223 1098 1261 ne
1129 1207 1411 1260 audierunt
1440 1208 1649 1274 quidem
1690 1221 1872 1259 vocem
1916 1209 2143 1269 Domini,
2171 1212 2259 1274 qui

700 1304 833 1356 dixit
865 1321 877 1355 :
915 1302 1025 1370 Ego
1054 1310 1100 1353 et
1148 1298 1308 1353 Pater
1350 1317 1507 1352 unum
1563 1316 1740 1352 sumus
1772 1300 1811 1329 “
1843 1316 1853 1350 :
1883 1302 2076 1368 quique
2112 1301 2257 1362 illud,

699 1410 884 1458 unum,
915 1409 1010 1462 pro
1047 1393 1349 1460 :equalitale
1381 1393 1628 1460 potentia:
1670 1395 1890 1461 accepit,
1935 1404 1989 1446 ut
2034 1410 2096 1447 ex
2135 1396 2261 1462 ipsis

702 1486 972 1554 Evangelii
1011 1486 1182 1538 verbis
1211 1487 1575 1538 ostendemus.
1617 1484 1746 1538 Cum
1787 1486 1926 1538 enim
1949 1486 2168 1540 dixisset
2197 1489 2261 1540 de

701 1579 768 1632 iis
793 1578 882 1646 qui
915 1577 1242 1630 crediderant
1268 1595 1278 1628 :
1307 1575 1501 1629 Nullus
1543 1591 1628 1630 eos
1673 1593 1700 1630 e
1751 1594 1906 1630 manu
1935 1595 2042 1632 mea
2062 1581 2260 1647 rapiet;

699 1677 774 1731 et,
824 1667 983 1720 Pater
1032 1669 1117 1736 qui
1163 1667 1287 1719 mihi
1334 1668 1513 1730 dedit,
1557 1667 1724 1736 major
1775 1669 2153 1735 omnibusut;
2185 1682 2257 1736 et,

704 1759 899 1815 Nullus
928 1779 954 1814 ε
977 1778 1134 1813 manu
1183 1759 1361 1812 Patris
1396 1761 1494 1812 mei
1519 1771 1681 1829 potest
1734 1778 1935 1827 rapere,
1967 1763 2210 1830 adjuuxit
2245 1783 2256 1816 :

2362 571 2454 620 καὶ
2497 569 2556 620 τὸ
2603 570 2744 631 εἰκὸς
2776 567 2946 631 οὑτως
2993 568 3138 636 ἔχει·
3191 567 3480 638 ἐπειδήπερ
3521 568 3581 619 τὸ
3629 568 3840 636 μεῖζον
3869 572 3920 620 έν

2359 665 2471 724 τοῖς
2508 661 2758 730 μεγέθεσι
2789 660 3036 713 τοσοῦτόν
3077 662 3242 721 ἐστιν,
3277 660 3396 712 ὅσον
3429 661 3522 712 καὶ
3561 661 3623 712 τὸ
3670 661 3917 722 ἔλαττον,

2359 756 2451 808 καὶ
2495 755 2592 808 ἔτι.
2623 755 2701 806 Τὰ.
2741 755 2796 807 δὲ
2828 756 3167 826 ἀπερίληπτα
3204 755 3278 826 τῷ
3324 755 3564 825 μεγέθει,
3617 758 3826 826 μᾶλλον
3868 757 3919 808 δὲ

2364 847 2603 917 ἁμεγέθη
2642 847 2734 906 καὶ
2781 847 2958 900 ἄποσα
2989 847 3281 912 παντελῶς,
3311 847 3392 911 τίς
3423 847 3486 901 ἂν
3526 848 3780 918 ἀλλήλοις
3830 864 3922 900 πα-

2366 941 2778 1011 ραμετρήσειεν;
2811 933 2885 992 ὧν
2916 939 2970 991 δὲ
2997 941 3268 1010 ἀμήχανος
3303 942 3336 1011 ἡ
3375 939 3824 1010 παράθεσις,τίνι
3859 941 3919 993 ἂν

2363 1034 2544 1103 τρόπῳ
2574 1037 2629 1087 ἐν
2657 1034 2862 1095 τούτοις
2901 1035 2961 1085 τὸ
2998 1035 3326 1104 ὑπερϐάλλον
3364 1033 3724 1104 ὲπιῃωσθείη
3756 1053 3770 1098 ;
3819 1040 3918 1088 Δυ-

2362 1127 2520 1194 νάμει
2551 1128 2607 1180 δὲ
2637 1126 2813 1194 λέγειν
2849 1126 3109 1179 ἐλλείπειν
3144 1127 3233 1179 τὸν
3267 1127 3496 1197 Χριστὸν
3521 1127 3618 1197 τὴν
3653 1127 3746 1179 τοῦ
3787 1128 3920 1181 Θεοῦ

2363 1216 2589 1285 δύναμιν
2617 1216 2806 1286 κομιδῆ
2844 1217 3049 1287 νηπίων
3093 1218 3184 1269 καὶ
3217 1217 3332 1270 οὑδὲ
3367 1219 3779 1272 κατακουὸντων
3829 1220 3922 1288 τῆς

2363 1308 2546 1376 φωνῆς
2578 1307 2669 1359 τοῦ
2694 1309 2894 1378 Κυρίου
2920 1309 3051 1377 (79),
3081 1308 3325 1375 λέγοντος
3343 1325 3356 1340 ’
3374 1309 3512 1378 Ἐγὼ
3534 1310 3631 1362 καὶ
3656 1314 3689 1363 ὁ
3715 1310 3920 1378 Πατὴρ

2359 1400 2428 1452 ἓν
2462 1399 2678 1468 ἐσμεν
2719 1401 2812 1451 καὶ
2856 1401 2914 1452 τὸ
2955 1399 3023 1452 ἓν
3063 1401 3180 1453 ἀντὶ
3229 1398 3321 1451 τοῦ
3365 1399 3502 1452 κατὰ
3545 1402 3644 1469 τὴν
3692 1399 3921 1469 δύναμιν

2364 1491 2474 1543 [σου
2525 1487 3054 1560 παραλαμϐάνοντος,
3097 1491 3172 1553 ὡς
3222 1488 3280 1553 ἐξ
3331 1489 3506 1542 αὑτῶν
3548 1489 3798 1559 δείξομεν
3829 1490 3920 1542 τοῦ

2361 1580 2688 1648 Eurydica
2749 1580 2855 1630 τῶν
2917 1580 3188 1648 ῥημάτων.
3242 1578 3422 1632 Εἰπὼν
3472 1579 3574 1650 γὰρ
3633 1583 3760 1652 περὶ
3815 1581 3920 1632 τῶν

2362 1671 2763 1724 πιστευσάντων
2789 1671 2890 1734 ὅτι,
2922 1671 3002 1720 Οὐ
3030 1670 3111 1736 μή
3148 1687 3233 1735 τις
3276 1668 3516 1738 ἁρπάσῃ
3546 1671 3611 1723 ἐκ
3651 1671 3763 1739 τῆς
3801 1687 3918 1738 χει-

2354 1767 2463 1831 ρός
2502 1779 2646 1832 μου·
2685 1761 2775 1814 καὶ
2821 1761 2901 1813 ὅτι
2952 1759 3003 1809 Ὀ
3036 1759 3250 1826 Πατὴρ,
3285 1759 3353 1826 ὃς
3383 1759 3598 1814 δέδωκέ
3632 1779 3766 1829 μοι,
3797 1765 3920 1830 μεί-

700 1852 814 1923 lt'go
836 1864 882 1906 et
914 1851 1074 1905 Pater
1097 1870 1254 1906 unum
1279 1870 1452 1906 sumus
1485 1855 1548 1916 ¹²,
1580 1855 1658 1908 sic
1683 1862 1740 1906 ιιι
1762 1864 1940 1922 aperte
1972 1872 2131 1908 unum
2163 1872 2256 1925 pro

2361 1822 2468 1913 Ξῖωὲ
2502 1822 2748 1906 ’πάντων
2784 1851 2947 1905 ἐστί·
2983 1851 3096 1915 καὶ,
3141 1850 3344 1917 Οὐδείς
3373 1853 3617 1906 δύναται
3653 1854 3917 1920 ἁρπάσαι

700 1944 1006 2012 ιιιψιιιΙίιιιιε
1047 1959 1107 1998 ac
1140 1945 1412 1998 identitate
1444 1944 1691 2012 potentiae
1718 1945 1964 2014 accipiat.
1997 1944 2256 2001 Praeterea

700 2037 742 2088 si
776 2037 864 2089 Dei
896 2037 1070 2095 sedes.
1108 2045 1164 2088 ιιι
1193 2051 1284 2090 nos
1305 2036 1594 2098 credimus,
1616 2035 1890 2104 dignitatis
1930 2051 2121 2091 nomen
2153 2048 2255 2101 est,

701 2128 785 2181 illa
821 2126 954 2181 Filio
981 2145 1008 2179 a
1059 2127 1262 2183 dextris
1309 2127 1484 2181 Patris
1513 2128 1780 2197 assignata
1817 2127 1970 2182 sedes
2003 2130 2256 2197 quidnam

701 2220 842 2272 aliud
873 2235 1029 2286 quam
1061 2219 1335 2286 dignitatis
1374 2219 1729 2288 aequalitatem
1765 2219 2030 2289 signiﬁcat
2059 2220 2084 2274 ?
2119 2220 2255 2286 Quin

699 2321 752 2365 et
785 2312 1044 2365 Dominus
1081 2313 1129 2363 in
1185 2313 1345 2380 gloria
1403 2312 1576 2367 Patris
1625 2325 1906 2367 venturum
1955 2328 2013 2367 se
2044 2314 2257 2379 pollice-

701 2403 864 2458 tur".
892 2403 1168 2473 lteliquum
1201 2415 1280 2460 est
1315 2406 1495 2473 igitur,
1529 2416 1586 2458 ut
1617 2421 1715 2458 vnx
1751 2405 1922 2472 majus
1955 2405 2039 2458 hic
2068 2420 2258 2459 secun-

699 2498 822 2548 dum
855 2513 1030 2549 causa:
1080 2496 1334 2550 rationem
1377 2498 1607 2549 dicatur.
1642 2496 1770 2548 Nam
1808 2496 2058 2563 quoniam
2092 2512 2120 2550 ιι
2156 2495 2256 2549 Pa-

704 2596 784 2639 tre
805 2586 955 2654 origo
990 2596 1069 2638 est
1096 2584 1236 2648 Filii,
1271 2585 1369 2639 hoc
1409 2586 1575 2649 major
1597 2599 1677 2641 est
1710 2587 1886 2649 Pater,
1924 2588 2063 2656 quod
2098 2602 2256 2641 eausa

703 2678 844 2729 silet
869 2675 1208 2745 principium.
1236 2676 1571 2745 QuaprOpter
1602 2687 1654 2730 et
1677 2675 1934 2731 Dominus
1969 2678 2045 2731 sic
2072 2677 2206 2730 dixit
2244 2698 2254 2731 :

707 2769 862 2822 I’aler
891 2787 1032 2823 meus
1073 2786 1150 2822 me
1181 2770 1348 2837 major
1380 2780 1474 2835 est,
1507 2780 1662 2837 prout
1711 2770 1870 2824 Pater
1895 2769 2152 2825 videlicet.
2193 2769 2258 2822 ll-

700 2863 788 2914 Iud
818 2874 1019 2925 autem,
1057 2859 1252 2926 Pater,
1290 2861 1418 2928 quid
1473 2860 1612 2915 aliud
1663 2862 1862 2916 indicat
1899 2863 1998 2916 nisi
2043 2878 2255 2916 causam

703 2963 861 3021 atque
901 2953 1160 3024 originem
1196 2966 1314 3007 esse
1361 2952 1476 3019 ejus
1504 2952 1596 3021 qui
1627 2969 1690 3006 ex
1722 2954 1836 3020 ipso
1883 2955 2095 3024 genitus
2133 2954 2258 3006 est?

705 3044 937 3111 Denique
985 3046 1274 3099 secundum
1324 3055 1551 3098 vestram
1593 3047 1928 3115 sapientiam,
1963 3046 2255 3098 substantia

2360 1947 2427 1998 ἐκ
2460 1946 2568 2011 τῆς
2614 1945 2807 2013 χειρὸς
2844 1944 2948 1998 τοῦ
2984 1943 3210 2010 Πατρός
3235 1961 3370 2010 μου,
3408 1947 3720 2014 ἐπήγαγεν·
3775 1945 3918 2014 Ἐγὼ

2362 2037 2458 2090 καὶ
2485 2041 2515 2090 ό
2548 2037 2744 2104 Πατὴρ
2771 2037 2839 2089 ἒν
2880 2036 3084 2104 ἐσμεν,
3117 2033 3300 2102 σαςῶς
3331 2036 3390 2087 τὸ
3416 2035 3484 2089 ἐν
3512 2039 3631 2090 ἀντὶ
3663 2037 3757 2090 τοῦ
3806 2036 3917 2090 [σου

2362 2131 2455 2182 καὶ
2521 2129 2714 2182 ταὺτοῦ
2775 2129 2912 2182 κατὰ
2963 2129 3189 2201 δύναμιν
3245 2128 3700 2198 παραλαμϐάνων.
3762 2130 3916 2182 ’Δλὶὰ

2364 2221 2468 2292 μὴν
2499 2223 2637 2290 εἴγε
2673 2222 2764 2273 καὶ
2805 2224 2832 2273 ὀ
2865 2220 3048 2290 θρόνος
3078 2223 3106 2274 ὁ
3149 2219 3242 2274 τοῦ
3275 2219 3406 2271 Θεοῦ
3441 2221 3574 2290 (80),
3602 2222 3796 2293 ὥσπερ
3830 2219 3917 2276 οὖν

2359 2315 2519 2383 ἡμεῖς
2555 2313 3011 2382 πεπιστεύκαμεν,
3056 2313 3361 2382 ἀξιώματός
3399 2313 3543 2364 ἐστιν
3569 2314 3757 2383 ὄνομα,
3796 2317 3830 2384 ἡ
3860 2318 3916 2366 ἐκ

2358 2404 2542 2469 δεξιῶν
2590 2405 2682 2458 τοῦ
2719 2407 2926 2476 [ἰατρὸς
2964 2405 3313 2475 ἀφωρισμένη
3349 2403 3423 2474 τῷ
3455 2404 3567 2474 Υίῷ
3604 2407 3842 2477 καθέδρα
3869 2410 3916 2458 τί

2362 2513 2490 2548 ποτε
2518 2497 2721 2566 ἕτερον,
2763 2499 2852 2550 καὶ
2878 2497 2996 2567 οὑχ).
3027 2498 3085 2551 τὸ
3110 2496 3364 2567 ὁμότιμον
3391 2497 3489 2566 τῆς
3519 2495 3673 2561 ἀξίας
3715 2499 3915 2566 ἀποσηο

2365 2586 2574 2656 μαίνει;
2612 2587 2767 2638 Ἀλλὰ
2799 2588 2891 2638 καὶ
2943 2586 3087 2655 ἦξειν
3126 2590 3154 2639 ὁ
3182 2587 3385 2656 Κύριος
3427 2584 3819 2653 ἐπαγγέλλεται
3867 2587 3915 2635 ἰν

2360 2682 2423 2746 τῇ
2457 2677 2578 2749 δόξῃ
2608 2678 2698 2729 τοῦ
2746 2679 2971 2747 Πατρός.
3011 2679 3263 2730 Λείπεται
3294 2680 3466 2731 τοίνυν
3510 2677 3650 2730 κατὰ
3684 2677 3774 2729 τὸν
3826 2677 3915 2742 τῆς

2361 2771 2539 2834 αἰτίας
2576 2770 2728 2838 λέγον
2776 2767 3008 2826 ἐνταῦθα
3047 2767 3107 2819 τὸ
3130 2767 3333 2836 μεῖζον
3378 2769 3647 2837 λέγεσθαι.
3706 2767 3915 2836 Ἐπειδὴ

2361 2863 2468 2934 γὰρ
2497 2861 2629 2930 (80‘)
2648 2863 2754 2914 ἀπὸ
2783 2859 2876 2912 τοῦ
2898 2857 3108 2929 Πατρὸς
3136 2858 3329 2928 ἡάρχὴ
3358 2860 3431 2926 τῷ
3457 2859 3584 2926 Υἰῷ,
3605 2860 3748 2912 κατὰ
3765 2859 3915 2911 τοῦτο

2366 2955 2563 3024 μείζων
2591 2956 2618 3007 ὁ
2648 2954 2857 3024 Πατὴρ,
2885 2952 2960 3015 ὡς
2991 2951 3160 3012 αἴτιος
3190 2949 3280 3001 καὶ
3308 2950 3465 3018 ἀρχή.
3494 2951 3582 3000 Διὸ
3614 2953 3711 3001 καὶ
3748 2952 3775 3000 ὁ
3806 2951 3914 3004 Κύ-

2367 3064 2475 3116 ριος
2506 3046 2674 3109 οὕτως
2704 3042 2852 3098 εἶπεν
2873 3063 2884 3074 ·
2927 3046 2981 3097 '0
3013 3042 3211 3110 Πατήρ
3241 3059 3358 3110 μου
3383 3039 3589 3111 μείζων
3616 3058 3732 3108 μσυ
3767 3041 3911 3106 ἐστι,

700 3137 815 3202 ipsa
847 3139 1140 3190 substantia
1180 3153 1281 3192 non
1314 3141 1506 3192 ιΙὶι-ἰιιιι·
1537 3139 1703 3206 major
1738 3149 1829 3193 aut
1859 3140 2050 3193 minor.
2085 3139 2256 3204 Quare

2363 3138 2493 3190 καθὸ
2540 3138 2724 3208 Πατὴρ
2771 3137 3025 3206 δηλονότι.
3063 3134 3135 3186 Τὸ
3183 3133 3259 3196 δὲ,
3297 3132 3513 3200 Πατὴρ,
3547 3132 3599 3183 τί
3648 3131 3777 3184 ἄλλο
3823 3149 3915 3203 σηο

699 3242 752 3282 et
795 3228 1084 3283 secundum
1150 3228 1266 3282 illos
1328 3230 1497 3297 ipsos,
1542 3241 1595 3284 et
1640 3231 1928 3285 secundum
1981 3232 2256 3285 Veritatem

703 3323 891 3388 ipsam,
928 3336 1028 3373 vox
1079 3319 1288 3388 majoris
1339 3335 1457 3388 qua:
1512 3331 1763 3389 usurpata
1795 3331 1898 3383 est,
1932 3322 2072 3374 nullo
2104 3334 2259 3388 pacto

703 3412 1058 3476 praestantiam
1093 3412 1385 3466 secundum
1439 3412 1787 3464 substantiam
1831 3411 2112 3480 signiﬁcat.
2151 3412 2257 3466 Nec

703 3518 828 3558 vero
867 3505 954 3557 hic
987 3505 1101 3573 ipse
1134 3506 1295 3559 Deum
1333 3504 1542 3559 Patrem
1568 3503 1820 3572 majorem
1854 3504 2049 3558 dixerit
2073 3520 2258 3559 secun-

701 3596 823 3646 dum
861 3597 1074 3658 molem,
1102 3599 1193 3666 qui
1249 3598 1452 3652 scilicet
1497 3601 1762 3664 statuerit,
1805 3598 2153 3667 quantitatem
2206 3600 2255 3652 in

703 3685 809 3739 Deo
836 3687 1053 3758 intelligi
1088 3704 1190 3743 non
1231 3700 1497 3759 eportere.
1521 3691 1770 3757 Superest
1802 3691 1961 3758 igitur
1991 3692 2056 3755 is,
2097 3707 2252 3761 quem

702 3792 797 3829 nos
837 3778 1083 3840 diximus,
1130 3780 1347 3848 majoris
1397 3780 1600 3844 modus,
1648 3779 2254 3849 priucipii,inqu:mi,et

701 3880 893 3917 causa.
925 3866 1093 3932 Quam
1136 3871 1311 3937 itaque
1345 3871 1722 3938 blasphemiam
1761 3872 1902 3924 circa
1934 3888 2114 3926 vocem
2143 3888 2251 3924 ma-

700 3955 784 4020 jus
828 3959 1068 4022 tentavit,
1099 3976 1157 4013 ea
1188 3962 1444 4028 ejusmodi
1471 3972 1567 4016 est.

2363 3228 2536 3300 μαίνει
2566 3230 2595 3299 ἦ
2629 3229 2745 3298 οὑχὶ
2776 3228 2835 3281 τὸ
2863 3229 3004 3280 αίτία
3063 3221 3198 3279 εἶναι
3230 3227 3320 3279 καὶ
3349 3225 3487 3294 ἀρχὴ
3520 3223 3615 3276 τοῦ
3648 3224 3709 3288 ἐξ
3756 3225 3912 3277 αὑτοὺ

2359 3321 2741 3391 γεννηθέντος;
2774 3321 2948 3382 Ὂλως
2979 3319 3034 3371 δὲ
3069 3318 3222 3371 οὑσία
3261 3317 3441 3378 οὐσίας
3461 3357 3476 3378 ,
3525 3317 3619 3368 καὶ
3653 3315 3796 3367 κατὰ
3823 3317 3915 3385 τὴν

2364 3414 2630 3482 ὑμετέραν
2664 3412 2772 3480 (81)
2822 3411 3028 3478 σοφίαν,
3078 3407 3273 3478 μείζων
3323 3411 3415 3462 καὶ
3461 3409 3696 3462 ἐλάττων
3729 3409 3787 3461 οὑ
3837 3408 3914 3460 12'-

2363 3521 2532 3572 γεται.
2567 3503 2725 3554 Ὥστε
2761 3503 2852 3554 καὶ
2886 3500 3023 3554 κατὰ
3056 3501 3295 3563 τούτους.
3328 3503 3419 3554 καὶ
3466 3501 3586 3554 κατ’
3614 3502 3784 3571 αὑτὴν
3817 3501 3910 3570 τὴν

2364 3596 2638 3668 ἀλήθειαν,
2701 3593 2873 3646 οὐδενὶ
2909 3594 2972 3646 ἂν
3004 3593 3186 3664 τρόπῳ
3229 3593 3326 3663 τὴν
3371 3593 3487 3644 κατ’
3517 3594 3708 3645 οὐσίαν
3751 3595 3910 3662 ὑπερ-

2359 3687 2487 3756 οχὴν
2533 3687 2560 3738 ὁ
2610 3683 2962 3755 προκείμενος
3009 3683 3161 3751 λόγος
3197 3681 3286 3734 τοῦ
3319 3679 3587 3748 μείζονος
3636 3685 3905 3752 ὲμφαίνοι.

2372 3779 2529 3831 Ἀλλὰ
2583 3778 2685 3848 μὴν
2727 3776 2844 3829 οὐδὲ
2887 3777 3003 3828 κατ’
3049 3775 3208 3842 ὄγκον
3244 3771 3372 3841 φαίη
3426 3772 3490 3825 ἂν
3541 3775 3704 3836 αὑτὸς
3755 3772 3904 3836 οὗτος

2362 3872 2580 3942 μείζονα
2603 3871 2690 3923 τὸν
2715 3871 2844 3923 Θεὸν
2866 3869 3080 3939 Πατέρα
3098 3884 3110 3895 ’
3130 3868 3156 3918 ὃ
3180 3883 3240 3932 γε
3262 3865 3672 3933 ἀποφηνάμενος
3699 3865 3809 3932 (82)
3838 3867 3906 3936 μὴ

2358 3966 2550 4035 χρῆναι
2600 3965 2724 4034 περὶ
2763 3964 2853 4016 τὸν
2891 3961 3021 4013 Θεὸν
3062 3960 3306 4010 ὑπονοεῖν
3347 3957 3701 4028 πηλικότητα.
3747 3958 3906 4010 Ὑπό-

699 4050 880 4112 λοιπος
908 4045 998 4105 οὖν
1031 4052 1175 4104 ἑστιν
1206 4057 1232 4105 ὁ
1262 4056 1386 4124 παρ’
1461 4055 1613 4125 ἡμῶν
1649 4055 1857 4126 λεχθεὶς
1921 4055 2013 4108 τοῦ
2047 4052 2311 4124 μείζονος
2350 4058 2566 4127 τρόπος,
2597 4057 2624 4109 ὁ
2657 4056 2757 4125 τῆς
2799 4056 2991 4124 ἀρχῆς,
3019 4051 3180 4118 λέγω,
3214 4052 3302 4102 καὶ
3345 4051 3440 4120 τῆς
3474 4050 3668 4113 αἰτίας.
3713 4051 3779 4102 Ἠ
3813 4050 3904 4120 μὲν

698 4143 789 4195 οὖν
822 4143 959 4195 κατᾶ
1003 4144 1060 4196 τὸ
1079 4146 1277 4214 μεῖζον
1312 4147 1652 4217 ἐπιχείρησις
1695 4147 1857 4200 αὑτοῦ
1885 4148 1982 4219 τῆς
2031 4146 2372 4216 βλασφημίας
2405 4146 2643 4214 τοιαύτη.

768 4238 856 4290 26.
891 4237 1020 4289 Illud
1057 4248 1232 4290 autem
1265 4239 1614 4293 admiratione
1647 4241 1882 4309 dignum,
1913 4243 2052 4310 quod
2091 4242 2168 4296 sic
2201 4242 2251 4292 in

2425 4237 2513 4290 26.
2569 4237 2769 4288 Ἐκεῖνο
2801 4235 2856 4286 δὲ
2884 4234 3155 4303 θαυμάσαι
3186 4234 3348 4298 ἄξιον,
3377 4234 3455 4284 ὅτι
3488 4233 3657 4295 οὑτως
3689 4238 3749 4286 ὲν
3787 4235 3907 4304 βρα-

702 4331 885 4396 paucis
909 4330 972 4384 ad
1006 4346 1280 4384 sermones
1310 4347 1560 4400 perquam
1589 4334 1722 4386 inter
1757 4347 1815 4386 se
1837 4335 2134 4386 contrarios
2162 4335 2256 4385 de-

705 4423 904 4491 lapsus,
932 4424 1098 4478 oculis
1142 4427 1303 4480 animi
1333 4427 1475 4481 velut
1503 4427 1731 4495 quadam
1767 4427 2004 4480 caacitate
2049 4425 2256 4492 percul-

702 4515 795 4578 sis,
826 4516 1106 4569 verburum
1155 4519 1290 4573 inter
1318 4535 1375 4575 se
1416 4535 1648 4590 pugnam
1686 4519 1984 4587 intelligere
2025 4533 2132 4572 non
2161 4533 2254 4587 po-

703 4611 800 4660 tuit
827 4627 840 4662 :
867 4607 1079 4677 planum
1101 4617 1156 4662 ut
1187 4610 1258 4663 sit
1284 4626 1346 4661 ac.
1367 4611 1730 4679 conspicuum,
1755 4625 1874 4663 eum
1901 4618 2005 4660 tam
2023 4608 2251 4661 alienum

702 4716 821 4754 csse
849 4718 875 4754 a
919 4703 1005 4754 Dei
1039 4718 1188 4771 pace,
1217 4718 1377 4774 quam
1404 4702 1656 4758 Dominus
1707 4712 1887 4757 noster
1916 4701 1980 4753 iis
2010 4703 2096 4769 qui
2133 4716 2254 4754 vere

703 4807 766 4844 ac
791 4791 996 4846 sincere
1036 4794 1090 4846 in
1142 4795 1312 4863 ipsum
1367 4796 1729 4858 crediderunt,
1758 4794 1989 4862 reliquit,
2023 4794 2202 4846 dicens
2235 4810 2248 4847 :

708 4883 891 4935 Pacem
931 4885 1162 4954 relinquo
1214 4889 1387 4947 vobis,
1420 4903 1592 4953 pacem
1619 4904 1780 4939 meant
1825 4889 1890 4939 do
1932 4886 2068 4938 vobis
2100 4885 2162 4948 “,
2198 4895 2254 4938 ιιι

703 4993 806 5028 non
835 4991 955 5031 cum
986 4978 1105 5032 aliis
1135 4978 1329 5037 solum.
1359 4981 1449 5034 sed
1483 4994 1660 5032 secum
1702 4978 2009 5047 etiamipse
2039 4987 2251 5047 pugnet.

776 5176 811 5205 ”
840 5173 996 5230 Joau.
1027 5193 1078 5240 x,
1107 5177 1194 5232 50.
1273 5181 1312 5210 "
1339 5179 1466 5234 ibid.
1498 5175 1685 5234 28-30.

776 5365 881 5432 (78)
913 5364 1250 5472 gOlLCXV'lIIII?
1280 5367 1340 5418 τὸ
1379 5367 1936 5472 μείζοπια.“ᾼ1ἰιιιιτιη1ο
1973 5376 2087 5435 post
2124 5368 2249 5422 editi

776 5451 822 5472 ρ...
849 5453 914 5472 ν..
972 5453 1000 5472 η
1126 5451 1222 5472 ηρ..
1250 5454 1273 5472 η
1301 5455 1366 5472 νη
1664 5454 1702 5472 ,ε
1737 5456 1841 5472 ...ες
1895 5458 1906 5472 .
1933 5449 2037 5472 οοε.

701 5434 822 5485 διον
849 5436 940 5487 καὶ
972 5435 1049 5487 τό.
1080 5434 1273 5488 Vocula
1301 5434 1393 5488 καί
1451 5439 1500 5490 in
1529 5437 1705 5490 tmtltis
1737 5434 1860 5492 mss.
1895 5434 2064 5490 deest.

777 5504 884 5571 (79)
919 5505 1051 5578 Eiliti
1102 5506 1202 5578 τῆς
1247 5507 1431 5578 φωνῆς
1473 5507 1572 5578 τῆς
1614 5509 1838 5578 Κυρίου,
1896 5508 2016 5563 libri
2055 5519 2258 5562 veteres

703 5574 1014 5648 τῆςλφωνῆς
1043 5575 1136 5628 τοῦ
1164 5574 1402 5648 Κυρίου.)

777 5643 1280 5717 ιςθιᾷΑᾼιιιὶιιιιίμιιιιὶι
1327 5647 1446 5701 libri
1495 5646 1680 5717 θρόνος
1729 5647 1820 5701 τοῦ
1860 5647 2016 5700 Θεοῦ.
2061 5646 2256 5701 Ibidem

706 5713 858 5834 ciliti,
889 5712 1098 5768 Ὠσπεο
1124 5712 1212 5770 οὖν
1241 5721 1417 5787 ἡμεῖς.
1456 5712 1734 5786 ΙΙΙιιιΙ,οὑν,
1757 5719 1806 5773 in
1838 5719 2101 5788 aliquibus
2132 5735 2257 5773 mss.

709 5804 724 5834 t
746 5793 880 5834 eest.

709 5793 880 5840 deest.

1765 5177 1807 5208 ¹³
1832 5174 2015 5229 Matth.
2039 5193 2149 5243 xvi,
2179 5174 2268 5229 9.7.

2362 4331 2445 4400 χεῖ
2484 4327 2618 4398 πρὸς
2661 4327 2783 4390 τοὺς
2827 4328 3239 4390 ἐναντιωτάτους
3289 4326 3473 4391 λόγους
3516 4329 3903 4396 περιτρεπόμε-

2360 4437 2475 4482 νος,
2525 4418 2766 4490 καθάπερ
2798 4419 3024 4490 ἀορασία
3057 4421 3158 4470 τινί
3188 4420 3310 4479 τοὺς
3347 4419 3442 4486 τῆς
3481 4416 3660 4487 ψυχῆς
3713 4418 3903 4486 ὀφθαλ-

2362 4513 2490 4581 μοὺς
2534 4513 2928 4582 πεπληγμένος,
2975 4511 3198 4562 συνιδεῖν
3241 4509 3339 4578 τὴν
3384 4512 3440 4561 ἐν
3492 4512 3605 4572 τοῖς
3659 4510 3774 4568 (85)
3827 4511 3904 4561 λε-

2357 4604 2526 4674 χθεῖσι
2567 4607 2742 4676 μάχην
2781 4606 2878 4657 οὑκ
2909 4602 3163 4673 ἐδυνήθη·
3195 4601 3277 4654 ἵνα
3309 4604 3447 4670 φανῇ
3480 4618 3540 4654 το
3553 4600 3735 4653 τοῦτον
3771 4600 3904 4666 ξένος

2356 4694 2428 4747 ὢν
2457 4696 2554 4764 τῆς
2589 4695 2679 4749 τοῦ
2721 4695 2852 4747 Θεοῦ
2887 4697 3104 4764 εἰρήνης
3126 4732 3139 4755 ,
3184 4693 3249 4762 ἢν
3281 4696 3308 4746 ὁ
3343 4693 3543 4763 Κύριος
3592 4692 3757 4761 ἡμῶν
3803 4695 3902 4754 toi;

2355 4787 2588 4856 γνησίως
2635 4787 2728 4838 καὶ
2790 4785 2990 4848 ἀδόλως
3027 4786 3105 4846 εἰς
3149 4785 3306 4838 αὑτὸν
3352 4784 3776 4837 πεπιστευκόσιν
3815 4785 3902 4850 ai;-

2357 4879 2509 4947 ἧκεν,
2537 4878 2731 4931 εἰπών’
2779 4877 3038 4945 Εἰρήνην
3072 4877 3275 4945 ἀφίημι
3311 4873 3470 4943 ὑμῖν,
3499 4873 3752 4942 εἰρήνην
3803 4875 3902 4940 τὴν

2359 4971 2509 5038 ἐμὴν
2556 4970 2758 5039 δίδωμι
2802 4970 2968 5039 ὑμῖν·
3008 4969 3143 5022 ὥστε
3190 4969 3307 5038 οὑχὶ
3353 4970 3460 5030 τοῖς
3505 4967 3684 5030 ἄλλοις
3734 4967 3899 5037 μόνον,

2346 5171 2388 5204 ¹⁸
2412 5172 2562 5227 Joan.
2596 5187 2702 5234 XIV,
2738 5171 2825 5224 9.7.

2429 5367 2560 5433 (80')
2591 5375 2717 5431 tteg.
2746 5375 2969 5434 quartus
2995 5365 3143 5436 παρὰ
3163 5367 3278 5419 τοῦ.

2425 5438 2536 5503 (8|)
2565 5437 2701 5491 Editi
2733 5433 2786 5490 et
2827 5436 2958 5503 Reg.
2991 5433 3254 5508 secundus
3293 5433 3432 5508 κατὰ
3467 5435 3566 5506 τὴν
3611 5438 3892 5508 ἡμετέραν.

2353 5510 2452 5562 Alii
2481 5520 2711 5569 quatuor
2741 5523 2867 5559 mss.
2897 5507 3036 5559 κατὰ
3055 5507 3151 5575 τὴν
3181 5506 3464 5575 ὑμετέραν.

2424 5578 2531 5646 (8‘2)
2564 5576 2698 5631 Editi
2727 5575 2944 5646 μείζονα
2965 5577 3054 5630 τὸν
3079 5577 3301 5646 πατέρα’
3326 5576 3352 5626 ὃ
3371 5593 3431 5642 γε
3456 5577 3888 5645 ἀποφαινόμενος.

2353 5649 2503 5702 Cnlb.
2537 5664 2654 5700 cum
2689 5646 2816 5712 Reg.
2859 5649 3012 5701 tertio
3049 5648 3122 5700 uti
3161 5649 3333 5712 legere
3357 5657 3438 5700 est
3470 5649 3521 5699 in
3558 5657 3828 5700 contextu.

2425 5718 2534 5785 (83)
2567 5717 2708 5770 Libri
2743 5727 2949 5774 veteres
2979 5717 3077 5789 τὴν
3108 5720 3163 5771 ὲν
3189 5718 3318 5778 τοῖς.
3351 5715 3504 5782 illud,
3541 5719 3642 5788 τήν
3668 5718 3717 5770 iu
3745 5718 3889 5771 eduis

2357 5789 2708 5846 desideratur.
