4058 6320
160 425 273 481 569

1275 412 1632 468 ADVERSUS
1670 407 2030 466 EUNOMIUM
2064 407 2191 463 LIB.
2235 405 2275 457 1.

3255 405 3356 456 57d

155 539 298 594 ἀλλά
335 543 427 590 καί
453 547 612 598 αυτος
655 532 829 601 ἐαυτῷ
857 531 1195 600 διαμάχεται.
1240 526 1470 588 Μείζονα
1503 527 1607 596 γὰρ
1637 526 1710 577 εί-

1820 523 1940 578 Nam
1970 525 2057 578 ubi
2100 524 2264 577 Deum
2302 527 2355 571 et
2384 517 2590 571 Patrem
2627 516 2757 570 dixit
2785 515 3055 584 unigenito
3086 516 3221 570 Filio
3250 534 3356 572 ma.

157 632 280 685 πὼν
308 629 395 682 τὸν
427 626 555 678 Θεὸν
587 628 679 680 καὶ
711 623 922 692 Πατέρα
953 622 1042 674 τοῦ
1079 618 1401 684 Μονογενοῦς
1434 618 1580 678 Υἰοῦ,
1616 619 1704 670 καὶ

155 726 272 783 τοῖς
297 720 355 773 τὸ
379 718 487 772 ἴσον
511 719 722 786 λέγουσι
747 716 938 786 μανίαν
962 713 1281 774 ἐπικαλέσας
1304 712 1434 782 (84),
1457 711 1529 772 ὼς
1549 712 1706 772 αὐτὸς

157 814 583 885 ἀναντιρρήτους
615 809 751 878 ἔχων
794 808 978 861 τούτου
1013 806 1108 868 τὰς
1151 795 1464 868 ἀποδείξεις,
1515 803 1704 873 μικρὸν

156 907 370 970 ὑποϐὰς
396 902 660 971 σκέψασθε
686 897 772 956 οἷα
799 902 1014 974 γράφει.

235 999 391 1054 ΕΥΝ.
432 995 567 1046 Ἀλλ’
609 994 691 1046 ὅτι
744 994 840 1064 μὲν
871 989 951 1054 εἷς
997 987 1152 1043 ὁτῶν
1203 990 1337 1042 ὅλων
1383 986 1511 1048 Θεὸς
1557 987 1707 1054 ἀγέν-

159 1109 322 1163 νητος
358 1089 449 1143 καὶ
477 1086 820 1158 ἀσύγκριτος,
865 1082 1120 1136 πλειόνων
1164 1083 1330 1136 δντων
1375 1078 1482 1130 τῶν
1528 1094 1699 1146 παρα-

159 1181 555 1253 λελειμμένων,
593 1181 858 1251 ἀποχρῆν,
897 1175 1151 1245 ήγοῦμαι,
1201 1173 1295 1225 καὶ
1354 1171 1421 1225 τὰ
1480 1170 1708 1241 ρηθέντα

159 1278 301 1346 πρδς
335 1270 622 1337 ἀπόδειξιν.

235 1366 382 1418 ΒΑΣ.
432 1361 746 1437 Ἑρωτάσθω
779 1359 972 1426 τοίνυν,
1022 1362 1068 1412 εί
1117 1355 1436 1427 ἀσύγκριτος
1479 1356 1506 1407 6
1543 1352 1703 1414 Θεὸς,

159 1459 330 1512 πόθεν
368 1457 528 1512 αὑτοῦ
560 1458 593 1525 ἡ
631 1453 864 1525 ὑπεροχὴ
897 1447 1232 1519 κατελήφθης
1271 1449 1342 1501 Τὸ
1385 1446 1491 1518 γὰρ
1528 1443 1706 1536 μεῖζον

159 1553 226 1606 ὲκ
255 1552 355 1622 τῆς
392 1551 524 1620 πρὸς
569 1547 636 1599 τὰ
685 1545 1052 1619 ὑπερεχόμενα
1097 1541 1439 1610 παραθέσεως
1494 1539 1709 1608 Θεωρεῖ-

169 1661 273 1697 ςαι.
320 1643 440 1703 Πῶς
471 1635 562 1691 οῦν
593 1639 620 1690 6
651 1638 809 1701 αὐτὸς
850 1635 942 1690 καὶ
982 1632 1174 1703 μείζων
1212 1631 1326 1682 ὲστ)⁸
1366 1631 1458 1682 καὶ
1498 1629 1709 1700 ἀπαρά-

160 1733 350 1797 θετος;
396 1731 531 1784 ’Ἀλλ’
555 1731 640 1783 ἵνα
673 1731 768 1801 μὲν
803 1723 1256 1795 παρηλλαγμένην
1297 1721 1388 1774 τοῦ
1438 1721 1569 1772 Θεοῦ
1611 1723 1707 1793 τὴν

160 1827 350 1882 οὐσίαν
386 1824 518 1895 πρὸς
559 1823 655 1892 τὴν
700 1820 791 1875 τοῦ
825 1815 1158 1884 Μονογενοῦς
1191 1812 1446 1883 ἐπιδείξῃ,
1491 1829 1708 1884 συγκρι-

1803 616 1997 686 jnrem,
2038 627 2090 668 et
2125 632 2216 670 eos
2265 613 2352 681 qui
2385 610 2639 681 azqualem
2684 609 2884 674 dicunt,
2924 611 3200 665 dementiae
3240 611 3357 665 insi-

1811 707 2059 770 mulavit;
2091 708 2240 773 quasi
2268 712 2605 772 suppeterent
2634 702 2734 757 sibi
2757 716 2818 756 ea
2848 705 2910 755 de
2940 715 2996 754 re
3023 703 3359 759 demonstra-

1811 799 2003 859 tiones,
2035 797 2223 865 quibus
2251 812 2351 850 non
2387 795 2553 862 possit
2591 793 2905 856 contradici,
2935 792 3204 861 paululum
3238 809 3360 861 pro-

1810 900 2026 954 gressus
2058 884 2231 950 qualia
2257 885 2476 948 scribat,
2511 883 2810 947 expendite.

1881 976 2010 1031 Eua.
2059 974 2278 1038 Verum,
2321 977 2458 1040 quod
2506 987 2641 1026 unus
2695 976 2763 1028 sit
2810 973 3174 1028 universorum
3223 973 3358 1027 Deus

1811 1071 2072 1139 ingenitus
2098 1078 2256 1135 atque
2294 1064 2740 1136 incomparabilis,
2767 1068 3000 1133 pluribus
3032 1067 3273 1131 omissis,
3295 1079 3354 1118 ea

1809 1177 1927 1232 quat
1978 1162 2115 1216 dicta
2163 1165 2303 1220 sunt,
2354 1167 2499 1225 puto,
2529 1157 2794 1212 sufﬁciunt
2831 1160 2894 1210 ad
2944 1157 3358 1213 demonstratio-

1811 1269 1948 1309 nem.

1878 1346 2000 1400 llas.
2026 1345 2387 1412 lnterrogetur
2414 1339 2592 1407 itaque
2630 1355 2642 1390 :
2681 1338 2723 1391 si
2750 1338 3173 1405 incomparabilis
3195 1339 3352 1410 237

1810 1446 1890 1489 est
1933 1438 2090 1496 Deus,
2133 1437 2268 1488 unde
2312 1431 2590 1502 praesentia
2636 1430 2749 1498 ejus
2791 1429 3171 1496 comprehensa
3225 1434 3352 1484 est?

1811 1527 2012 1595 Quippe
2050 1527 2098 1579 id
2133 1525 2269 1592 quod
2300 1524 2469 1591 majus
2503 1532 2676 1577 estex
2727 1522 3120 1589 comparatione
3171 1537 3353 1576 eorum

1811 1633 1927 1688 qua:
1960 1625 2296 1684 superantur,
2329 1617 2641 1670 mstimatur.
2679 1613 2776 1679 Qui
2813 1614 2972 1683 igitur
3003 1613 3114 1667 ﬁeri
3159 1624 3352 1682 potest,

1811 1720 1866 1762 ut
1893 1708 2029 1762 idem
2061 1717 2113 1759 et
2159 1706 2327 1775 major
2358 1706 2426 1759 sit
2455 1716 2508 1759 et
2563 1706 3044 1773 incomparabilis’?
3074 1704 3264 1758 Verum
3300 1716 3356 1758 ut

1814 1802 1902 1855 Dei
1947 1799 2295 1854 substantiam
2341 1799 2406 1852 ab
2447 1799 2707 1867 Unigeniti
2760 1798 3053 1853 subSIantia
3092 1800 3352 1853 diversam

160 1919 330 1980 τικῶς
373 1917 657 1984 λεγόμενον
695 1913 754 1964 τὸ
769 1907 966 1979 μεῖζον
1008 1908 1085 1972 είς
1123 1906 1219 1978 τὴν
1249 1907 1342 1976 τῆς
1386 1903 1569 1967 οὐσίας
1604 1903 1707 1956 δια-

1820 1892 2130 1954 ostenderet,
2151 1887 2296 1951 illud,
2326 1886 2516 1954 majus,
2539 1903 2631 1940 ceu
2666 1889 3020 1955 comparative
3048 1897 3351 1957 usurpatum

161 2012 337 2080 φορὰν
376 1993 677 2072 ἐξεδέξατο·
713 2003 796 2054 ἵνα
823 2001 878 2054 δὲ
921 1999 1077 2052 πάλιν
1125 2002 1202 2062 είς
1241 1998 1299 2052 τὸ
1345 1997 1601 2068 ὁμότιμον
1645 1995 1709 2064 τῇ

161 2103 344 2156 κτίσει
385 2099 474 2151 τὸν
524 2093 796 2164 Μονογενῆ
848 2093 1128 2162 καταγάγῃ
1151 2130 1164 2148 ,
1211 2089 1530 2158 ἀσύγκριτον
1578 2081 1712 2140 εἶναι

161 2195 256 2247 τὸν
300 2191 516 2261 Πατέρα
548 2187 848 2258 νομοθετεῖο
890 2185 1077 2252 καινήν
1107 2198 1225 2233 τινα
1259 2181 1350 2232 καὶ
1393 2179 1710 2250 ἀσύγκριτον

161 2287 334 2348 ὅντως
373 2282 468 2354 τὴν
500 2281 616 2333 ὁδὸν
646 2279 742 2347 τῆς
777 2274 1115 2346 βλασφημίας
1163 2271 1419 2325 ἐπινοώνο
1451 2274 1505 2322 ἐν
1548 2286 1712 2340 προσ-

163 2381 384 2449 ποιήσει
429 2375 493 2447 δὴ
539 2372 631 2426 τοῦ
680 2368 845 2440 ὑψοῦν
899 2368 989 2422 καὶ
1039 2365 1269 2436 ἐξαίρειν
1312 2364 1400 2416 τὸν
1443 2361 1573 2414 Θεὸν
1622 2361 1715 2413 καὶ

164 2471 418 2540 Πατέρα,
456 2468 548 2520 τοῦ
590 2461 921 2532 Μονογενοῦς
966 2460 1094 2513 Υἱοῦ
1125 2458 1216 2512 καὶ
1247 2455 1378 2510 Θεοῦ
1419 2455 1516 2526 τὴν
1560 2453 1714 2518 δόξαν

165 2558 653 2628 κατασμικρύνων⁸
700 2554 790 2606 τοῦ
830 2551 1026 2621 Κυρίου
1055 2547 1583 2618 διαμαρτυρουμένου
1623 2545 1714 2597 καὶ

165 2652 449 2714 λέγοντος·
488 2649 539 2699 '0
580 2645 664 2714 μὴ
719 2643 898 2712 τιμῶν
951 2641 1054 2694 τὸν
1110 2639 1265 2701 Υίόν,
1307 2639 1376 2689 οὐ
1433 2633 1567 2720 τᾳιᾴ
1609 2635 1714 2686 τὸν

167 2743 426 2812 Πατέρα·
478 2739 602 2792 καί·
651 2739 710 2789 '0
763 2733 987 2790 ἀθετῶν
1028 2732 1132 2802 ἐμὲ
1180 2732 1289 2784 οὐκ
1341 2728 1442 2797 ἐμὲ
1490 2728 1709 2780 ἀθετεῖ·

165 2837 331 2890 dua
361 2833 466 2888 τὸν
496 2827 810 2902 πέμψαντά
841 2845 930 2898 με.
983 2825 1116 2879 Ἀλλ’
1158 2827 1185 2878 6
1221 2821 1409 2893 ἐχθρὸς
1445 2819 1542 2889 τῆς
1589 2818 1716 2886 ἀλη-

165 2928 351 2992 Οεξας,
395 2930 422 2980 6
455 2924 690 2995 ἐνεργῶν
737 2923 804 2975 τὰ
851 2919 1072 2973 τοιαῦτα
1124 2918 1297 2983 λέγειν
1345 2915 1436 2967 καὶ
1486 2911 1714 2981 γράφειν

166 3020 376 3080 αὐτοῖς,
403 3013 536 3066 εἶδεν
579 3015 751 3064 ἐκεῖνο
780 3010 909 3077 (85),
946 3010 1046 3070 ὅτι,
1078 3008 1124 3058 εἰ
1169 3005 1302 3073 πρὸς
1353 3004 1452 3072 τὴν
1505 3001 1714 3054 σύνεσιν

169 3110 370 3169 αὐτοὺς
398 3105 493 3174 τῆς
519 3102 612 3155 τοῦ
646 3098 972 3166 Μονογενοῦς
1001 3097 1155 3166 δόξης
1183 3094 1597 3164 ἀποτυφλώσειε,
1626 3093 1714 3146 καὶ

167 3200 272 3269 τὴν
305 3194 462 3250 αὑτοῦ
495 3193 586 3246 τοῦ
633 3191 763 3244 Θεοῦ
797 3191 888 3244 καὶ
922 3189 1128 3260 Πατρὸς
1158 3187 1353 3254 γνῶσιν
1389 3184 1714 3252 συναφαιρή-

171 3308 359 3344 σεται·
395 3290 530 3342 ὥστε
547 3326 561 3351 ,

175 3401 304 3454 μειν
334 3381 408 3452 τῷ
436 3379 550 3449 Θεῷ
579 3379 669 3431 καὶ
696 3375 868 3447 Πατρὶ
886 3414 898 3438 ,
942 3372 1102 3444 μηδὲν
1149 3371 1328 3430 αὐτοῖς
1357 3367 1542 3435 ὄφελος
1588 3362 1721 3418 εἶναι

170 3476 277 3545 τῆς
326 3472 457 3542 πρὸς
498 3469 655 3522 αὑτὸν
700 3466 936 3537 ἀγούσης
981 3461 1096 3518 ὁδοῦ
1128 3460 1224 3532 τὴν
1268 3460 1466 3528 γνῶσιν
1509 3459 1723 3528 ἀφῃρη-

177 3569 386 3640 μένοις.
439 3561 650 3632 Ἐπειδὴ
703 3561 795 3614 καὶ
858 3560 1096 3612 Ἰουδαῖοι
1153 3555 1392 3622 δοξάζειν
1451 3552 1538 3604 τὸν
1598 3550 1726 3602 Θεὸν

173 3661 410 3721 πίονται,
466 3656 558 3708 καί⁹
610 3653 870 3720 Ἑλλήνων
937 3667 1018 3712 τις
1060 3648 1344 3702 ἀκούσεται
1397 3643 1726 3715 βουλομένων

174 3767 229 3807 τι
267 3750 407 3823 μέγα
456 3745 582 3818 περὶ
624 3742 754 3796 Θεοῦ
809 3740 1014 3809 λέγειν·
1049 3739 1161 3792 ἀλλ’
1207 3739 1352 3807 ὅμως
1400 3738 1498 3789 οὐκ
1537 3735 1600 3787 ἄν
1645 3750 1727 3794 τις

175 3845 322 3896 εἴποι
358 3837 670 3910 μεγαλύνειν
697 3835 889 3895 αὐτοὺς
920 3832 1008 3885 τὸν
1037 3830 1166 3882 Θεὸν
1196 3829 1322 3882 ἄνευ
1351 3830 1448 3898 τῆς
1487 3827 1566 3888 είς
1595 3827 1726 3895 Χρι-

179 3934 306 3988 στὸν
355 3932 621 3992 πίστεως,
671 3928 737 3981 δι’
781 3918 903 3996 οῦὴ
960 3922 1286 3995 προσαγωγὴ
1329 3921 1424 3991 τῆς
1478 3916 1728 3987 γνώσεώς

177 4031 351 4083 ἐστιν.

249 4122 342 4176 27.
395 4117 742 4188 Ἀσύγκριτον
782 4111 872 4165 οῦν
920 4111 1008 4164 τὸν
1054 4108 1185 4161 Θεὸν
1240 4106 1405 4173 λέγει,
1451 4105 1535 4155 ἵνα
1582 4100 1728 4172 δείξῃ

179 4214 314 4268 Υἱὸν
344 4213 454 4263 ἴσον
498 4209 624 4263 ὄντα
653 4209 719 4276 τῇ
751 4205 949 4265 κτίσει,
986 4204 1042 4254 ὲν
1087 4199 1162 4269 τῷ
1199 4198 1395 4266 ὁμοίως
1433 4194 1532 4263 τῆς
1575 4193 1729 4262 δόξης

177 4304 280 4359 τοῦ
313 4301 523 4372 Πατρὸς
566 4293 976 4362 ἀπολείπεσθαι·
1007 4291 1139 4344 διότι
1171 4287 1240 4340 τὰ
1277 4285 1384 4355 (86)
1423 4285 1519 4351 ἴσῳ
1550 4282 1731 4352 μέτρῳ

181 4396 557 4468 ὑπερεχόμενα
600 4391 692 4442 ῐσα
731 4386 974 4457 ἀλλήλοις
1013 4379 1320 4449 ἀναγκαίως
1365 4377 1499 4430 ὲστί.
1539 4373 1733 4426 Τοσοῦ-

180 4465 360 4544 τοννδὲ
395 4483 713 4556 ὑπερέχεται
757 4477 895 4530 κατά
937 4475 1025 4528 τὸν
1068 4472 1251 4526 τούτου
1295 4469 1404 4540 (87)
1449 4468 1600 4534 λόγον
1630 4465 1732 4517 ὑπὸ

1811 1997 1904 2050 pro
1953 1981 2263 2036 substantia:
2312 1981 2618 2034 diversitate
2661 1980 2866 2048 accepit
2904 1996 2917 2032 :
2959 1997 3164 2047 rursus,
3199 1993 3254 2034 ut
3289 1983 3353 2035 ad

1811 2080 2067 2125 creaturae
2091 2073 2441 2141 a:qualitatem
2476 2070 2811 2141 Uuigenitum
2849 2073 3114 2140 detrudat,
3139 2073 3352 2128 Patrem

1811 2164 1980 2219 sancit
2013 2179 2128 2219 esse
2159 2165 2647 2235 incomparabilem.
2672 2164 2867 2219 Novam
2895 2167 3104 2234 quidem
3139 2183 3200 2222 ac
3234 2181 3355 2221 vere

1813 2258 2273 2326 incomparabilem
2325 2259 2666 2326 blasphemia:
2703 2257 2839 2310 viain
2879 2267 3211 2312 commentus
3252 2273 3349 2312 es:

1810 2351 1897 2416 qui
1943 2351 2141 2404 interea
2175 2351 2296 2402 dum
2335 2349 2568 2401 exaltare
2597 2363 2653 2403 se
2690 2364 2753 2402 ac
2793 2348 3042 2403 extollere
3097 2350 3260 2402 Deum
3303 2358 3355 2402 et

1811 2442 2022 2498 Patrem
2053 2441 2286 2506 simulat,
2317 2440 2593 2495 imminuat
2621 2437 2884 2510 Cnigeniti
2915 2441 3030 2496 Filii
3052 2453 3103 2497 et
3127 2443 3214 2497 Dei
3247 2458 3357 2495 ma-

1807 2540 2056 2605 jestatem
2091 2550 2105 2597 ;
2137 2549 2442 2603 quanquam
2492 2534 2744 2587 Dominus
2799 2543 3026 2588 testatur
3076 2549 3137 2585 ac
3179 2533 3352 2586 dicit:

1813 2627 1913 2691 Qui
1947 2641 2047 2679 non
2063 2624 2282 2677 honorat
2317 2621 2539 2686 Filium,
2572 2621 2777 2676 Patrem
2807 2641 2905 2677 non
2933 2623 3147 2677 honorat
3181 2623 3223 2656 ⁸⁵
3245 2642 3260 2690 ;
3283 2633 3355 2687 et,

1814 2717 1914 2780 Qui
1941 2731 2018 2768 me
2044 2713 2344 2780 contemnit,
2377 2729 2475 2767 non
2504 2729 2582 2766 me
2601 2715 2997 2777 contemnit,sed
3019 2730 3132 2766 eum
3166 2713 3256 2783 qui
3281 2729 3360 2767 me

1811 2811 1945 2861 misit
1970 2811 2031 2862 ⁸⁸.
2067 2810 2169 2863 Sed
2210 2809 2449 2864 veritatis
2485 2809 2753 2873 inimicus,
2782 2808 2928 2879 cujus
2965 2824 3123 2878 opera
3162 2823 3223 2863 ac
3259 2809 3360 2862 im-

1814 2902 1964 2968 pulsu
1994 2899 2081 2952 isti
2126 2899 2237 2953 haec
2273 2900 2452 2953 dicunt
2487 2900 2846 2969 serilnnnque,
2885 2900 3007 2952 illud
3042 2901 3189 2962 vidit,
3219 2901 3358 2969 quol

1814 2993 1856 3046 si
1887 3005 1982 3044 eos
2025 2991 2165 3044 circa
2210 2989 2388 3060 gloria:
2424 2990 2687 3058 Unigeniti
2731 2990 3086 3059 cognitionem
3123 3006 3327 3044 excaecat

1815 3084 1902 3146 rit,
1933 3083 2091 3138 etiam
2123 3083 2289 3150 ipsius
2346 3081 2438 3134 Dei
2478 3097 2541 3135 ac
2579 3078 2754 3134 Patris
2796 3083 3152 3149 cognitionem
3201 3082 3361 3141 simul

1814 3176 2084 3229 ablaturus
2126 3186 2267 3228 esset
2301 3191 2314 3226 :
2353 3185 2409 3227 ut
2434 3173 2640 3227 etiamsi
2686 3173 2961 3226 videantur
2991 3174 3362 3242 praarogativas

603 3288 649 3338 εἰ
682 3286 771 3336 καὶ
821 3281 1062 3335 δοκοῦσιν
1107 3277 1402 3349 ὑπερϐολάς
1450 3294 1595 3338 τινας
1639 3275 1718 3325 νέ-

1823 3268 2074 3332 quasdam
2109 3265 2216 3317 Deo
2251 3274 2303 3318 et
2333 3263 2470 3316 Patri
2497 3262 2811 3326 attribuere,
2847 3262 3045 3316 nullum
3078 3273 3251 3317 tamen
3285 3263 3334 3316 in

1823 3359 1888 3411 de
1917 3355 2331 3409 emolumentum
2382 3362 2792 3420 consequantur,
2827 3368 2946 3407 cum
2988 3354 3065 3407 eis
3104 3353 3216 3424 ejus
3246 3354 3361 3414 via,

1823 3465 1940 3520 quae
1981 3449 2044 3502 ad
2081 3448 2248 3516 ipsum
2301 3446 2462 3507 ducit,
2490 3449 2739 3514 adempta
2795 3446 2978 3499 notitia
3015 3446 3103 3498 sit.
3141 3443 3272 3497 Nam
3313 3456 3368 3499 et

1822 3541 1985 3595 Judaei
2017 3541 2179 3607 gloria
2205 3539 2364 3592 Deum
2397 3537 2604 3591 allicere
2627 3553 2684 3592 se
2707 3545 2919 3602 putant;
2951 3547 2999 3591 et
3033 3538 3216 3591 audias
3241 3553 3369 3606 gen-

1826 3632 1944 3686 tiles
1984 3630 2281 3693 nonnullos,
2312 3629 2399 3697 qui
2428 3628 2624 3696 aliquid
2661 3629 2822 3681 venint
2853 3628 3024 3696 magni
3056 3628 3120 3681 de
3150 3627 3257 3682 Deo
3283 3628 3364 3680 di-

1824 3737 1978 3780 cere:
2006 3723 2098 3778 sed
2138 3721 2204 3776 ab
2233 3723 2295 3776 iis
2325 3722 2523 3790 absque
2553 3720 2655 3774 ﬁde
2697 3719 2747 3772 in
2779 3720 3044 3772 Christum
3079 3734 3172 3786 per
3210 3735 3365 3788 quem

1823 3817 1886 3870 ad
1918 3814 2270 3886 cognitionem
2300 3828 2543 3869 accessus
2571 3811 2648 3876 ﬁt,
2669 3813 2830 3868 Deum
2867 3811 3192 3880 magniticari
3223 3811 3371 3865 dixe-

1824 3911 1893 3962 rit
1922 3923 2096 3964 nemo.

1894 4104 1980 4156 ‘27.
2019 4101 2489 4172 lncomparabilem
2529 4101 2690 4171 igitur
2727 4101 2854 4155 dicit
2880 4100 3063 4165 Deum,
3095 4109 3152 4154 ut
3181 4100 3369 4156 Filium

1829 4199 1878 4250 in
1908 4211 1971 4250 eo
1999 4195 2257 4248 creaturis
2280 4193 2532 4262 arqualem
2562 4206 2682 4246 esse
2705 4192 2971 4257 ostendat,
2998 4194 3137 4260 quod
3169 4193 3375 4262 pariter

1830 4291 1978 4343 abest
2007 4303 2035 4341 a
2079 4287 2356 4356 majestate
2408 4285 2596 4340 Patris.
2630 4285 2756 4353 Quae
2799 4286 2938 4340 enim
2986 4286 3174 4354 aequali
3214 4301 3374 4354 supe-

1832 4389 2016 4434 rantur
2055 4393 2324 4442 mensura,
2353 4377 2576 4448 aequalia
2625 4378 2762 4433 inter
2791 4392 2849 4432 se
2883 4378 3189 4431 necessario
3229 4386 3372 4431 sunt.

1831 4471 2059 4523 Tantum
2105 4477 2282 4522 autem
2319 4479 2602 4537 superatur
2644 4468 2936 4521 secundum
2970 4465 3122 4532 hujus
3157 4475 3374 4520 senten-

181 4580 282 4634 τοῦ
306 4578 437 4632 Θεοῦ
466 4577 559 4630 καὶ
580 4571 788 4642 Πατρὸς
805 4573 832 4622 6
862 4564 1166 4632 Μονογενὴς
1187 4563 1329 4624 Υἱὸς,
1357 4562 1475 4614 ὅσον
1511 4557 1603 4611 καὶ
1629 4556 1718 4609 τῶι

1836 4563 1958 4614 tiam
1996 4577 2024 4614 a
2064 4560 2170 4614 Deo
2199 4569 2253 4612 et
2287 4558 2443 4612 Patre
2485 4559 2788 4627 unigenitus
2815 4556 2996 4623 Filius,
3032 4570 3287 4627 quantum
3323 4568 3381 4612 et

183 4672 359 4725 ἄλλων
395 4669 636 4720 ἕκαστον.
668 4662 912 4717 Τοιοῦτον
965 4659 1070 4727 γάρ
1114 4658 1226 4707 ἐστι
1276 4653 1336 4705 τὸ
1384 4651 1728 4720 ἀσύγκριτον,

181 4764 212 4815 ὃ
242 4761 406 4813 πᾶσιν
435 4757 630 4826 ὁμοίως
659 4755 800 4806 ἐστὶν
831 4747 1267 4819 ἀπροσπέλαστον
1307 4744 1397 4796 καὶ
1424 4741 1725 4826 ἀνέφικτον.

184 4855 252 4907 Ei.
282 4851 338 4905 δὲ
382 4824 492 4902 ἴσον
542 4846 651 4916 (88)
694 4847 802 4906 τοῖς
852 4841 1026 4901 ἄλλοις
1063 4837 1154 4890 τοῦ
1193 4833 1402 4904 Πατρὸς
1449 4824 1734 4884 ἀπολείπε-

183 4963 298 5009 ται,
331 4944 440 5006 ἴσος
478 4940 703 5000 ἐκείνοις
742 4936 855 4988 ἐστὶ
893 4931 1007 5003 μεθ’
1036 4925 1108 4982 ὧν
1148 4927 1510 4982 ἀπολείπεται.
1541 4923 1604 4974 Τί
1644 4919 1733 4973 οῦν

185 5041 289 5108 τῆς
321 5034 660 5106 βλασφημίας
692 5029 890 5097 ταύτης
924 5028 1098 5095 χεῖρον
1130 5022 1328 5074 εἴποιεν
1359 5017 1421 5070 ἂν
1461 5017 1734 5079 Ἰουδαῖοι;

184 5130 324 5184 τίδὲ
369 5128 475 5179 τῶν
514 5124 678 5178 ἐθνῶν
722 5120 983 5186 λεγόντων
1018 5116 1161 5167 ἐστὶν
1205 5111 1447 5174 ἀκούειν;
1495 5109 1602 5161 Καὶ
1641 5109 1739 5161 οὐκ

188 5219 513 5292 ὲρυθριῶσιν
540 5218 587 5268 oi
629 5215 718 5266 τὸν
745 5211 835 5263 τοῦ
875 5207 1009 5260 Θεοῦ
1041 5207 1207 5273 Λόγον
1251 5200 1563 5272 πρεσϐεύειν
1606 5217 1736 5270 σχη-

191 5291 564 5384 ματιζόμενα,
598 5302 866 5362 Ἰουδαίοις
898 5298 991 5351 καὶ
1021 5295 1239 5362 Ἕλλησι
1273 5292 1398 5343 φίλα
1441 5291 1532 5342 καὶ
1575 5307 1739 5360 προσ-

267 5448 310 5480 ¹⁸
335 5443 490 5499 Joan.
517 5457 569 5504 ν,
592 5440 682 5493 25.
757 5438 798 5469 ⁸⁸
834 5436 965 5490 Luc.
1006 5449 1060 5496 χ,
1096 5431 1182 5484 16.

268 5559 380 5630 (84)
419 5557 548 5622 Reg.
571 5554 767 5630 tertius
801 5554 852 5606 in
899 5549 1137 5618 margine
1168 5560 1328 5599 manu
1367 5543 1526 5612 paulo
1557 5557 1742 5598 recen-

191 5625 335 5686 tiore
365 5625 749 5694 ὲπεγκαλέσας.
840 5686 882 5694 _A
998 5692 1007 5694 4
1086 5690 1107 5694 _
1322 5684 1333 5694 _
1381 5683 1393 5691 _

272 5698 381 5771 (85)
411 5684 538 5771 Reg.
568 5684 787 5771 quartus
813 5686 959 5771 οἶδεν.
995 5690 1186 5771 ἐκεῖνο,
1219 5684 1354 5771 novit
1381 5684 1550 5771 illud,
1584 5695 1635 5738 et
1667 5685 1738 5739 ita

195 5755 412 5842 quoque
429 5755 628 5842 legitur
658 5765 709 5817 in
733 5760 1188 5842 Colli‘ertinonsoed
1225 5755 1452 5842 sequnda
1486 5772 1669 5842 m‘nmj,

272 5825 382 5897 Isin
422 5825 596 5892 codex
631 5848 766 5888 unus
801 5831 881 5885 διὸ
907 5831 993 5884 τά.
1028 5828 1126 5881 Alii
1160 5828 1261 5882 duo
1289 5825 1421 5877 διότι
1456 5827 1547 5878 και
1581 5828 1665 5878 τά.

1838 4655 2061 4706 aliorum
2091 4650 2311 4720 singula.
2338 4649 2463 4702 Nam
2495 4651 2634 4717 quod
2659 4649 2950 4716 comparari
2976 4663 3079 4702 non
3108 4655 3302 4714 potest,
3329 4648 3379 4699 id

1835 4744 2088 4812 ejusmodi
2116 4752 2215 4805 est,
2247 4750 2302 4795 ut
2334 4740 2578 4795 omnibus
2612 4741 2807 4807 pariter
2839 4741 3167 4792 inaccessum
3200 4737 3269 4790 sit
3296 4746 3380 4790 at-

1838 4852 1941 4908 que
1972 4835 2493 4907 impervium.Quare
2520 4834 2564 4888 si
2595 4832 2758 4887 Filius
2784 4847 2811 4884 a
2845 4831 2997 4884 Patre
3020 4845 3167 4898 teque
3197 4830 3376 4889 distat,

1841 4939 1998 4998 atque
2028 4943 2112 4982 res
2138 4928 2274 4988 alim,
2298 4926 2517 4997 mqualis
2545 4934 2630 4979 est
2663 4925 2727 4977 iis
2756 4923 3065 4991 quibuscum
3101 4926 3165 4976 ab
3191 4923 3277 4974 illo
3306 4922 3382 4974 di.

1840 5027 1964 5072 stat.
1991 5016 2123 5083 Quid
2155 5018 2312 5085 igitur
2345 5016 2445 5069 hac
2488 5014 2810 5081 blasphemia
2841 5012 2987 5080 pejus
3025 5012 3258 5064 dixerint
3288 5008 3380 5062 Ju-

1841 5111 1935 5164 daei
1971 5111 1994 5162 ?
2026 5110 2150 5178 quid
2197 5109 2432 5161 deterius
2454 5123 2516 5161 ex
2552 5108 2793 5176 gentibus
2839 5106 3022 5158 audire
3057 5104 3384 5172 possumus?

1838 5199 1946 5255 Nec
1985 5203 2145 5270 pudet
2192 5215 2287 5253 eos
2326 5201 2412 5268 qui
2455 5214 2511 5254 se
2543 5197 2770 5252 Verbum
2802 5198 2892 5251 Dei
2939 5195 3114 5249 colere
3160 5195 3382 5261 tingunt.

1842 5291 2038 5346 Juda:is
2063 5309 2123 5347 ac
2153 5291 2685 5361 gentilibusjucunda
2712 5291 3024 5343 documenta
3053 5298 3210 5341 atuue
3233 5285 3386 5338 fami-

1940 5543 2028 5612 87)
2058 5542 2279 5598 Codices
2314 5541 2514 5608 aliquot
2546 5537 2633 5590 τὸν
2661 5535 2882 5596 τούτων,
2916 5535 2991 5588 ιιιὶ
3021 5535 3248 5587 sentiunt
3282 5531 3389 5584 Eu-

1847 5631 2219 5755 ηοῖἓξηὲιίὶιί,
2239 5682 2299 5735 Εἰ
2323 5681 2379 5735 δὲ
2401 5680 2461 5734 τὸ
2491 5677 2623 5734 ἴσον.
2651 5681 2714 5732 At
2732 5692 2857 5733 mss.
2885 5674 3234 5744 antiquiores,
3254 5673 3316 5727 Et
3335 5671 3391 5726 δὲ

1848 5763 1979 5814 ἴσον.
