  <div class='ocr_page' id='page_1' title='image "/cluster/home/n/w/nwhite01/storage/ocr_20150623/29/pst.000005712274/689.png"; bbox 0 0 4084 6318; ppageno 0'>
   <div class='ocr_carea' id='block_1_1' title="bbox 678 392 2564 456">
    <p class='ocr_par' dir='ltr' id='par_1_1' title="bbox 678 392 2564 456">
     <span class='ocr_line' id='line_1_1' title="bbox 678 392 2564 456; baseline -0.005 0"><span class='ocrx_word' id='word_1_1' title='bbox 678 405 772 456; x_wconf 80' lang='grc'><strong>571</strong></span> <span class='ocrx_word' id='word_1_2' title='bbox 1983 396 2035 448; x_wconf 92' lang='lat' dir='ltr'><strong>S.</strong></span> <span class='ocrx_word' id='word_1_3' title='bbox 2080 392 2314 446; x_wconf 72' lang='lat' dir='ltr'><strong>BASILII</strong></span> <span class='ocrx_word' id='word_1_4' title='bbox 2354 394 2564 448; x_wconf 74' lang='lat' dir='ltr'><strong>MAGNI</strong></span> 
     </span>
    </p>
   </div>
   <div class='ocr_carea' id='block_1_2' title="bbox 3783 396 3881 448">
    <p class='ocr_par' dir='ltr' id='par_1_2' title="bbox 3783 396 3881 448">
     <span class='ocr_line' id='line_1_2' title="bbox 3783 396 3881 448; baseline 0.02 -3"><span class='ocrx_word' id='word_1_5' title='bbox 3783 396 3881 448; x_wconf 72' lang='lat'><strong>57?.</strong></span> 
     </span>
    </p>
   </div>
   <div class='ocr_carea' id='block_1_3' title="bbox 676 505 2211 580">
    <p class='ocr_par' dir='ltr' id='par_1_3' title="bbox 676 509 2211 580">
     <span class='ocr_line' id='line_1_3' title="bbox 676 509 2211 580; baseline -0.004 -13"><span class='ocrx_word' id='word_1_6' title='bbox 676 514 828 567; x_wconf 78' lang='lat' dir='ltr'><strong>liaria</strong></span> <span class='ocrx_word' id='word_1_7' title='bbox 863 525 1176 580; x_wconf 73' lang='lat' dir='ltr'><strong>proponere.</strong></span> <span class='ocrx_word' id='word_1_8' title='bbox 1202 509 1329 562; x_wconf 79' lang='lat' dir='ltr'><strong>Nam</strong></span> <span class='ocrx_word' id='word_1_9' title='bbox 1366 511 1407 563; x_wconf 88' lang='lat' dir='ltr'><strong>si</strong></span> <span class='ocrx_word' id='word_1_10' title='bbox 1435 511 1538 564; x_wconf 87' lang='lat' dir='ltr'><strong>Deo</strong></span> <span class='ocrx_word' id='word_1_11' title='bbox 1565 519 1616 564; x_wconf 88' lang='lat' dir='ltr'><strong>et</strong></span> <span class='ocrx_word' id='word_1_12' title='bbox 1648 509 1789 562; x_wconf 85' lang='lat' dir='ltr'><strong>Patri</strong></span> <span class='ocrx_word' id='word_1_13' title='bbox 1817 525 1918 562; x_wconf 88' lang='lat' dir='ltr'><strong>non</strong></span> <span class='ocrx_word' id='word_1_14' title='bbox 1952 525 2211 576; x_wconf 88' lang='lat' dir='ltr'><strong>compara-</strong></span> 
     </span>
    </p>
   </div>
   <div class='ocr_carea' id='block_1_4' title="bbox 2315 505 3882 580">
    <p class='ocr_par' dir='ltr' id='par_1_4' title="bbox 2331 505 3882 580">
     <span class='ocr_line' id='line_1_4' title="bbox 2331 505 3882 580; baseline 0.002 -20"><span class='ocrx_word' id='word_1_15' title='bbox 2331 509 2498 579; x_wconf 85' lang='grc' dir='ltr'>ήγορα</span> <span class='ocrx_word' id='word_1_16' title='bbox 2544 505 2653 575; x_wconf 79' lang='grc'>(89)</span> <span class='ocrx_word' id='word_1_17' title='bbox 2698 507 2992 577; x_wconf 75' lang='grc' dir='ltr'><strong>διδάγματα</strong></span> <span class='ocrx_word' id='word_1_18' title='bbox 3065 508 3485 580; x_wconf 72' lang='grc' dir='ltr'>προτεινόμενοι.</span> <span class='ocrx_word' id='word_1_19' title='bbox 3535 513 3594 563; x_wconf 84' lang='grc' dir='ltr'><strong>ΕΞ</strong></span> <span class='ocrx_word' id='word_1_20' title='bbox 3651 509 3757 579; x_wconf 71' lang='grc' dir='ltr'><strong>γὰρ</strong></span> <span class='ocrx_word' id='word_1_21' title='bbox 3814 510 3882 578; x_wconf 73' lang='grc' dir='ltr'>μή</span> 
     </span>
    </p>
   </div>
   <div class='ocr_carea' id='block_1_5' title="bbox 677 602 2224 674">
    <p class='ocr_par' dir='ltr' id='par_1_5' title="bbox 677 602 2224 674">
     <span class='ocr_line' id='line_1_5' title="bbox 677 602 2224 674; baseline -0.002 -18"><span class='ocrx_word' id='word_1_22' title='bbox 677 617 783 666; x_wconf 90' lang='lat' dir='ltr'><strong>tur,</strong></span> <span class='ocrx_word' id='word_1_23' title='bbox 826 604 1270 672; x_wconf 82' lang='lat' dir='ltr'><strong>quemadmodum</strong></span> <span class='ocrx_word' id='word_1_24' title='bbox 1335 619 1505 670; x_wconf 89' lang='lat' dir='ltr'><strong>neque</strong></span> <span class='ocrx_word' id='word_1_25' title='bbox 1561 602 1755 670; x_wconf 81' lang='lat' dir='ltr'><strong>angeli,</strong></span> <span class='ocrx_word' id='word_1_26' title='bbox 1797 619 1966 674; x_wconf 89' lang='lat' dir='ltr'><strong>neque</strong></span> <span class='ocrx_word' id='word_1_27' title='bbox 2009 602 2224 664; x_wconf 61' lang='lat' dir='ltr'><strong>caelum,</strong></span> 
     </span>
    </p>
   </div>
   <div class='ocr_carea' id='block_1_6' title="bbox 675 695 2222 765">
    <p class='ocr_par' dir='ltr' id='par_1_6' title="bbox 675 695 2222 765">
     <span class='ocr_line' id='line_1_6' title="bbox 675 695 2222 765; baseline 0 -17"><span class='ocrx_word' id='word_1_28' title='bbox 675 711 846 762; x_wconf 87' lang='lat' dir='ltr'><strong>neque</strong></span> <span class='ocrx_word' id='word_1_29' title='bbox 878 696 978 759; x_wconf 85' lang='lat' dir='ltr'><strong>sol,</strong></span> <span class='ocrx_word' id='word_1_30' title='bbox 1016 710 1188 762; x_wconf 82' lang='lat' dir='ltr'><strong>neque</strong></span> <span class='ocrx_word' id='word_1_31' title='bbox 1220 705 1381 760; x_wconf 67' lang='lat' dir='ltr'><strong>terra,</strong></span> <span class='ocrx_word' id='word_1_32' title='bbox 1406 709 1575 762; x_wconf 90' lang='lat' dir='ltr'><strong>neque</strong></span> <span class='ocrx_word' id='word_1_33' title='bbox 1604 697 1908 750; x_wconf 78' lang='lat' dir='ltr'><strong>animalium</strong></span> <span class='ocrx_word' id='word_1_34' title='bbox 1941 711 2054 765; x_wconf 67' lang='lat' dir='ltr'><strong>qua:</strong></span> <span class='ocrx_word' id='word_1_35' title='bbox 2086 695 2136 746; x_wconf 93' lang='lat' dir='ltr'><strong>in</strong></span> <span class='ocrx_word' id='word_1_36' title='bbox 2162 709 2222 748; x_wconf 89' lang='lat' dir='ltr'><strong>ea</strong></span> 
     </span>
    </p>
   </div>
   <div class='ocr_carea' id='block_1_7' title="bbox 671 788 2225 858">
    <p class='ocr_par' dir='ltr' id='par_1_7' title="bbox 671 788 2225 858">
     <span class='ocr_line' id='line_1_7' title="bbox 671 788 2225 858; baseline 0 -18"><span class='ocrx_word' id='word_1_37' title='bbox 671 798 794 840; x_wconf 87' lang='lat' dir='ltr'><strong>sunt</strong></span> <span class='ocrx_word' id='word_1_38' title='bbox 819 788 1006 850; x_wconf 80' lang='lat' dir='ltr'><strong>ullum,</strong></span> <span class='ocrx_word' id='word_1_39' title='bbox 1044 803 1216 857; x_wconf 88' lang='lat' dir='ltr'><strong>neque</strong></span> <span class='ocrx_word' id='word_1_40' title='bbox 1247 791 1546 858; x_wconf 80' lang='lat' dir='ltr'><strong>plantarum</strong></span> <span class='ocrx_word' id='word_1_41' title='bbox 1581 789 1682 840; x_wconf 93' lang='lat' dir='ltr'><strong>ulla</strong></span> <span class='ocrx_word' id='word_1_42' title='bbox 1715 807 1727 853; x_wconf 86' lang='lat'>;</span> <span class='ocrx_word' id='word_1_43' title='bbox 1757 789 2019 858; x_wconf 89' lang='lat' dir='ltr'><strong>quomodo</strong></span> <span class='ocrx_word' id='word_1_44' title='bbox 2051 803 2078 840; x_wconf 89' lang='lat' dir='ltr'><strong>a</strong></span> <span class='ocrx_word' id='word_1_45' title='bbox 2104 803 2225 854; x_wconf 86' lang='lat' dir='ltr'><strong>pro-</strong></span> 
     </span>
    </p>
   </div>
   <div class='ocr_carea' id='block_1_8' title="bbox 673 879 2221 947">
    <p class='ocr_par' dir='ltr' id='par_1_8' title="bbox 673 879 2221 947">
     <span class='ocr_line' id='line_1_8' title="bbox 673 879 2221 947; baseline 0.001 -17"><span class='ocrx_word' id='word_1_46' title='bbox 673 879 803 947; x_wconf 92' lang='lat' dir='ltr'><strong>priis</strong></span> <span class='ocrx_word' id='word_1_47' title='bbox 829 880 1088 934; x_wconf 77' lang='lat' dir='ltr'><strong>creaturis</strong></span> <span class='ocrx_word' id='word_1_48' title='bbox 1121 883 1222 934; x_wconf 93' lang='lat' dir='ltr'><strong>erit</strong></span> <span class='ocrx_word' id='word_1_49' title='bbox 1273 881 1510 932; x_wconf 88' lang='lat' dir='ltr'><strong>diversus</strong></span> <span class='ocrx_word' id='word_1_50' title='bbox 1538 881 1561 933; x_wconf 65' lang='grc' dir='ltr'>ἵ</span> <span class='ocrx_word' id='word_1_51' title='bbox 1592 892 1798 942; x_wconf 89' lang='lat' dir='ltr'><strong>contra,</strong></span> <span class='ocrx_word' id='word_1_52' title='bbox 1824 881 1960 933; x_wconf 90' lang='lat' dir='ltr'><strong>unde</strong></span> <span class='ocrx_word' id='word_1_53' title='bbox 2000 879 2070 931; x_wconf 92' lang='lat' dir='ltr'><strong>illi</strong></span> <span class='ocrx_word' id='word_1_54' title='bbox 2104 894 2221 932; x_wconf 92' lang='lat' dir='ltr'><strong>cum</strong></span> 
     </span>
    </p>
   </div>
   <div class='ocr_carea' id='block_1_9' title="bbox 673 969 2222 1041">
    <p class='ocr_par' dir='ltr' id='par_1_9' title="bbox 673 969 2222 1041">
     <span class='ocr_line' id='line_1_9' title="bbox 673 969 2222 1041; baseline -0.001 -19"><span class='ocrx_word' id='word_1_55' title='bbox 673 969 827 1023; x_wconf 87' lang='lat' dir='ltr'><strong>Patre</strong></span> <span class='ocrx_word' id='word_1_56' title='bbox 867 971 1221 1038; x_wconf 90' lang='lat' dir='ltr'><strong>conjunctio?</strong></span> <span class='ocrx_word' id='word_1_57' title='bbox 1255 969 1380 1039; x_wconf 87' lang='lat' dir='ltr'><strong>Ego,</strong></span> <span class='ocrx_word' id='word_1_58' title='bbox 1417 970 1610 1041; x_wconf 86' lang='lat' dir='ltr'><strong>inquit,</strong></span> <span class='ocrx_word' id='word_1_59' title='bbox 1648 984 1690 1023; x_wconf 90' lang='lat' dir='ltr'><strong>et</strong></span> <span class='ocrx_word' id='word_1_60' title='bbox 1753 972 1909 1022; x_wconf 83' lang='lat' dir='ltr'><strong>Pater</strong></span> <span class='ocrx_word' id='word_1_61' title='bbox 1941 987 2097 1020; x_wconf 83' lang='lat' dir='ltr'><strong>unum</strong></span> <span class='ocrx_word' id='word_1_62' title='bbox 2135 987 2222 1022; x_wconf 82' lang='lat' dir='ltr'><strong>su-</strong></span> 
     </span>
    </p>
   </div>
   <div class='ocr_carea' id='block_1_10' title="bbox 669 1062 2220 1130">
    <p class='ocr_par' dir='ltr' id='par_1_10' title="bbox 669 1062 2220 1130">
     <span class='ocr_line' id='line_1_10' title="bbox 669 1062 2220 1130; baseline 0.001 -17"><span class='ocrx_word' id='word_1_63' title='bbox 669 1079 781 1115; x_wconf 80' lang='lat' dir='ltr'><strong>mm</strong></span> <span class='ocrx_word' id='word_1_64' title='bbox 821 1063 884 1115; x_wconf 81' lang='lat'><strong>&quot;.</strong></span> <span class='ocrx_word' id='word_1_65' title='bbox 923 1062 1123 1115; x_wconf 83' lang='lat' dir='ltr'><strong>Rursus</strong></span> <span class='ocrx_word' id='word_1_66' title='bbox 1152 1063 1293 1114; x_wconf 89' lang='lat' dir='ltr'><strong>enim</strong></span> <span class='ocrx_word' id='word_1_67' title='bbox 1333 1064 1566 1130; x_wconf 78' lang='lat' dir='ltr'><strong>ejusdem</strong></span> <span class='ocrx_word' id='word_1_68' title='bbox 1604 1063 1727 1116; x_wconf 88' lang='lat' dir='ltr'><strong>dicti</strong></span> <span class='ocrx_word' id='word_1_69' title='bbox 1782 1063 2038 1115; x_wconf 77' lang='lat' dir='ltr'><strong>faciamus</strong></span> <span class='ocrx_word' id='word_1_70' title='bbox 2074 1079 2220 1115; x_wconf 88' lang='lat' dir='ltr'><strong>Ineu-</strong></span> 
     </span>
    </p>
   </div>
   <div class='ocr_carea' id='block_1_11' title="bbox 671 1155 2219 1220">
    <p class='ocr_par' dir='ltr' id='par_1_11' title="bbox 671 1155 2219 1220">
     <span class='ocr_line' id='line_1_11' title="bbox 671 1155 2219 1220; baseline 0.003 -17"><span class='ocrx_word' id='word_1_71' title='bbox 671 1156 887 1208; x_wconf 86' lang='lat' dir='ltr'><strong>tionetn.</strong></span> <span class='ocrx_word' id='word_1_72' title='bbox 937 1155 1063 1216; x_wconf 86' lang='lat' dir='ltr'><strong>Hoc,</strong></span> <span class='ocrx_word' id='word_1_73' title='bbox 1101 1155 1184 1207; x_wconf 88' lang='lat' dir='ltr'><strong>dic</strong></span> <span class='ocrx_word' id='word_1_74' title='bbox 1228 1158 1376 1220; x_wconf 92' lang='lat' dir='ltr'><strong>mihi,</strong></span> <span class='ocrx_word' id='word_1_75' title='bbox 1415 1171 1586 1209; x_wconf 93' lang='lat' dir='ltr'><strong>nonue</strong></span> <span class='ocrx_word' id='word_1_76' title='bbox 1626 1155 1842 1207; x_wconf 86' lang='lat' dir='ltr'><strong>verbum</strong></span> <span class='ocrx_word' id='word_1_77' title='bbox 1888 1164 1967 1206; x_wconf 88' lang='lat' dir='ltr'><strong>est</strong></span> <span class='ocrx_word' id='word_1_78' title='bbox 2004 1169 2219 1220; x_wconf 86' lang='lat' dir='ltr'><strong>compa-</strong></span> 
     </span>
    </p>
   </div>
   <div class='ocr_carea' id='block_1_12' title="bbox 669 1245 2220 1314">
    <p class='ocr_par' dir='ltr' id='par_1_12' title="bbox 669 1245 2220 1314">
     <span class='ocr_line' id='line_1_12' title="bbox 669 1245 2220 1314; baseline 0.001 -18"><span class='ocrx_word' id='word_1_79' title='bbox 669 1247 837 1300; x_wconf 86' lang='lat' dir='ltr'><strong>rantis</strong></span> <span class='ocrx_word' id='word_1_80' title='bbox 871 1247 1291 1314; x_wconf 88' lang='lat' dir='ltr'><strong>seipsum?Quid</strong></span> <span class='ocrx_word' id='word_1_81' title='bbox 1324 1250 1441 1301; x_wconf 80' lang='lat' dir='ltr'><strong>dico</strong></span> <span class='ocrx_word' id='word_1_82' title='bbox 1471 1247 1827 1313; x_wconf 86' lang='lat' dir='ltr'><strong>comparantis</strong></span> <span class='ocrx_word' id='word_1_83' title='bbox 1853 1245 1873 1297; x_wconf 86' lang='lat'><strong>?</strong></span> <span class='ocrx_word' id='word_1_84' title='bbox 1900 1247 2002 1298; x_wconf 89' lang='lat' dir='ltr'><strong>imo</strong></span> <span class='ocrx_word' id='word_1_85' title='bbox 2034 1246 2220 1298; x_wconf 82' lang='lat' dir='ltr'><strong>unien-</strong></span> 
     </span>
    </p>
   </div>
   <div class='ocr_carea' id='block_1_13' title="bbox 670 1337 2219 1403">
    <p class='ocr_par' dir='ltr' id='par_1_13' title="bbox 670 1337 2219 1403">
     <span class='ocr_line' id='line_1_13' title="bbox 670 1337 2219 1403; baseline 0 -14"><span class='ocrx_word' id='word_1_86' title='bbox 670 1338 757 1401; x_wconf 91' lang='lat' dir='ltr'><strong>lis,</strong></span> <span class='ocrx_word' id='word_1_87' title='bbox 793 1347 848 1390; x_wconf 86' lang='lat' dir='ltr'><strong>ut</strong></span> <span class='ocrx_word' id='word_1_88' title='bbox 879 1338 949 1391; x_wconf 86' lang='lat' dir='ltr'><strong>ita</strong></span> <span class='ocrx_word' id='word_1_89' title='bbox 978 1339 1174 1403; x_wconf 88' lang='lat' dir='ltr'><strong>dicam,</strong></span> <span class='ocrx_word' id='word_1_90' title='bbox 1204 1350 1256 1391; x_wconf 88' lang='lat' dir='ltr'><strong>et</strong></span> <span class='ocrx_word' id='word_1_91' title='bbox 1289 1349 1492 1390; x_wconf 70' lang='lat' dir='ltr'><strong>naturre</strong></span> <span class='ocrx_word' id='word_1_92' title='bbox 1521 1337 1916 1388; x_wconf 85' lang='lat' dir='ltr'><strong>similitudinem</strong></span> <span class='ocrx_word' id='word_1_93' title='bbox 1943 1338 2219 1401; x_wconf 66' lang='lat' dir='ltr'><strong>integerri-</strong></span> 
     </span>
    </p>
   </div>
   <div class='ocr_carea' id='block_1_14' title="bbox 669 1426 2216 1495">
    <p class='ocr_par' dir='ltr' id='par_1_14' title="bbox 669 1426 2216 1495">
     <span class='ocr_line' id='line_1_14' title="bbox 669 1426 2216 1495; baseline 0 -15"><span class='ocrx_word' id='word_1_94' title='bbox 669 1443 807 1482; x_wconf 87' lang='lat' dir='ltr'><strong>mam</strong></span> <span class='ocrx_word' id='word_1_95' title='bbox 848 1431 972 1483; x_wconf 91' lang='lat' dir='ltr'><strong>hinc</strong></span> <span class='ocrx_word' id='word_1_96' title='bbox 1015 1429 1336 1482; x_wconf 89' lang='lat' dir='ltr'><strong>declarantis</strong></span> <span class='ocrx_word' id='word_1_97' title='bbox 1375 1428 1397 1479; x_wconf 89' lang='lat'><strong>?</strong></span> <span class='ocrx_word' id='word_1_98' title='bbox 1439 1426 1535 1478; x_wconf 92' lang='lat' dir='ltr'><strong>llic</strong></span> <span class='ocrx_word' id='word_1_99' title='bbox 1573 1442 1700 1479; x_wconf 78' lang='lat' dir='ltr'><strong>vero</strong></span> <span class='ocrx_word' id='word_1_100' title='bbox 1753 1426 2216 1495; x_wconf 76' lang='lat' dir='ltr'><strong>incomparabilem</strong></span> 
     </span>
    </p>
   </div>
   <div class='ocr_carea' id='block_1_15' title="bbox 669 1516 2219 1586">
    <p class='ocr_par' dir='ltr' id='par_1_15' title="bbox 669 1516 2219 1586">
     <span class='ocr_line' id='line_1_15' title="bbox 669 1516 2219 1586; baseline -0.001 -13"><span class='ocrx_word' id='word_1_101' title='bbox 669 1535 786 1573; x_wconf 87' lang='lat' dir='ltr'><strong>esse</strong></span> <span class='ocrx_word' id='word_1_102' title='bbox 819 1522 978 1574; x_wconf 86' lang='lat' dir='ltr'><strong>Deum</strong></span> <span class='ocrx_word' id='word_1_103' title='bbox 1015 1519 1220 1571; x_wconf 85' lang='lat' dir='ltr'><strong>statuit.</strong></span> <span class='ocrx_word' id='word_1_104' title='bbox 1249 1518 1309 1570; x_wconf 83' lang='lat' dir='ltr'><strong>Et</strong></span> <span class='ocrx_word' id='word_1_105' title='bbox 1361 1518 1573 1571; x_wconf 84' lang='lat' dir='ltr'><strong>bonitas</strong></span> <span class='ocrx_word' id='word_1_106' title='bbox 1601 1517 1760 1586; x_wconf 75' lang='lat'><strong>238</strong></span> <span class='ocrx_word' id='word_1_107' title='bbox 1793 1518 2003 1584; x_wconf 82' lang='lat' dir='ltr'><strong>quidem</strong></span> <span class='ocrx_word' id='word_1_108' title='bbox 2035 1516 2122 1570; x_wconf 90' lang='lat' dir='ltr'><strong>Dei</strong></span> <span class='ocrx_word' id='word_1_109' title='bbox 2157 1534 2219 1572; x_wconf 89' lang='lat' dir='ltr'><strong>ac</strong></span> 
     </span>
    </p>
   </div>
   <div class='ocr_carea' id='block_1_16' title="bbox 671 1608 2218 1679">
    <p class='ocr_par' dir='ltr' id='par_1_16' title="bbox 671 1608 2218 1679">
     <span class='ocr_line' id='line_1_16' title="bbox 671 1608 2218 1679; baseline -0.002 -15"><span class='ocrx_word' id='word_1_110' title='bbox 671 1612 965 1664; x_wconf 86' lang='lat' dir='ltr'><strong>Salvatoris</strong></span> <span class='ocrx_word' id='word_1_111' title='bbox 983 1611 1147 1662; x_wconf 90' lang='lat' dir='ltr'><strong>nostri</strong></span> <span class='ocrx_word' id='word_1_112' title='bbox 1173 1608 1295 1662; x_wconf 86' lang='lat' dir='ltr'><strong>Jesu</strong></span> <span class='ocrx_word' id='word_1_113' title='bbox 1319 1610 1536 1672; x_wconf 85' lang='lat' dir='ltr'><strong>Christi,</strong></span> <span class='ocrx_word' id='word_1_114' title='bbox 1563 1611 1821 1672; x_wconf 86' lang='lat' dir='ltr'><strong>homines,</strong></span> <span class='ocrx_word' id='word_1_115' title='bbox 1847 1617 2001 1677; x_wconf 88' lang='lat' dir='ltr'><strong>prout</strong></span> <span class='ocrx_word' id='word_1_116' title='bbox 2027 1623 2218 1679; x_wconf 88' lang='lat' dir='ltr'><strong>capere</strong></span> 
     </span>
    </p>
   </div>
   <div class='ocr_carea' id='block_1_17' title="bbox 667 1701 2214 1769">
    <p class='ocr_par' dir='ltr' id='par_1_17' title="bbox 667 1701 2214 1769">
     <span class='ocr_line' id='line_1_17' title="bbox 667 1701 2214 1769; baseline 0.001 -15"><span class='ocrx_word' id='word_1_117' title='bbox 667 1716 944 1769; x_wconf 85' lang='lat' dir='ltr'><strong>possumus</strong></span> <span class='ocrx_word' id='word_1_118' title='bbox 965 1741 978 1764; x_wconf 95' lang='lat'><strong>,</strong></span> <span class='ocrx_word' id='word_1_119' title='bbox 1017 1717 1108 1769; x_wconf 91' lang='lat' dir='ltr'><strong>per</strong></span> <span class='ocrx_word' id='word_1_120' title='bbox 1139 1701 1370 1753; x_wconf 89' lang='lat' dir='ltr'><strong>studium</strong></span> <span class='ocrx_word' id='word_1_121' title='bbox 1399 1716 1457 1754; x_wconf 89' lang='lat' dir='ltr'><strong>ac</strong></span> <span class='ocrx_word' id='word_1_122' title='bbox 1486 1701 1925 1754; x_wconf 80' lang='lat' dir='ltr'><strong>exercitationem</strong></span> <span class='ocrx_word' id='word_1_123' title='bbox 1958 1703 2214 1756; x_wconf 93' lang='lat' dir='ltr'><strong>bonorum</strong></span> 
     </span>
    </p>
   </div>
   <div class='ocr_carea' id='block_1_18' title="bbox 666 1793 2213 1860">
    <p class='ocr_par' dir='ltr' id='par_1_18' title="bbox 666 1793 2213 1860">
     <span class='ocr_line' id='line_1_18' title="bbox 666 1793 2213 1860; baseline -0.001 -16"><span class='ocrx_word' id='word_1_124' title='bbox 666 1807 884 1860; x_wconf 79' lang='lat' dir='ltr'><strong>Operum</strong></span> <span class='ocrx_word' id='word_1_125' title='bbox 917 1808 980 1846; x_wconf 88' lang='lat' dir='ltr'><strong>eo</strong></span> <span class='ocrx_word' id='word_1_126' title='bbox 1003 1793 1234 1855; x_wconf 89' lang='lat' dir='ltr'><strong>adducit,</strong></span> <span class='ocrx_word' id='word_1_127' title='bbox 1258 1803 1313 1845; x_wconf 94' lang='lat' dir='ltr'><strong>ut</strong></span> <span class='ocrx_word' id='word_1_128' title='bbox 1344 1794 1472 1845; x_wconf 88' lang='lat' dir='ltr'><strong>liant</strong></span> <span class='ocrx_word' id='word_1_129' title='bbox 1505 1794 1608 1846; x_wconf 92' lang='lat' dir='ltr'><strong>Deo</strong></span> <span class='ocrx_word' id='word_1_130' title='bbox 1633 1795 2000 1844; x_wconf 87' lang='lat' dir='ltr'><strong>universorum</strong></span> <span class='ocrx_word' id='word_1_131' title='bbox 2038 1793 2213 1846; x_wconf 89' lang='lat' dir='ltr'><strong>consi-</strong></span> 
     </span>
    </p>
   </div>
   <div class='ocr_carea' id='block_1_19' title="bbox 667 1879 2220 1949">
    <p class='ocr_par' dir='ltr' id='par_1_19' title="bbox 667 1879 2220 1949">
     <span class='ocr_line' id='line_1_19' title="bbox 667 1879 2220 1949; baseline 0.001 -17"><span class='ocrx_word' id='word_1_132' title='bbox 667 1882 840 1945; x_wconf 88' lang='lat' dir='ltr'><strong>miles,</strong></span> <span class='ocrx_word' id='word_1_133' title='bbox 875 1883 996 1934; x_wconf 90' lang='lat' dir='ltr'><strong>dum</strong></span> <span class='ocrx_word' id='word_1_134' title='bbox 1033 1881 1159 1936; x_wconf 79' lang='lat' dir='ltr'><strong>dicit</strong></span> <span class='ocrx_word' id='word_1_135' title='bbox 1191 1899 1204 1934; x_wconf 88' lang='lat'><strong>:</strong></span> <span class='ocrx_word' id='word_1_136' title='bbox 1231 1881 1358 1935; x_wconf 80' lang='lat' dir='ltr'><strong>Sitis</strong></span> <span class='ocrx_word' id='word_1_137' title='bbox 1383 1882 1589 1949; x_wconf 79' lang='lat' dir='ltr'><strong>perfecti</strong></span> <span class='ocrx_word' id='word_1_138' title='bbox 1634 1883 1761 1933; x_wconf 72' lang='lat' dir='ltr'><strong>sicut</strong></span> <span class='ocrx_word' id='word_1_139' title='bbox 1803 1892 1848 1933; x_wconf 88' lang='lat' dir='ltr'><strong>et</strong></span> <span class='ocrx_word' id='word_1_140' title='bbox 1877 1879 2033 1936; x_wconf 86' lang='lat' dir='ltr'><strong>Pater</strong></span> <span class='ocrx_word' id='word_1_141' title='bbox 2064 1894 2220 1935; x_wconf 78' lang='lat' dir='ltr'><strong>vester</strong></span> 
     </span>
    </p>
   </div>
   <div class='ocr_carea' id='block_1_20' title="bbox 666 1970 2215 2041">
    <p class='ocr_par' dir='ltr' id='par_1_20' title="bbox 666 1970 2215 2041">
     <span class='ocr_line' id='line_1_20' title="bbox 666 1970 2215 2041; baseline -0.001 -17"><span class='ocrx_word' id='word_1_142' title='bbox 666 1973 882 2025; x_wconf 71' lang='lat' dir='ltr'><strong>caelestis</strong></span> <span class='ocrx_word' id='word_1_143' title='bbox 915 1972 1164 2040; x_wconf 75' lang='lat' dir='ltr'><strong>perfectus</strong></span> <span class='ocrx_word' id='word_1_144' title='bbox 1202 1982 1273 2024; x_wconf 78' lang='lat' dir='ltr'><strong>est</strong></span> <span class='ocrx_word' id='word_1_145' title='bbox 1302 1971 1370 2034; x_wconf 83' lang='grc'><strong>¹⁸;</strong></span> <span class='ocrx_word' id='word_1_146' title='bbox 1408 1972 1491 2024; x_wconf 92' lang='lat' dir='ltr'><strong>hic</strong></span> <span class='ocrx_word' id='word_1_147' title='bbox 1530 1981 1705 2023; x_wconf 88' lang='lat' dir='ltr'><strong>autem</strong></span> <span class='ocrx_word' id='word_1_148' title='bbox 1748 1970 2086 2041; x_wconf 80' lang='lat' dir='ltr'><strong>Unigenitnm</strong></span> <span class='ocrx_word' id='word_1_149' title='bbox 2122 1987 2215 2024; x_wconf 90' lang='lat' dir='ltr'><strong>na-</strong></span> 
     </span>
    </p>
   </div>
   <div class='ocr_carea' id='block_1_21' title="bbox 669 2063 2209 2132">
    <p class='ocr_par' dir='ltr' id='par_1_21' title="bbox 669 2063 2209 2132">
     <span class='ocr_line' id='line_1_21' title="bbox 669 2063 2209 2132; baseline 0.001 -16"><span class='ocrx_word' id='word_1_150' title='bbox 669 2065 821 2116; x_wconf 88' lang='lat' dir='ltr'><strong>turali</strong></span> <span class='ocrx_word' id='word_1_151' title='bbox 859 2078 975 2115; x_wconf 91' lang='lat' dir='ltr'><strong>cum</strong></span> <span class='ocrx_word' id='word_1_152' title='bbox 1007 2064 1160 2117; x_wconf 84' lang='lat' dir='ltr'><strong>Patre</strong></span> <span class='ocrx_word' id='word_1_153' title='bbox 1187 2063 1582 2132; x_wconf 89' lang='lat' dir='ltr'><strong>conjunctione,</strong></span> <span class='ocrx_word' id='word_1_154' title='bbox 1602 2073 1857 2132; x_wconf 90' lang='lat' dir='ltr'><strong>quantum</strong></span> <span class='ocrx_word' id='word_1_155' title='bbox 1887 2066 1934 2116; x_wconf 91' lang='lat' dir='ltr'><strong>iu</strong></span> <span class='ocrx_word' id='word_1_156' title='bbox 1971 2066 2081 2132; x_wconf 89' lang='lat' dir='ltr'><strong>ipso</strong></span> <span class='ocrx_word' id='word_1_157' title='bbox 2108 2074 2209 2127; x_wconf 81' lang='lat' dir='ltr'><strong>est,</strong></span> 
     </span>
    </p>
   </div>
   <div class='ocr_carea' id='block_1_22' title="bbox 669 2156 2210 2224">
    <p class='ocr_par' dir='ltr' id='par_1_22' title="bbox 669 2156 2210 2224">
     <span class='ocr_line' id='line_1_22' title="bbox 669 2156 2210 2224; baseline 0.003 -16"><span class='ocrx_word' id='word_1_158' title='bbox 669 2156 858 2224; x_wconf 81' lang='lat' dir='ltr'><strong>privat.</strong></span> <span class='ocrx_word' id='word_1_159' title='bbox 900 2157 1003 2210; x_wconf 87' lang='lat' dir='ltr'><strong>Sed</strong></span> <span class='ocrx_word' id='word_1_160' title='bbox 1035 2167 1085 2210; x_wconf 90' lang='lat' dir='ltr'><strong>et</strong></span> <span class='ocrx_word' id='word_1_161' title='bbox 1133 2156 1243 2208; x_wconf 68' lang='lat' dir='ltr'><strong>haec</strong></span> <span class='ocrx_word' id='word_1_162' title='bbox 1287 2156 1425 2209; x_wconf 88' lang='lat' dir='ltr'><strong>ratio</strong></span> <span class='ocrx_word' id='word_1_163' title='bbox 1473 2156 1548 2210; x_wconf 92' lang='lat' dir='ltr'><strong>sic</strong></span> <span class='ocrx_word' id='word_1_164' title='bbox 1577 2157 1832 2210; x_wconf 85' lang='lat' dir='ltr'><strong>adversus</strong></span> <span class='ocrx_word' id='word_1_165' title='bbox 1866 2157 2007 2210; x_wconf 87' lang='lat' dir='ltr'><strong>hunc</strong></span> <span class='ocrx_word' id='word_1_166' title='bbox 2044 2157 2210 2222; x_wconf 88' lang='lat' dir='ltr'><strong>ipsum</strong></span> 
     </span>
    </p>
   </div>
   <div class='ocr_carea' id='block_1_23' title="bbox 668 2245 2208 2317">
    <p class='ocr_par' dir='ltr' id='par_1_23' title="bbox 668 2245 2208 2317">
     <span class='ocr_line' id='line_1_23' title="bbox 668 2245 2208 2317; baseline 0 -15"><span class='ocrx_word' id='word_1_167' title='bbox 668 2247 1082 2317; x_wconf 50' lang='lat' dir='ltr'><strong>retorqu&#39;ebitur.</strong></span> <span class='ocrx_word' id='word_1_168' title='bbox 1121 2247 1326 2300; x_wconf 83' lang='lat' dir='ltr'><strong>Etenim</strong></span> <span class='ocrx_word' id='word_1_169' title='bbox 1370 2249 1412 2301; x_wconf 91' lang='lat' dir='ltr'><strong>si</strong></span> <span class='ocrx_word' id='word_1_170' title='bbox 1457 2249 1886 2316; x_wconf 89' lang='lat' dir='ltr'><strong>incomparabilis</strong></span> <span class='ocrx_word' id='word_1_171' title='bbox 1913 2258 1994 2301; x_wconf 92' lang='lat' dir='ltr'><strong>est</strong></span> <span class='ocrx_word' id='word_1_172' title='bbox 2033 2245 2208 2312; x_wconf 87' lang='lat' dir='ltr'><strong>Pater,</strong></span> 
     </span>
    </p>
   </div>
   <div class='ocr_carea' id='block_1_24' title="bbox 667 2335 2209 2398">
    <p class='ocr_par' dir='ltr' id='par_1_24' title="bbox 667 2335 2209 2398">
     <span class='ocr_line' id='line_1_24' title="bbox 667 2335 2209 2398; baseline -0.001 -8"><span class='ocrx_word' id='word_1_173' title='bbox 667 2340 807 2391; x_wconf 90' lang='lat' dir='ltr'><strong>unde</strong></span> <span class='ocrx_word' id='word_1_174' title='bbox 836 2338 1024 2390; x_wconf 87' lang='lat' dir='ltr'><strong>Filium</strong></span> <span class='ocrx_word' id='word_1_175' title='bbox 1055 2337 1366 2390; x_wconf 89' lang='lat' dir='ltr'><strong>dissimilem</strong></span> <span class='ocrx_word' id='word_1_176' title='bbox 1393 2351 1506 2388; x_wconf 90' lang='lat' dir='ltr'><strong>esse</strong></span> <span class='ocrx_word' id='word_1_177' title='bbox 1527 2335 1911 2388; x_wconf 86' lang='lat' dir='ltr'><strong>demonstrabit</strong></span> <span class='ocrx_word' id='word_1_178' title='bbox 1933 2336 1954 2386; x_wconf 84' lang='lat'><strong>?</strong></span> <span class='ocrx_word' id='word_1_179' title='bbox 1973 2336 2036 2387; x_wconf 86' lang='lat' dir='ltr'><strong>Et</strong></span> <span class='ocrx_word' id='word_1_180' title='bbox 2063 2352 2209 2398; x_wconf 89' lang='lat' dir='ltr'><strong>vero,</strong></span> 
     </span>
    </p>
   </div>
   <div class='ocr_carea' id='block_1_25' title="bbox 666 2429 2207 2495">
    <p class='ocr_par' dir='ltr' id='par_1_25' title="bbox 666 2429 2207 2495">
     <span class='ocr_line' id='line_1_25' title="bbox 666 2429 2207 2495; baseline 0 -12"><span class='ocrx_word' id='word_1_181' title='bbox 666 2431 709 2483; x_wconf 88' lang='lat' dir='ltr'><strong>si</strong></span> <span class='ocrx_word' id='word_1_182' title='bbox 738 2445 801 2483; x_wconf 81' lang='lat' dir='ltr'><strong>ex</strong></span> <span class='ocrx_word' id='word_1_183' title='bbox 841 2431 1195 2484; x_wconf 87' lang='lat' dir='ltr'><strong>essentiarum</strong></span> <span class='ocrx_word' id='word_1_184' title='bbox 1251 2431 1390 2482; x_wconf 87' lang='lat' dir='ltr'><strong>inter</strong></span> <span class='ocrx_word' id='word_1_185' title='bbox 1417 2444 1473 2482; x_wconf 89' lang='lat' dir='ltr'><strong>se</strong></span> <span class='ocrx_word' id='word_1_186' title='bbox 1516 2429 1909 2495; x_wconf 86' lang='lat' dir='ltr'><strong>comparatione</strong></span> <span class='ocrx_word' id='word_1_187' title='bbox 1936 2429 2207 2483; x_wconf 88' lang='lat' dir='ltr'><strong>dissimili-</strong></span> 
     </span>
    </p>
   </div>
   <div class='ocr_carea' id='block_1_26' title="bbox 668 2521 2212 2590">
    <p class='ocr_par' dir='ltr' id='par_1_26' title="bbox 668 2521 2212 2590">
     <span class='ocr_line' id='line_1_26' title="bbox 668 2521 2212 2590; baseline -0.001 -16"><span class='ocrx_word' id='word_1_188' title='bbox 668 2523 900 2575; x_wconf 90' lang='lat' dir='ltr'><strong>tudinem</strong></span> <span class='ocrx_word' id='word_1_189' title='bbox 956 2521 1226 2575; x_wconf 83' lang='lat' dir='ltr'><strong>invenisse</strong></span> <span class='ocrx_word' id='word_1_190' title='bbox 1255 2537 1313 2575; x_wconf 87' lang='lat' dir='ltr'><strong>se</strong></span> <span class='ocrx_word' id='word_1_191' title='bbox 1355 2521 1596 2574; x_wconf 90' lang='lat' dir='ltr'><strong>dicturus</strong></span> <span class='ocrx_word' id='word_1_192' title='bbox 1622 2529 1735 2587; x_wconf 87' lang='lat' dir='ltr'><strong>est,</strong></span> <span class='ocrx_word' id='word_1_193' title='bbox 1766 2521 1854 2589; x_wconf 88' lang='lat' dir='ltr'><strong>qui</strong></span> <span class='ocrx_word' id='word_1_194' title='bbox 1890 2523 2002 2575; x_wconf 83' lang='lat' dir='ltr'><strong>ﬁeri</strong></span> <span class='ocrx_word' id='word_1_195' title='bbox 2043 2529 2212 2590; x_wconf 89' lang='lat' dir='ltr'><strong>potest</strong></span> 
     </span>
    </p>
   </div>
   <div class='ocr_carea' id='block_1_27' title="bbox 666 2613 2213 2686">
    <p class='ocr_par' dir='ltr' id='par_1_27' title="bbox 666 2613 2213 2686">
     <span class='ocr_line' id='line_1_27' title="bbox 666 2613 2213 2686; baseline -0.001 -19"><span class='ocrx_word' id='word_1_196' title='bbox 666 2624 725 2667; x_wconf 89' lang='lat' dir='ltr'><strong>ut</strong></span> <span class='ocrx_word' id='word_1_197' title='bbox 758 2615 1194 2686; x_wconf 88' lang='lat' dir='ltr'><strong>incomparabilis</strong></span> <span class='ocrx_word' id='word_1_198' title='bbox 1228 2615 1296 2669; x_wconf 91' lang='lat' dir='ltr'><strong>sit</strong></span> <span class='ocrx_word' id='word_1_199' title='bbox 1343 2615 1430 2683; x_wconf 91' lang='lat' dir='ltr'><strong>qui</strong></span> <span class='ocrx_word' id='word_1_200' title='bbox 1481 2613 1600 2668; x_wconf 90' lang='lat' dir='ltr'><strong>talis</strong></span> <span class='ocrx_word' id='word_1_201' title='bbox 1643 2613 1768 2668; x_wconf 83' lang='lat' dir='ltr'><strong>est?</strong></span> <span class='ocrx_word' id='word_1_202' title='bbox 1808 2613 1899 2668; x_wconf 92' lang='lat' dir='ltr'><strong>Sin</strong></span> <span class='ocrx_word' id='word_1_203' title='bbox 1948 2625 2120 2667; x_wconf 91' lang='lat' dir='ltr'><strong>autem</strong></span> <span class='ocrx_word' id='word_1_204' title='bbox 2149 2628 2213 2666; x_wconf 89' lang='lat' dir='ltr'><strong>ne</strong></span> 
     </span>
    </p>
   </div>
   <div class='ocr_carea' id='block_1_28' title="bbox 666 2706 2210 2776">
    <p class='ocr_par' dir='ltr' id='par_1_28' title="bbox 666 2706 2210 2776">
     <span class='ocr_line' id='line_1_28' title="bbox 666 2706 2210 2776; baseline -0.003 -16"><span class='ocrx_word' id='word_1_205' title='bbox 666 2717 1006 2776; x_wconf 84' lang='lat' dir='ltr'><strong>comparatur</strong></span> <span class='ocrx_word' id='word_1_206' title='bbox 1037 2706 1249 2776; x_wconf 90' lang='lat' dir='ltr'><strong>quidem</strong></span> <span class='ocrx_word' id='word_1_207' title='bbox 1283 2707 1389 2757; x_wconf 89' lang='lat' dir='ltr'><strong>ullo</strong></span> <span class='ocrx_word' id='word_1_208' title='bbox 1417 2707 1589 2767; x_wconf 83' lang='lat' dir='ltr'><strong>modo,</strong></span> <span class='ocrx_word' id='word_1_209' title='bbox 1621 2709 1884 2772; x_wconf 88' lang='lat' dir='ltr'><strong>quomodo</strong></span> <span class='ocrx_word' id='word_1_210' title='bbox 1929 2708 2096 2774; x_wconf 89' lang='lat' dir='ltr'><strong>potuit</strong></span> <span class='ocrx_word' id='word_1_211' title='bbox 2131 2707 2210 2758; x_wconf 91' lang='lat' dir='ltr'><strong>di-</strong></span> 
     </span>
    </p>
   </div>
   <div class='ocr_carea' id='block_1_29' title="bbox 664 2796 2212 2867">
    <p class='ocr_par' dir='ltr' id='par_1_29' title="bbox 664 2796 2212 2867">
     <span class='ocr_line' id='line_1_29' title="bbox 664 2796 2212 2867; baseline 0.001 -19"><span class='ocrx_word' id='word_1_212' title='bbox 664 2799 970 2852; x_wconf 86' lang='lat' dir='ltr'><strong>versitatem</strong></span> <span class='ocrx_word' id='word_1_213' title='bbox 1022 2811 1341 2867; x_wconf 78' lang='lat' dir='ltr'><strong>cognoscere</strong></span> <span class='ocrx_word' id='word_1_214' title='bbox 1375 2798 1397 2849; x_wconf 85' lang='lat'><strong>?</strong></span> <span class='ocrx_word' id='word_1_215' title='bbox 1430 2797 1516 2849; x_wconf 86' lang='lat' dir='ltr'><strong>Sic</strong></span> <span class='ocrx_word' id='word_1_216' title='bbox 1553 2796 1744 2847; x_wconf 87' lang='lat' dir='ltr'><strong>malum</strong></span> <span class='ocrx_word' id='word_1_217' title='bbox 1801 2813 1902 2848; x_wconf 87' lang='lat' dir='ltr'><strong>non</strong></span> <span class='ocrx_word' id='word_1_218' title='bbox 1945 2797 2082 2849; x_wconf 90' lang='lat' dir='ltr'><strong>bono</strong></span> <span class='ocrx_word' id='word_1_219' title='bbox 2127 2813 2212 2851; x_wconf 85' lang='lat' dir='ltr'><strong>so-</strong></span> 
     </span>
    </p>
   </div>
   <div class='ocr_carea' id='block_1_30' title="bbox 665 2888 2001 2956">
    <p class='ocr_par' dir='ltr' id='par_1_30' title="bbox 665 2888 2001 2956">
     <span class='ocr_line' id='line_1_30' title="bbox 665 2888 2001 2956; baseline 0.001 -14"><span class='ocrx_word' id='word_1_220' title='bbox 665 2889 771 2942; x_wconf 91' lang='lat' dir='ltr'><strong>lum</strong></span> <span class='ocrx_word' id='word_1_221' title='bbox 801 2890 1011 2945; x_wconf 81' lang='lat' dir='ltr'><strong>videtur</strong></span> <span class='ocrx_word' id='word_1_222' title='bbox 1037 2890 1332 2946; x_wconf 87' lang='lat' dir='ltr'><strong>adversari.</strong></span> <span class='ocrx_word' id='word_1_223' title='bbox 1367 2889 1456 2943; x_wconf 89' lang='lat' dir='ltr'><strong>sed</strong></span> <span class='ocrx_word' id='word_1_224' title='bbox 1489 2890 1657 2956; x_wconf 90' lang='lat' dir='ltr'><strong>ipsum</strong></span> <span class='ocrx_word' id='word_1_225' title='bbox 1685 2889 1844 2942; x_wconf 83' lang='lat' dir='ltr'><strong>etiam</strong></span> <span class='ocrx_word' id='word_1_226' title='bbox 1879 2888 2001 2945; x_wconf 88' lang='lat' dir='ltr'><strong>sibi.</strong></span> 
     </span>
    </p>
   </div>
   <div class='ocr_carea' id='block_1_31' title="bbox 2333 599 3878 674">
    <p class='ocr_par' dir='ltr' id='par_1_31' title="bbox 2333 599 3878 674">
     <span class='ocr_line' id='line_1_31' title="bbox 2333 599 3878 674; baseline -0.002 -21"><span class='ocrx_word' id='word_1_227' title='bbox 2333 603 2673 670; x_wconf 73' lang='grc' dir='ltr'><strong>συγκρίνεται</strong></span> <span class='ocrx_word' id='word_1_228' title='bbox 2716 599 2790 668; x_wconf 79' lang='grc' dir='ltr'>τῷ</span> <span class='ocrx_word' id='word_1_229' title='bbox 2823 601 2939 670; x_wconf 86' lang='grc' dir='ltr'><strong>Θεῷ</strong></span> <span class='ocrx_word' id='word_1_230' title='bbox 2984 603 3075 654; x_wconf 78' lang='grc' dir='ltr'><strong>καὶ</strong></span> <span class='ocrx_word' id='word_1_231' title='bbox 3120 605 3288 673; x_wconf 75' lang='grc' dir='ltr'>Πατρὶ</span> <span class='ocrx_word' id='word_1_232' title='bbox 3337 600 3483 668; x_wconf 83' lang='grc'>(90),</span> <span class='ocrx_word' id='word_1_233' title='bbox 3533 604 3720 674; x_wconf 69' lang='grc' dir='ltr'>ὥσπερ</span> <span class='ocrx_word' id='word_1_234' title='bbox 3763 601 3878 654; x_wconf 64' lang='lat' dir='ltr'><strong>ait:</strong></span> 
     </span>
    </p>
   </div>
   <div class='ocr_carea' id='block_1_32' title="bbox 2330 689 3881 762">
    <p class='ocr_par' dir='ltr' id='par_1_32' title="bbox 2330 689 3881 762">
     <span class='ocr_line' id='line_1_32' title="bbox 2330 689 3881 762; baseline -0.001 -22"><span class='ocrx_word' id='word_1_235' title='bbox 2330 689 2576 755; x_wconf 82' lang='grc' dir='ltr'>ἄγγελοι,</span> <span class='ocrx_word' id='word_1_236' title='bbox 2623 690 2740 742; x_wconf 74' lang='grc' dir='ltr'>οὒτε</span> <span class='ocrx_word' id='word_1_237' title='bbox 2771 689 3024 760; x_wconf 79' lang='grc' dir='ltr'>οὐρανὸς,</span> <span class='ocrx_word' id='word_1_238' title='bbox 3073 690 3193 742; x_wconf 75' lang='grc' dir='ltr'>οὔτε</span> <span class='ocrx_word' id='word_1_239' title='bbox 3245 694 3415 761; x_wconf 68' lang='grc' dir='ltr'>ἣλιος,</span> <span class='ocrx_word' id='word_1_240' title='bbox 3457 689 3578 740; x_wconf 74' lang='grc' dir='ltr'>οὔτε</span> <span class='ocrx_word' id='word_1_241' title='bbox 3611 697 3712 762; x_wconf 70' lang='grc' dir='ltr'>γῆ.</span> <span class='ocrx_word' id='word_1_242' title='bbox 3765 689 3881 743; x_wconf 72' lang='grc' dir='ltr'>οὔτε</span> 
     </span>
    </p>
   </div>
   <div class='ocr_carea' id='block_1_33' title="bbox 2327 781 3880 854">
    <p class='ocr_par' dir='ltr' id='par_1_33' title="bbox 2327 781 3880 854">
     <span class='ocr_line' id='line_1_33' title="bbox 2327 781 3880 854; baseline 0.001 -22"><span class='ocrx_word' id='word_1_243' title='bbox 2327 781 2431 832; x_wconf 75' lang='grc' dir='ltr'><strong>τῶν</strong></span> <span class='ocrx_word' id='word_1_244' title='bbox 2463 784 2516 833; x_wconf 78' lang='grc' dir='ltr'><strong>ἐν</strong></span> <span class='ocrx_word' id='word_1_245' title='bbox 2555 784 2685 851; x_wconf 67' lang='grc' dir='ltr'>αὐτῇ</span> <span class='ocrx_word' id='word_1_246' title='bbox 2723 781 2871 845; x_wconf 74' lang='grc' dir='ltr'><strong>ζώων</strong></span> <span class='ocrx_word' id='word_1_247' title='bbox 2907 801 2962 835; x_wconf 89' lang='grc' dir='ltr'><strong>τε</strong></span> <span class='ocrx_word' id='word_1_248' title='bbox 2998 784 3087 835; x_wconf 77' lang='grc' dir='ltr'><strong>καὶ</strong></span> <span class='ocrx_word' id='word_1_249' title='bbox 3119 786 3296 850; x_wconf 78' lang='grc' dir='ltr'>φυτῶν</span> <span class='ocrx_word' id='word_1_250' title='bbox 3328 788 3586 839; x_wconf 72' lang='grc' dir='ltr'>ἕκαστον·</span> <span class='ocrx_word' id='word_1_251' title='bbox 3626 788 3742 848; x_wconf 71' lang='grc' dir='ltr'><strong>πῶς</strong></span> 
     </span>
    </p>
   </div>
   <div class='ocr_carea' id='block_1_34' title="bbox 2326 875 3879 947">
    <p class='ocr_par' dir='ltr' id='par_1_34' title="bbox 2326 875 3879 947">
     <span class='ocr_line' id='line_1_34' title="bbox 2326 875 3879 947; baseline 0.003 -23"><span class='ocrx_word' id='word_1_252' title='bbox 2326 875 2421 943; x_wconf 80' lang='grc' dir='ltr'><strong>τήν</strong></span> <span class='ocrx_word' id='word_1_253' title='bbox 2461 875 2716 946; x_wconf 51' lang='grc' dir='ltr'>διαρορὰν</span> <span class='ocrx_word' id='word_1_254' title='bbox 2757 875 2866 939; x_wconf 76' lang='grc' dir='ltr'>’ἕξει</span> <span class='ocrx_word' id='word_1_255' title='bbox 2902 877 3033 946; x_wconf 78' lang='grc' dir='ltr'>πρὸς</span> <span class='ocrx_word' id='word_1_256' title='bbox 3062 875 3128 927; x_wconf 71' lang='grc' dir='ltr'>τὰ</span> <span class='ocrx_word' id='word_1_257' title='bbox 3159 878 3328 929; x_wconf 83' lang='grc' dir='ltr'>οἰκεῖα</span> <span class='ocrx_word' id='word_1_258' title='bbox 3375 880 3682 947; x_wconf 83' lang='grc' dir='ltr'>κτίσματα;</span> <span class='ocrx_word' id='word_1_259' title='bbox 3724 880 3879 931; x_wconf 69' lang='grc' dir='ltr'>πόθεν</span> 
     </span>
    </p>
   </div>
   <div class='ocr_carea' id='block_1_35' title="bbox 2326 967 3875 1039">
    <p class='ocr_par' dir='ltr' id='par_1_35' title="bbox 2326 967 3875 1039">
     <span class='ocr_line' id='line_1_35' title="bbox 2326 967 3875 1039; baseline 0.001 -21"><span class='ocrx_word' id='word_1_260' title='bbox 2326 967 2379 1018; x_wconf 81' lang='grc' dir='ltr'><strong>δὲ</strong></span> <span class='ocrx_word' id='word_1_261' title='bbox 2414 967 2557 1036; x_wconf 71' lang='grc' dir='ltr'><strong>αὑτῴ</strong></span> <span class='ocrx_word' id='word_1_262' title='bbox 2611 969 2744 1038; x_wconf 72' lang='grc' dir='ltr'>πρὸς</span> <span class='ocrx_word' id='word_1_263' title='bbox 2786 967 2876 1019; x_wconf 81' lang='grc' dir='ltr'><strong>τὸν</strong></span> <span class='ocrx_word' id='word_1_264' title='bbox 2908 969 3233 1037; x_wconf 77' lang='grc' dir='ltr'><strong>γεννήσαντα</strong></span> <span class='ocrx_word' id='word_1_265' title='bbox 3283 971 3314 1037; x_wconf 80' lang='grc' dir='ltr'>ὴ</span> <span class='ocrx_word' id='word_1_266' title='bbox 3361 971 3664 1039; x_wconf 50' lang='grc' dir='ltr'>οἰκειότηςά</span> <span class='ocrx_word' id='word_1_267' title='bbox 3715 969 3875 1035; x_wconf 67' lang='grc' dir='ltr'>Ἐγὼ,</span> 
     </span>
    </p>
   </div>
   <div class='ocr_carea' id='block_1_36' title="bbox 2328 1059 3875 1131">
    <p class='ocr_par' dir='ltr' id='par_1_36' title="bbox 2328 1059 3875 1131">
     <span class='ocr_line' id='line_1_36' title="bbox 2328 1059 3875 1131; baseline 0.002 -22"><span class='ocrx_word' id='word_1_268' title='bbox 2328 1060 2474 1128; x_wconf 72' lang='grc' dir='ltr'>φησι,</span> <span class='ocrx_word' id='word_1_269' title='bbox 2505 1062 2601 1112; x_wconf 83' lang='grc' dir='ltr'>καὶ</span> <span class='ocrx_word' id='word_1_270' title='bbox 2631 1065 2661 1113; x_wconf 87' lang='lat' dir='ltr'><strong>o&#39;</strong></span> <span class='ocrx_word' id='word_1_271' title='bbox 2699 1059 2893 1127; x_wconf 75' lang='grc' dir='ltr'>Πατὴρ</span> <span class='ocrx_word' id='word_1_272' title='bbox 2926 1061 2991 1111; x_wconf 80' lang='grc' dir='ltr'><strong>ἓν</strong></span> <span class='ocrx_word' id='word_1_273' title='bbox 3020 1061 3220 1126; x_wconf 79' lang='grc' dir='ltr'>ἐσμεν.</span> <span class='ocrx_word' id='word_1_274' title='bbox 3251 1059 3415 1112; x_wconf 73' lang='grc' dir='ltr'>Πάλιν</span> <span class='ocrx_word' id='word_1_275' title='bbox 3454 1062 3560 1131; x_wconf 74' lang='grc' dir='ltr'>γὰρ</span> <span class='ocrx_word' id='word_1_276' title='bbox 3592 1059 3686 1113; x_wconf 87' lang='grc' dir='ltr'><strong>τοῦ</strong></span> <span class='ocrx_word' id='word_1_277' title='bbox 3718 1060 3875 1112; x_wconf 65' lang='grc' dir='ltr'>αὑτοῦ</span> 
     </span>
    </p>
   </div>
   <div class='ocr_carea' id='block_1_37' title="bbox 2329 1152 3876 1222">
    <p class='ocr_par' dir='ltr' id='par_1_37' title="bbox 2329 1152 3876 1222">
     <span class='ocr_line' id='line_1_37' title="bbox 2329 1152 3876 1222; baseline 0.001 -22"><span class='ocrx_word' id='word_1_278' title='bbox 2329 1153 2780 1222; x_wconf 72' lang='grc' dir='ltr'>μνημονεῦσωμεν</span> <span class='ocrx_word' id='word_1_279' title='bbox 2813 1153 2939 1222; x_wconf 90' lang='grc'>(91).</span> <span class='ocrx_word' id='word_1_280' title='bbox 2985 1152 3170 1208; x_wconf 84' lang='grc' dir='ltr'>Τοῦτο,</span> <span class='ocrx_word' id='word_1_281' title='bbox 3202 1152 3318 1204; x_wconf 81' lang='grc' dir='ltr'><strong>εξπέ</strong></span> <span class='ocrx_word' id='word_1_282' title='bbox 3358 1166 3466 1219; x_wconf 82' lang='grc' dir='ltr'>μοι,</span> <span class='ocrx_word' id='word_1_283' title='bbox 3505 1155 3626 1222; x_wconf 66' lang='grc' dir='ltr'>οξχὶ</span> <span class='ocrx_word' id='word_1_284' title='bbox 3661 1152 3876 1219; x_wconf 76' lang='grc' dir='ltr'>συγκρὶ-</span> 
     </span>
    </p>
   </div>
   <div class='ocr_carea' id='block_1_38' title="bbox 2325 1242 3872 1314">
    <p class='ocr_par' dir='ltr' id='par_1_38' title="bbox 2325 1242 3872 1314">
     <span class='ocr_line' id='line_1_38' title="bbox 2325 1242 3872 1314; baseline 0.019 -25"><span class='ocrx_word' id='word_1_285' title='bbox 2325 1259 2498 1303; x_wconf 80' lang='grc' dir='ltr'>νοντος</span> <span class='ocrx_word' id='word_1_286' title='bbox 2529 1245 2714 1297; x_wconf 77' lang='grc' dir='ltr'>ἑαυτόν</span> <span class='ocrx_word' id='word_1_287' title='bbox 2749 1249 2860 1296; x_wconf 78' lang='grc' dir='ltr'>ἐστι</span> <span class='ocrx_word' id='word_1_288' title='bbox 2889 1243 2946 1294; x_wconf 66' lang='grc' dir='ltr'>τὸ</span> <span class='ocrx_word' id='word_1_289' title='bbox 2981 1244 3162 1313; x_wconf 51' lang='lat' dir='ltr'><strong>(bimi;</strong></span> <span class='ocrx_word' id='word_1_290' title='bbox 3192 1244 3253 1295; x_wconf 78' lang='grc' dir='ltr'><strong>Τί</strong></span> <span class='ocrx_word' id='word_1_291' title='bbox 3297 1242 3436 1308; x_wconf 68' lang='grc' dir='ltr'>λέγω</span> <span class='ocrx_word' id='word_1_292' title='bbox 3462 1247 3872 1314; x_wconf 42' lang='grc' dir='ltr'><strong>συγκρίνοντος</strong></span> 
     </span>
    </p>
   </div>
   <div class='ocr_carea' id='block_1_39' title="bbox 2324 1333 3874 1405">
    <p class='ocr_par' dir='ltr' id='par_1_39' title="bbox 2324 1333 3874 1405">
     <span class='ocr_line' id='line_1_39' title="bbox 2324 1333 3874 1405; baseline -0.001 -21"><span class='ocrx_word' id='word_1_293' title='bbox 2324 1333 2560 1396; x_wconf 74' lang='grc' dir='ltr'>ἐνοῦντος</span> <span class='ocrx_word' id='word_1_294' title='bbox 2617 1336 2712 1405; x_wconf 71' lang='grc' dir='ltr'>μὲν</span> <span class='ocrx_word' id='word_1_295' title='bbox 2760 1333 2870 1397; x_wconf 82' lang='grc' dir='ltr'>οῦν,</span> <span class='ocrx_word' id='word_1_296' title='bbox 2939 1335 3010 1396; x_wconf 87' lang='grc' dir='ltr'>ὠς</span> <span class='ocrx_word' id='word_1_297' title='bbox 3060 1337 3248 1397; x_wconf 83' lang='grc' dir='ltr'>εἰπεῖν,</span> <span class='ocrx_word' id='word_1_298' title='bbox 3297 1333 3390 1385; x_wconf 73' lang='grc' dir='ltr'><strong>καὶ</strong></span> <span class='ocrx_word' id='word_1_299' title='bbox 3424 1333 3482 1384; x_wconf 79' lang='grc' dir='ltr'><strong>τὸ</strong></span> <span class='ocrx_word' id='word_1_300' title='bbox 3532 1335 3629 1401; x_wconf 74' lang='grc' dir='ltr'>τῆς</span> <span class='ocrx_word' id='word_1_301' title='bbox 3665 1337 3874 1402; x_wconf 64' lang='grc' dir='ltr'>φύσεως</span> 
     </span>
    </p>
   </div>
   <div class='ocr_carea' id='block_1_40' title="bbox 2322 1424 3876 1497">
    <p class='ocr_par' dir='ltr' id='par_1_40' title="bbox 2322 1424 3876 1497">
     <span class='ocr_line' id='line_1_40' title="bbox 2322 1424 3876 1497; baseline 0 -20"><span class='ocrx_word' id='word_1_302' title='bbox 2322 1425 2729 1495; x_wconf 79' lang='grc' dir='ltr'>ἀπαράλλακτον</span> <span class='ocrx_word' id='word_1_303' title='bbox 2781 1427 2913 1496; x_wconf 72' lang='grc'>(92)</span> <span class='ocrx_word' id='word_1_304' title='bbox 2982 1429 3342 1497; x_wconf 83' lang='grc' dir='ltr'>παριστώντος</span> <span class='ocrx_word' id='word_1_305' title='bbox 3410 1424 3684 1478; x_wconf 71' lang='grc' dir='ltr'>ἐντεῦθεν.</span> <span class='ocrx_word' id='word_1_306' title='bbox 3725 1429 3783 1479; x_wconf 87' lang='grc' dir='ltr'><strong>Ὀ</strong></span> <span class='ocrx_word' id='word_1_307' title='bbox 3824 1426 3876 1477; x_wconf 76' lang='grc' dir='ltr'><strong>δὲ</strong></span> 
     </span>
    </p>
   </div>
   <div class='ocr_carea' id='block_1_41' title="bbox 2322 1517 3876 1588">
    <p class='ocr_par' dir='ltr' id='par_1_41' title="bbox 2322 1517 3876 1588">
     <span class='ocr_line' id='line_1_41' title="bbox 2322 1517 3876 1588; baseline -0.001 -21"><span class='ocrx_word' id='word_1_308' title='bbox 2322 1517 2643 1588; x_wconf 74' lang='grc' dir='ltr'>ἀσύγκριτον</span> <span class='ocrx_word' id='word_1_309' title='bbox 2677 1517 2811 1572; x_wconf 78' lang='grc' dir='ltr'>εἶναι</span> <span class='ocrx_word' id='word_1_310' title='bbox 2845 1518 2934 1569; x_wconf 73' lang='grc' dir='ltr'><strong>τὸν</strong></span> <span class='ocrx_word' id='word_1_311' title='bbox 2972 1519 3100 1570; x_wconf 80' lang='grc' dir='ltr'>θεὸν</span> <span class='ocrx_word' id='word_1_312' title='bbox 3144 1517 3514 1585; x_wconf 60' lang='grc' dir='ltr'>ἀποφαίνεται.</span> <span class='ocrx_word' id='word_1_313' title='bbox 3558 1517 3668 1566; x_wconf 75' lang='grc' dir='ltr'>Καὶ</span> <span class='ocrx_word' id='word_1_314' title='bbox 3705 1519 3735 1584; x_wconf 86' lang='grc' dir='ltr'><strong>ή</strong></span> <span class='ocrx_word' id='word_1_315' title='bbox 3783 1519 3876 1584; x_wconf 76' lang='grc' dir='ltr'>μὲν</span> 
     </span>
    </p>
   </div>
   <div class='ocr_carea' id='block_1_42' title="bbox 2321 1603 3877 1679">
    <p class='ocr_par' dir='ltr' id='par_1_42' title="bbox 2321 1603 3877 1679">
     <span class='ocr_line' id='line_1_42' title="bbox 2321 1603 3877 1679; baseline -0.001 -21"><span class='ocrx_word' id='word_1_316' title='bbox 2321 1607 2589 1679; x_wconf 77' lang='grc' dir='ltr'>ἀγαοότης</span> <span class='ocrx_word' id='word_1_317' title='bbox 2634 1610 2725 1661; x_wconf 82' lang='grc' dir='ltr'><strong>τοῦ</strong></span> <span class='ocrx_word' id='word_1_318' title='bbox 2757 1607 2889 1658; x_wconf 74' lang='grc' dir='ltr'>Θεοῦ</span> <span class='ocrx_word' id='word_1_319' title='bbox 2921 1607 3013 1660; x_wconf 77' lang='grc' dir='ltr'>κα).</span> <span class='ocrx_word' id='word_1_320' title='bbox 3061 1608 3300 1677; x_wconf 75' lang='grc' dir='ltr'><strong>Σωτῆρος</strong></span> <span class='ocrx_word' id='word_1_321' title='bbox 3338 1606 3491 1673; x_wconf 77' lang='grc' dir='ltr'>ήμῶν</span> <span class='ocrx_word' id='word_1_322' title='bbox 3535 1603 3711 1672; x_wconf 75' lang='grc' dir='ltr'>Ἰητοῦ</span> <span class='ocrx_word' id='word_1_323' title='bbox 3749 1605 3877 1674; x_wconf 70' lang='grc' dir='ltr'>Χρι-</span> 
     </span>
    </p>
   </div>
   <div class='ocr_carea' id='block_1_43' title="bbox 2322 1698 3875 1770">
    <p class='ocr_par' dir='ltr' id='par_1_43' title="bbox 2322 1698 3875 1770">
     <span class='ocr_line' id='line_1_43' title="bbox 2322 1698 3875 1770; baseline -0.001 -22"><span class='ocrx_word' id='word_1_324' title='bbox 2322 1699 2444 1751; x_wconf 86' lang='grc' dir='ltr'>στοῦ</span> <span class='ocrx_word' id='word_1_325' title='bbox 2472 1702 2594 1763; x_wconf 70' lang='grc' dir='ltr'>τοὺς</span> <span class='ocrx_word' id='word_1_326' title='bbox 2626 1698 2934 1770; x_wconf 74' lang='grc' dir='ltr'>ἀνθρώπους</span> <span class='ocrx_word' id='word_1_327' title='bbox 2975 1699 3116 1768; x_wconf 79' lang='grc'>(95),</span> <span class='ocrx_word' id='word_1_328' title='bbox 3163 1699 3384 1751; x_wconf 73' lang='grc' dir='ltr'>καθόσον</span> <span class='ocrx_word' id='word_1_329' title='bbox 3423 1699 3584 1766; x_wconf 75' lang='grc' dir='ltr'>ἐσμὲν</span> <span class='ocrx_word' id='word_1_330' title='bbox 3638 1714 3875 1764; x_wconf 75' lang='grc' dir='ltr'>χωρητι-</span> 
     </span>
    </p>
   </div>
   <div class='ocr_carea' id='block_1_44' title="bbox 2320 1789 3874 1861">
    <p class='ocr_par' dir='ltr' id='par_1_44' title="bbox 2320 1789 3874 1861">
     <span class='ocr_line' id='line_1_44' title="bbox 2320 1789 3874 1861; baseline -0.003 -19"><span class='ocrx_word' id='word_1_331' title='bbox 2320 1793 2424 1852; x_wconf 72' lang='grc' dir='ltr'>κοὶ,</span> <span class='ocrx_word' id='word_1_332' title='bbox 2466 1793 2552 1845; x_wconf 76' lang='grc' dir='ltr'>διὰ</span> <span class='ocrx_word' id='word_1_333' title='bbox 2580 1793 2677 1861; x_wconf 74' lang='grc' dir='ltr'>τῆς</span> <span class='ocrx_word' id='word_1_334' title='bbox 2711 1791 2933 1860; x_wconf 79' lang='grc' dir='ltr'>μελέτης</span> <span class='ocrx_word' id='word_1_335' title='bbox 2976 1793 3066 1843; x_wconf 74' lang='grc' dir='ltr'><strong>καὶ</strong></span> <span class='ocrx_word' id='word_1_336' title='bbox 3114 1792 3211 1858; x_wconf 78' lang='grc' dir='ltr'>τῆς</span> <span class='ocrx_word' id='word_1_337' title='bbox 3249 1790 3529 1858; x_wconf 79' lang='grc' dir='ltr'>ἀσκήσεως</span> <span class='ocrx_word' id='word_1_338' title='bbox 3573 1789 3684 1841; x_wconf 78' lang='grc' dir='ltr'><strong>τῶν</strong></span> <span class='ocrx_word' id='word_1_339' title='bbox 3736 1790 3874 1853; x_wconf 71' lang='grc' dir='ltr'>ἁγα-</span> 
     </span>
    </p>
   </div>
   <div class='ocr_carea' id='block_1_45' title="bbox 2325 1880 3877 1955">
    <p class='ocr_par' dir='ltr' id='par_1_45' title="bbox 2325 1880 3877 1955">
     <span class='ocr_line' id='line_1_45' title="bbox 2325 1880 3877 1955; baseline -0.003 -20"><span class='ocrx_word' id='word_1_340' title='bbox 2325 1883 2431 1937; x_wconf 80' lang='grc' dir='ltr'>Οὼν</span> <span class='ocrx_word' id='word_1_341' title='bbox 2464 1886 2634 1955; x_wconf 78' lang='grc' dir='ltr'>ἔργων</span> <span class='ocrx_word' id='word_1_342' title='bbox 2686 1887 2749 1954; x_wconf 84' lang='grc' dir='ltr'>τῇ</span> <span class='ocrx_word' id='word_1_343' title='bbox 2799 1884 2930 1954; x_wconf 76' lang='grc' dir='ltr'>πρὸς</span> <span class='ocrx_word' id='word_1_344' title='bbox 2976 1885 3063 1936; x_wconf 73' lang='grc' dir='ltr'>τὸν</span> <span class='ocrx_word' id='word_1_345' title='bbox 3113 1884 3239 1935; x_wconf 79' lang='grc' dir='ltr'>Θεὸν</span> <span class='ocrx_word' id='word_1_346' title='bbox 3271 1882 3375 1932; x_wconf 79' lang='grc' dir='ltr'><strong>τῶν</strong></span> <span class='ocrx_word' id='word_1_347' title='bbox 3432 1882 3566 1935; x_wconf 77' lang='grc' dir='ltr'>ὅλων</span> <span class='ocrx_word' id='word_1_348' title='bbox 3619 1880 3877 1951; x_wconf 71' lang='grc' dir='ltr'>ὁμοιώσει</span> 
     </span>
    </p>
   </div>
   <div class='ocr_carea' id='block_1_46' title="bbox 2325 1972 3877 2048">
    <p class='ocr_par' dir='ltr' id='par_1_46' title="bbox 2325 1972 3877 2048">
     <span class='ocr_line' id='line_1_46' title="bbox 2325 1972 3877 2048; baseline -0.003 -19"><span class='ocrx_word' id='word_1_349' title='bbox 2325 1979 2582 2048; x_wconf 72' lang='grc' dir='ltr'>προσάγει</span> <span class='ocrx_word' id='word_1_350' title='bbox 2623 1977 2678 2028; x_wconf 82' lang='grc' dir='ltr'><strong>ἐν</strong></span> <span class='ocrx_word' id='word_1_351' title='bbox 2711 1972 2789 2037; x_wconf 78' lang='grc' dir='ltr'><strong>οἷς</strong></span> <span class='ocrx_word' id='word_1_352' title='bbox 2820 1994 2981 2047; x_wconf 77' lang='grc' dir='ltr'>φησι·</span> <span class='ocrx_word' id='word_1_353' title='bbox 3021 1979 3267 2030; x_wconf 78' lang='grc' dir='ltr'>Γίνεσθε</span> <span class='ocrx_word' id='word_1_354' title='bbox 3299 1975 3508 2028; x_wconf 73' lang='grc' dir='ltr'>τέλειοι</span> <span class='ocrx_word' id='word_1_355' title='bbox 3549 1976 3746 2038; x_wconf 76' lang='grc' dir='ltr'>καθὼς</span> <span class='ocrx_word' id='word_1_356' title='bbox 3781 1972 3877 2024; x_wconf 70' lang='grc' dir='ltr'>καὶ</span> 
     </span>
    </p>
   </div>
   <div class='ocr_carea' id='block_1_47' title="bbox 2320 2059 3875 2138">
    <p class='ocr_par' dir='ltr' id='par_1_47' title="bbox 2320 2059 3875 2138">
     <span class='ocr_line' id='line_1_47' title="bbox 2320 2059 3875 2138; baseline -0.005 -15"><span class='ocrx_word' id='word_1_357' title='bbox 2320 2075 2351 2123; x_wconf 78' lang='grc' dir='ltr'>ὁ</span> <span class='ocrx_word' id='word_1_358' title='bbox 2382 2069 2576 2135; x_wconf 73' lang='grc' dir='ltr'>Πατὴρ</span> <span class='ocrx_word' id='word_1_359' title='bbox 2619 2068 2781 2135; x_wconf 81' lang='grc' dir='ltr'><strong>ὑμῶν</strong></span> <span class='ocrx_word' id='word_1_360' title='bbox 2813 2073 2842 2122; x_wconf 84' lang='grc' dir='ltr'>ό</span> <span class='ocrx_word' id='word_1_361' title='bbox 2895 2071 3166 2138; x_wconf 69' lang='grc' dir='ltr'>οὐράνιος</span> <span class='ocrx_word' id='word_1_362' title='bbox 3216 2067 3437 2134; x_wconf 72' lang='grc' dir='ltr'>τέλειός</span> <span class='ocrx_word' id='word_1_363' title='bbox 3479 2071 3684 2122; x_wconf 78' lang='grc' dir='ltr'><strong>ἐστιν’</strong></span> <span class='ocrx_word' id='word_1_364' title='bbox 3722 2059 3875 2126; x_wconf 64' lang='grc' dir='ltr'>οὗτος</span> 
     </span>
    </p>
   </div>
   <div class='ocr_carea' id='block_1_48' title="bbox 2317 2159 3875 2231">
    <p class='ocr_par' dir='ltr' id='par_1_48' title="bbox 2317 2159 3875 2231">
     <span class='ocr_line' id='line_1_48' title="bbox 2317 2159 3875 2231; baseline -0.005 -19"><span class='ocrx_word' id='word_1_365' title='bbox 2317 2162 2369 2213; x_wconf 81' lang='grc' dir='ltr'><strong>δὲ</strong></span> <span class='ocrx_word' id='word_1_366' title='bbox 2402 2161 2488 2211; x_wconf 74' lang='grc' dir='ltr'>τὸν</span> <span class='ocrx_word' id='word_1_367' title='bbox 2531 2161 2804 2231; x_wconf 82' lang='grc' dir='ltr'>Μονογενῆ</span> <span class='ocrx_word' id='word_1_368' title='bbox 2852 2160 2950 2231; x_wconf 75' lang='grc' dir='ltr'><strong>τὴν</strong></span> <span class='ocrx_word' id='word_1_369' title='bbox 2979 2163 3041 2214; x_wconf 80' lang='grc' dir='ltr'>ἐκ</span> <span class='ocrx_word' id='word_1_370' title='bbox 3091 2159 3296 2230; x_wconf 78' lang='grc' dir='ltr'>φύσεως</span> <span class='ocrx_word' id='word_1_371' title='bbox 3343 2161 3488 2230; x_wconf 72' lang='grc' dir='ltr'>αὐτῷ</span> <span class='ocrx_word' id='word_1_372' title='bbox 3525 2160 3875 2227; x_wconf 71' lang='grc' dir='ltr'>ὑπάρχουσαν</span> 
     </span>
    </p>
   </div>
   <div class='ocr_carea' id='block_1_49' title="bbox 2317 2249 3875 2325">
    <p class='ocr_par' dir='ltr' id='par_1_49' title="bbox 2317 2249 3875 2325">
     <span class='ocr_line' id='line_1_49' title="bbox 2317 2249 3875 2325; baseline -0.003 -23"><span class='ocrx_word' id='word_1_373' title='bbox 2317 2253 2449 2322; x_wconf 65' lang='grc' dir='ltr'>πρὸς</span> <span class='ocrx_word' id='word_1_374' title='bbox 2481 2253 2570 2304; x_wconf 66' lang='grc' dir='ltr'><strong>τὶν</strong></span> <span class='ocrx_word' id='word_1_375' title='bbox 2607 2256 2934 2325; x_wconf 66' lang='grc' dir='ltr'>γεννήσαντα</span> <span class='ocrx_word' id='word_1_376' title='bbox 2979 2252 3276 2321; x_wconf 80' lang='grc' dir='ltr'>οἰκειότητα</span> <span class='ocrx_word' id='word_1_377' title='bbox 3309 2253 3448 2321; x_wconf 63' lang='grc'>(94),</span> <span class='ocrx_word' id='word_1_378' title='bbox 3488 2252 3550 2304; x_wconf 74' lang='grc' dir='ltr'>τὸ</span> <span class='ocrx_word' id='word_1_379' title='bbox 3598 2254 3680 2312; x_wconf 80' lang='grc' dir='ltr'>εἰς</span> <span class='ocrx_word' id='word_1_380' title='bbox 3715 2249 3875 2301; x_wconf 60' lang='grc' dir='ltr'>αὐτὸν</span> 
     </span>
    </p>
   </div>
   <div class='ocr_carea' id='block_1_50' title="bbox 2313 2340 3873 2417">
    <p class='ocr_par' dir='ltr' id='par_1_50' title="bbox 2313 2340 3873 2417">
     <span class='ocr_line' id='line_1_50' title="bbox 2313 2340 3873 2417; baseline 0 -21"><span class='ocrx_word' id='word_1_381' title='bbox 2313 2340 2464 2413; x_wconf 74' lang='grc' dir='ltr'>ἧκον,</span> <span class='ocrx_word' id='word_1_382' title='bbox 2496 2349 2798 2417; x_wconf 76' lang='grc' dir='ltr'>ἀποστερεῖ.</span> <span class='ocrx_word' id='word_1_383' title='bbox 2839 2347 3026 2400; x_wconf 81' lang='grc' dir='ltr'>Καίτοι</span> <span class='ocrx_word' id='word_1_384' title='bbox 3057 2345 3147 2398; x_wconf 78' lang='grc' dir='ltr'><strong>καὶ</strong></span> <span class='ocrx_word' id='word_1_385' title='bbox 3176 2343 3344 2408; x_wconf 78' lang='grc' dir='ltr'>οὕτως</span> <span class='ocrx_word' id='word_1_386' title='bbox 3379 2348 3486 2416; x_wconf 73' lang='grc'>(95)</span> <span class='ocrx_word' id='word_1_387' title='bbox 3523 2343 3672 2412; x_wconf 75' lang='grc' dir='ltr'><strong>αὑτῷ</strong></span> <span class='ocrx_word' id='word_1_388' title='bbox 3704 2345 3783 2405; x_wconf 79' lang='grc' dir='ltr'>εἰς</span> <span class='ocrx_word' id='word_1_389' title='bbox 3816 2345 3873 2396; x_wconf 71' lang='grc' dir='ltr'>τὸ</span> 
     </span>
    </p>
   </div>
   <div class='ocr_carea' id='block_1_51' title="bbox 2313 2435 3871 2508">
    <p class='ocr_par' dir='ltr' id='par_1_51' title="bbox 2313 2435 3871 2508">
     <span class='ocr_line' id='line_1_51' title="bbox 2313 2435 3871 2508; baseline -0.001 -21"><span class='ocrx_word' id='word_1_390' title='bbox 2313 2438 2547 2488; x_wconf 84' lang='grc' dir='ltr'>ἐναντίον</span> <span class='ocrx_word' id='word_1_391' title='bbox 2581 2440 2607 2489; x_wconf 86' lang='grc' dir='ltr'>ὁ</span> <span class='ocrx_word' id='word_1_392' title='bbox 2642 2439 2792 2504; x_wconf 80' lang='grc' dir='ltr'><strong>λόγος</strong></span> <span class='ocrx_word' id='word_1_393' title='bbox 2832 2439 3310 2506; x_wconf 81' lang='grc' dir='ltr'>περιτραπήσεται.</span> <span class='ocrx_word' id='word_1_394' title='bbox 3343 2439 3402 2490; x_wconf 83' lang='grc' dir='ltr'>Εἰ</span> <span class='ocrx_word' id='word_1_395' title='bbox 3448 2439 3555 2508; x_wconf 76' lang='grc' dir='ltr'>γὰρ</span> <span class='ocrx_word' id='word_1_396' title='bbox 3601 2435 3871 2504; x_wconf 72' lang='grc' dir='ltr'>ἀσύγκρι-</span> 
     </span>
    </p>
   </div>
   <div class='ocr_carea' id='block_1_52' title="bbox 2315 2526 3872 2598">
    <p class='ocr_par' dir='ltr' id='par_1_52' title="bbox 2315 2526 3872 2598">
     <span class='ocr_line' id='line_1_52' title="bbox 2315 2526 3872 2598; baseline 0 -19"><span class='ocrx_word' id='word_1_397' title='bbox 2315 2544 2403 2590; x_wconf 88' lang='grc' dir='ltr'>τος</span> <span class='ocrx_word' id='word_1_398' title='bbox 2449 2530 2476 2579; x_wconf 87' lang='grc' dir='ltr'>ὁ</span> <span class='ocrx_word' id='word_1_399' title='bbox 2521 2529 2728 2596; x_wconf 78' lang='grc' dir='ltr'>Πατήρ,</span> <span class='ocrx_word' id='word_1_400' title='bbox 2781 2527 2936 2580; x_wconf 77' lang='grc' dir='ltr'>πόθεν</span> <span class='ocrx_word' id='word_1_401' title='bbox 2987 2526 3162 2579; x_wconf 77' lang='grc' dir='ltr'>λαϐὼν</span> <span class='ocrx_word' id='word_1_402' title='bbox 3207 2529 3306 2598; x_wconf 79' lang='grc' dir='ltr'>τῆς</span> <span class='ocrx_word' id='word_1_403' title='bbox 3355 2531 3736 2598; x_wconf 68' lang='grc' dir='ltr'>ἀνομοιότητος</span> <span class='ocrx_word' id='word_1_404' title='bbox 3781 2527 3872 2579; x_wconf 86' lang='grc' dir='ltr'><strong>τοῦ</strong></span> 
     </span>
    </p>
   </div>
   <div class='ocr_carea' id='block_1_53' title="bbox 2326 2619 3874 2691">
    <p class='ocr_par' dir='ltr' id='par_1_53' title="bbox 2326 2619 3874 2691">
     <span class='ocr_line' id='line_1_53' title="bbox 2326 2619 3874 2691; baseline -0.001 -18"><span class='ocrx_word' id='word_1_405' title='bbox 2326 2620 2455 2673; x_wconf 75' lang='grc' dir='ltr'>Υἱοῦ</span> <span class='ocrx_word' id='word_1_406' title='bbox 2489 2620 2585 2682; x_wconf 73' lang='grc' dir='ltr'><strong>τὰς</strong></span> <span class='ocrx_word' id='word_1_407' title='bbox 2623 2620 2919 2686; x_wconf 81' lang='grc' dir='ltr'>ἀποδείξεις</span> <span class='ocrx_word' id='word_1_408' title='bbox 2967 2619 3282 2691; x_wconf 82' lang='grc' dir='ltr'>παρέξεται;</span> <span class='ocrx_word' id='word_1_409' title='bbox 3316 2623 3376 2674; x_wconf 73' lang='grc' dir='ltr'><strong>Εἰ</strong></span> <span class='ocrx_word' id='word_1_410' title='bbox 3424 2623 3518 2688; x_wconf 79' lang='grc' dir='ltr'>μὲν</span> <span class='ocrx_word' id='word_1_411' title='bbox 3563 2620 3694 2689; x_wconf 78' lang='grc' dir='ltr'>γὰρ,</span> <span class='ocrx_word' id='word_1_412' title='bbox 3729 2620 3874 2672; x_wconf 74' lang='grc' dir='ltr'>ἀντι-</span> 
     </span>
    </p>
   </div>
   <div class='ocr_carea' id='block_1_54' title="bbox 2319 2714 3873 2785">
    <p class='ocr_par' dir='ltr' id='par_1_54' title="bbox 2319 2714 3873 2785">
     <span class='ocr_line' id='line_1_54' title="bbox 2319 2714 3873 2785; baseline -0.001 -20"><span class='ocrx_word' id='word_1_413' title='bbox 2319 2714 2692 2784; x_wconf 77' lang='grc' dir='ltr'>παρεξετάζων</span> <span class='ocrx_word' id='word_1_414' title='bbox 2723 2714 2820 2776; x_wconf 78' lang='grc' dir='ltr'><strong>τὰς</strong></span> <span class='ocrx_word' id='word_1_415' title='bbox 2846 2715 3026 2778; x_wconf 77' lang='grc' dir='ltr'>οὐσίας</span> <span class='ocrx_word' id='word_1_416' title='bbox 3066 2716 3334 2785; x_wconf 79' lang='grc' dir='ltr'><strong>ἀλλήλαις,</strong></span> <span class='ocrx_word' id='word_1_417' title='bbox 3379 2715 3671 2785; x_wconf 70' lang='grc' dir='ltr'>εὑρηκέναι</span> <span class='ocrx_word' id='word_1_418' title='bbox 3712 2716 3873 2784; x_wconf 72' lang='grc' dir='ltr'>φήσει</span> 
     </span>
    </p>
   </div>
   <div class='ocr_carea' id='block_1_55' title="bbox 2318 2805 3874 2876">
    <p class='ocr_par' dir='ltr' id='par_1_55' title="bbox 2318 2805 3874 2876">
     <span class='ocr_line' id='line_1_55' title="bbox 2318 2805 3874 2876; baseline -0.004 -20"><span class='ocrx_word' id='word_1_419' title='bbox 2318 2805 2377 2856; x_wconf 77' lang='grc' dir='ltr'>τὸ</span> <span class='ocrx_word' id='word_1_420' title='bbox 2417 2805 2684 2875; x_wconf 83' lang='grc' dir='ltr'>ἀνόμοιον,</span> <span class='ocrx_word' id='word_1_421' title='bbox 2717 2805 2830 2868; x_wconf 79' lang='grc' dir='ltr'><strong>πῶς</strong></span> <span class='ocrx_word' id='word_1_422' title='bbox 2861 2805 3182 2876; x_wconf 80' lang='grc' dir='ltr'>ἀσύγκριτος</span> <span class='ocrx_word' id='word_1_423' title='bbox 3221 2808 3246 2856; x_wconf 76' lang='grc' dir='ltr'>ὁ</span> <span class='ocrx_word' id='word_1_424' title='bbox 3273 2807 3546 2869; x_wconf 81' lang='grc' dir='ltr'>τοιοῦτος;</span> <span class='ocrx_word' id='word_1_425' title='bbox 3576 2809 3628 2857; x_wconf 82' lang='grc' dir='ltr'>εἰ</span> <span class='ocrx_word' id='word_1_426' title='bbox 3659 2806 3713 2857; x_wconf 80' lang='grc' dir='ltr'><strong>δὲ</strong></span> <span class='ocrx_word' id='word_1_427' title='bbox 3753 2805 3874 2856; x_wconf 60' lang='grc' dir='ltr'><strong>οὐδὲ</strong></span> 
     </span>
    </p>
   </div>
   <div class='ocr_carea' id='block_1_56' title="bbox 2322 2896 3872 2969">
    <p class='ocr_par' dir='ltr' id='par_1_56' title="bbox 2322 2896 3872 2969">
     <span class='ocr_line' id='line_1_56' title="bbox 2322 2896 3872 2969; baseline 0 -23"><span class='ocrx_word' id='word_1_428' title='bbox 2322 2896 2665 2966; x_wconf 76' lang='grc' dir='ltr'>συγκρίνεται</span> <span class='ocrx_word' id='word_1_429' title='bbox 2712 2898 2808 2968; x_wconf 81' lang='grc' dir='ltr'>τὴν</span> <span class='ocrx_word' id='word_1_430' title='bbox 2861 2897 3031 2969; x_wconf 71' lang='grc' dir='ltr'>ἀρχὴν</span> <span class='ocrx_word' id='word_1_431' title='bbox 3089 2897 3231 2966; x_wconf 82' lang='grc'>(96),</span> <span class='ocrx_word' id='word_1_432' title='bbox 3282 2897 3397 2960; x_wconf 81' lang='grc' dir='ltr'>πῶς</span> <span class='ocrx_word' id='word_1_433' title='bbox 3457 2898 3759 2964; x_wconf 77' lang='grc' dir='ltr'>ἐπιγνῶναι</span> <span class='ocrx_word' id='word_1_434' title='bbox 3815 2897 3872 2946; x_wconf 79' lang='grc' dir='ltr'>τὸ</span> 
     </span>
    </p>
   </div>
   <div class='ocr_carea' id='block_1_57' title="bbox 663 2982 3866 3062">
    <p class='ocr_par' dir='ltr' id='par_1_57' title="bbox 663 2982 3866 3062">
     <span class='ocr_line' id='line_1_57' title="bbox 663 2982 3866 3062; baseline 0.001 -24"><span class='ocrx_word' id='word_1_435' title='bbox 663 2985 913 3057; x_wconf 82' lang='grc' dir='ltr'>διάφορον</span> <span class='ocrx_word' id='word_1_436' title='bbox 965 2985 1232 3056; x_wconf 75' lang='grc' dir='ltr'>ἡδυνήθη;</span> <span class='ocrx_word' id='word_1_437' title='bbox 1289 2983 1471 3047; x_wconf 68' lang='grc' dir='ltr'>Οὕτως</span> <span class='ocrx_word' id='word_1_438' title='bbox 1517 2983 1659 3039; x_wconf 72' lang='grc' dir='ltr'>ἔοικε</span> <span class='ocrx_word' id='word_1_439' title='bbox 1708 2982 1768 3037; x_wconf 80' lang='grc' dir='ltr'><strong>τὸ</strong></span> <span class='ocrx_word' id='word_1_440' title='bbox 1817 2983 1985 3040; x_wconf 79' lang='grc' dir='ltr'>κακὸν</span> <span class='ocrx_word' id='word_1_441' title='bbox 2029 2987 2091 3039; x_wconf 85' lang='grc' dir='ltr'>οὺ</span> <span class='ocrx_word' id='word_1_442' title='bbox 2145 2985 2220 3056; x_wconf 82' lang='grc' dir='ltr'><strong>τῷ</strong></span> <span class='ocrx_word' id='word_1_443' title='bbox 2279 2989 2462 3059; x_wconf 82' lang='grc' dir='ltr'>ἀγαθῴ</span> <span class='ocrx_word' id='word_1_444' title='bbox 2515 2991 2877 3045; x_wconf 78' lang='grc' dir='ltr'>ἐναντιοῦσθαι</span> <span class='ocrx_word' id='word_1_445' title='bbox 2944 2991 3133 3062; x_wconf 81' lang='grc' dir='ltr'>μόνον,</span> <span class='ocrx_word' id='word_1_446' title='bbox 3185 2991 3319 3045; x_wconf 82' lang='grc' dir='ltr'>ἀλλὰ</span> <span class='ocrx_word' id='word_1_447' title='bbox 3386 2992 3479 3045; x_wconf 72' lang='grc' dir='ltr'>καὶ</span> <span class='ocrx_word' id='word_1_448' title='bbox 3556 2993 3691 3045; x_wconf 74' lang='grc' dir='ltr'>αὐτὸ</span> <span class='ocrx_word' id='word_1_449' title='bbox 3745 2992 3866 3044; x_wconf 81' lang='grc' dir='ltr'>ἑαυ-</span> 
     </span>
    </p>
   </div>
   <div class='ocr_carea' id='block_1_58' title="bbox 663 3080 903 3151">
    <p class='ocr_par' dir='ltr' id='par_1_58' title="bbox 663 3080 903 3151">
     <span class='ocr_line' id='line_1_58' title="bbox 663 3080 903 3151; baseline 0.008 -19"><span class='ocrx_word' id='word_1_450' title='bbox 663 3080 742 3150; x_wconf 83' lang='grc' dir='ltr'>τῷ</span> <span class='ocrx_word' id='word_1_451' title='bbox 775 3081 903 3151; x_wconf 88' lang='grc'>(97).</span> 
     </span>
    </p>
   </div>
   <div class='ocr_carea' id='block_1_59' title="bbox 743 3257 1704 3326">
    <p class='ocr_par' dir='ltr' id='par_1_59' title="bbox 743 3257 1704 3326">
     <span class='ocr_line' id='line_1_59' title="bbox 743 3257 1704 3326; baseline 0.001 -14"><span class='ocrx_word' id='word_1_452' title='bbox 743 3260 784 3290; x_wconf 85' lang='grc'><strong>¹⁷</strong></span> <span class='ocrx_word' id='word_1_453' title='bbox 813 3257 967 3313; x_wconf 84' lang='lat' dir='ltr'><strong>Joan.</strong></span> <span class='ocrx_word' id='word_1_454' title='bbox 994 3274 1046 3324; x_wconf 74' lang='grc' dir='ltr'><strong>ι,</strong></span> <span class='ocrx_word' id='word_1_455' title='bbox 1070 3258 1157 3312; x_wconf 80' lang='grc'>50.</span> <span class='ocrx_word' id='word_1_456' title='bbox 1234 3259 1274 3289; x_wconf 82' lang='grc'><strong>¹⁸</strong></span> <span class='ocrx_word' id='word_1_457' title='bbox 1310 3257 1499 3312; x_wconf 83' lang='lat' dir='ltr'><strong>Matth.</strong></span> <span class='ocrx_word' id='word_1_458' title='bbox 1535 3274 1590 3326; x_wconf 74' lang='grc' dir='ltr'><strong>ν,</strong></span> <span class='ocrx_word' id='word_1_459' title='bbox 1615 3259 1704 3313; x_wconf 73' lang='grc'>48.</span> 
     </span>
    </p>
   </div>
   <div class='ocr_carea' id='block_1_60' title="bbox 735 3433 2211 3509">
    <p class='ocr_par' dir='ltr' id='par_1_60' title="bbox 735 3434 2204 3509">
     <span class='ocr_line' id='line_1_60' title="bbox 735 3434 2204 3509; baseline 0.002 -21"><span class='ocrx_word' id='word_1_460' title='bbox 735 3435 843 3509; x_wconf 86' lang='grc'>(89)</span> <span class='ocrx_word' id='word_1_461' title='bbox 873 3434 1025 3509; x_wconf 66' lang='lat' dir='ltr'><strong>illud,</strong></span> <span class='ocrx_word' id='word_1_462' title='bbox 1054 3436 1178 3504; x_wconf 76' lang='grc' dir='ltr'>φίλα</span> <span class='ocrx_word' id='word_1_463' title='bbox 1208 3439 1298 3489; x_wconf 72' lang='grc' dir='ltr'><strong>καὶ</strong></span> <span class='ocrx_word' id='word_1_464' title='bbox 1328 3439 1658 3509; x_wconf 78' lang='grc' dir='ltr'>προσήγορα,</span> <span class='ocrx_word' id='word_1_465' title='bbox 1693 3438 1734 3490; x_wconf 93' lang='lat' dir='ltr'><strong>si</strong></span> <span class='ocrx_word' id='word_1_466' title='bbox 1771 3438 1958 3509; x_wconf 82' lang='lat' dir='ltr'><strong>mavis,</strong></span> <span class='ocrx_word' id='word_1_467' title='bbox 1986 3439 2057 3492; x_wconf 88' lang='lat' dir='ltr'><strong>ita</strong></span> <span class='ocrx_word' id='word_1_468' title='bbox 2084 3453 2204 3493; x_wconf 91' lang='lat' dir='ltr'><strong>cum</strong></span> 
     </span>
    </p>
   </div>
   <div class='ocr_carea' id='block_1_61' title="bbox 2315 3433 3866 3509">
    <p class='ocr_par' dir='ltr' id='par_1_61' title="bbox 2315 3433 3866 3509">
     <span class='ocr_line' id='line_1_61' title="bbox 2315 3433 3866 3509; baseline -0.001 -20"><span class='ocrx_word' id='word_1_469' title='bbox 2315 3438 2476 3509; x_wconf 70' lang='lat' dir='ltr'><strong>inulto</strong></span> <span class='ocrx_word' id='word_1_470' title='bbox 2510 3452 2646 3502; x_wconf 89' lang='lat' dir='ltr'><strong>esse,</strong></span> <span class='ocrx_word' id='word_1_471' title='bbox 2675 3437 2845 3490; x_wconf 88' lang='lat' dir='ltr'><strong>solere</strong></span> <span class='ocrx_word' id='word_1_472' title='bbox 2871 3435 3068 3509; x_wconf 83' lang='lat' dir='ltr'><strong>aliquid</strong></span> <span class='ocrx_word' id='word_1_473' title='bbox 3113 3435 3250 3509; x_wconf 73' lang='lat' dir='ltr'><strong>ﬁeri,</strong></span> <span class='ocrx_word' id='word_1_474' title='bbox 3301 3433 3442 3509; x_wconf 80' lang='lat' dir='ltr'><strong>aliud</strong></span> <span class='ocrx_word' id='word_1_475' title='bbox 3482 3448 3702 3509; x_wconf 79' lang='lat' dir='ltr'><strong>semper</strong></span> <span class='ocrx_word' id='word_1_476' title='bbox 3730 3433 3866 3509; x_wconf 74' lang='lat' dir='ltr'><strong>ﬁeri.</strong></span> 
     </span>
    </p>
   </div>
   <div class='ocr_carea' id='block_1_62' title="bbox 661 3504 2032 3575">
    <p class='ocr_par' dir='ltr' id='par_1_62' title="bbox 661 3504 2032 3575">
     <span class='ocr_line' id='line_1_62' title="bbox 661 3504 2032 3575; baseline 0.001 -17"><span class='ocrx_word' id='word_1_477' title='bbox 661 3504 981 3575; x_wconf 80' lang='lat' dir='ltr'><strong>Coinheﬁsio</strong></span> <span class='ocrx_word' id='word_1_478' title='bbox 1015 3504 1409 3574; x_wconf 74' lang='lat' dir='ltr'><strong>interpretare:</strong></span> <span class='ocrx_word' id='word_1_479' title='bbox 1438 3504 1668 3575; x_wconf 66' lang='lat' dir='ltr'><strong>jucunda</strong></span> <span class='ocrx_word' id='word_1_480' title='bbox 1697 3525 1754 3560; x_wconf 80' lang='lat' dir='ltr'><strong>ac</strong></span> <span class='ocrx_word' id='word_1_481' title='bbox 1781 3508 2032 3574; x_wconf 80' lang='lat' dir='ltr'><strong>faventia.</strong></span> 
     </span>
    </p>
   </div>
   <div class='ocr_carea' id='block_1_63' title="bbox 732 3574 2208 3641">
    <p class='ocr_par' dir='ltr' id='par_1_63' title="bbox 732 3574 2208 3641">
     <span class='ocr_line' id='line_1_63' title="bbox 732 3574 2208 3641; baseline 0.001 -15"><span class='ocrx_word' id='word_1_482' title='bbox 732 3574 842 3641; x_wconf 84' lang='lat'>(90)</span> <span class='ocrx_word' id='word_1_483' title='bbox 879 3575 1146 3627; x_wconf 90' lang='lat' dir='ltr'><strong>Dissident</strong></span> <span class='ocrx_word' id='word_1_484' title='bbox 1178 3577 1390 3641; x_wconf 87' lang='lat' dir='ltr'><strong>quidem</strong></span> <span class='ocrx_word' id='word_1_485' title='bbox 1425 3574 1565 3629; x_wconf 85' lang='lat' dir='ltr'><strong>inter</strong></span> <span class='ocrx_word' id='word_1_486' title='bbox 1588 3594 1644 3630; x_wconf 89' lang='lat' dir='ltr'><strong>se</strong></span> <span class='ocrx_word' id='word_1_487' title='bbox 1673 3580 1798 3629; x_wconf 90' lang='lat' dir='ltr'><strong>editi</strong></span> <span class='ocrx_word' id='word_1_488' title='bbox 1828 3587 1878 3629; x_wconf 90' lang='lat' dir='ltr'><strong>et</strong></span> <span class='ocrx_word' id='word_1_489' title='bbox 1907 3578 2022 3628; x_wconf 90' lang='lat' dir='ltr'><strong>libri</strong></span> <span class='ocrx_word' id='word_1_490' title='bbox 2061 3586 2208 3627; x_wconf 86' lang='lat' dir='ltr'><strong>vete-</strong></span> 
     </span>
    </p>
   </div>
   <div class='ocr_carea' id='block_1_64' title="bbox 663 3643 2202 3711">
    <p class='ocr_par' dir='ltr' id='par_1_64' title="bbox 663 3643 2202 3711">
     <span class='ocr_line' id='line_1_64' title="bbox 663 3643 2202 3711; baseline 0.001 -17"><span class='ocrx_word' id='word_1_491' title='bbox 663 3659 746 3696; x_wconf 79' lang='lat' dir='ltr'><strong>res</strong></span> <span class='ocrx_word' id='word_1_492' title='bbox 773 3661 784 3695; x_wconf 96' lang='lat'>:</span> <span class='ocrx_word' id='word_1_493' title='bbox 810 3644 902 3694; x_wconf 88' lang='lat' dir='ltr'><strong>sed</strong></span> <span class='ocrx_word' id='word_1_494' title='bbox 930 3643 1022 3711; x_wconf 80' lang='lat' dir='ltr'><strong>ita,</strong></span> <span class='ocrx_word' id='word_1_495' title='bbox 1052 3652 1107 3694; x_wconf 93' lang='lat' dir='ltr'><strong>ut</strong></span> <span class='ocrx_word' id='word_1_496' title='bbox 1142 3646 1402 3696; x_wconf 86' lang='lat' dir='ltr'><strong>sententia</strong></span> <span class='ocrx_word' id='word_1_497' title='bbox 1438 3647 1622 3697; x_wconf 87' lang='lat' dir='ltr'><strong>eadem</strong></span> <span class='ocrx_word' id='word_1_498' title='bbox 1660 3659 1868 3711; x_wconf 86' lang='lat' dir='ltr'><strong>semper</strong></span> <span class='ocrx_word' id='word_1_499' title='bbox 1909 3655 2202 3697; x_wconf 87' lang='lat' dir='ltr'><strong>remaneat.</strong></span> 
     </span>
    </p>
   </div>
   <div class='ocr_carea' id='block_1_65' title="bbox 660 3709 2205 3784">
    <p class='ocr_par' dir='ltr' id='par_1_65' title="bbox 660 3709 2205 3784">
     <span class='ocr_line' id='line_1_65' title="bbox 660 3709 2205 3784; baseline -0.001 -18"><span class='ocrx_word' id='word_1_500' title='bbox 660 3713 798 3784; x_wconf 75' lang='lat' dir='ltr'><strong>Editi</strong></span> <span class='ocrx_word' id='word_1_501' title='bbox 829 3709 1163 3784; x_wconf 74' lang='grc' dir='ltr'>συγκρίνοιτο</span> <span class='ocrx_word' id='word_1_502' title='bbox 1184 3712 1259 3781; x_wconf 80' lang='grc' dir='ltr'>τῷ</span> <span class='ocrx_word' id='word_1_503' title='bbox 1284 3715 1472 3784; x_wconf 77' lang='grc' dir='ltr'>Πατρί.</span> <span class='ocrx_word' id='word_1_504' title='bbox 1503 3714 1676 3768; x_wconf 80' lang='lat' dir='ltr'><strong>Codex</strong></span> <span class='ocrx_word' id='word_1_505' title='bbox 1705 3709 2205 3784; x_wconf 60' lang='lat' dir='ltr'><strong>unuscoyxpivewt</strong></span> 
     </span>
    </p>
   </div>
   <div class='ocr_carea' id='block_1_66' title="bbox 659 3781 2202 3855">
    <p class='ocr_par' dir='ltr' id='par_1_66' title="bbox 659 3781 2202 3855">
     <span class='ocr_line' id='line_1_66' title="bbox 659 3781 2202 3855; baseline 0.001 -22"><span class='ocrx_word' id='word_1_506' title='bbox 659 3781 872 3855; x_wconf 47' lang='lat' dir='ltr'><strong>ripest;</strong></span> <span class='ocrx_word' id='word_1_507' title='bbox 898 3783 1259 3855; x_wconf 70' lang='lat' dir='ltr'><strong>Hatp£._Alius</strong></span> <span class='ocrx_word' id='word_1_508' title='bbox 1287 3781 1626 3854; x_wconf 79' lang='grc' dir='ltr'>συγκρίνεται</span> <span class='ocrx_word' id='word_1_509' title='bbox 1649 3785 1726 3854; x_wconf 83' lang='grc' dir='ltr'><strong>τῷ</strong></span> <span class='ocrx_word' id='word_1_510' title='bbox 1754 3782 1870 3852; x_wconf 82' lang='grc' dir='ltr'><strong>Θεῷ</strong></span> <span class='ocrx_word' id='word_1_511' title='bbox 1891 3787 1982 3837; x_wconf 71' lang='grc' dir='ltr'>καὶ</span> <span class='ocrx_word' id='word_1_512' title='bbox 2009 3781 2202 3854; x_wconf 71' lang='grc' dir='ltr'>’Πατρῄ</span> 
     </span>
    </p>
   </div>
   <div class='ocr_carea' id='block_1_67' title="bbox 659 3833 2200 3923">
    <p class='ocr_par' dir='ltr' id='par_1_67' title="bbox 659 3833 2200 3923">
     <span class='ocr_line' id='line_1_67' title="bbox 659 3833 2200 3923; baseline 0.002 -18"><span class='ocrx_word' id='word_1_513' title='bbox 659 3833 718 3906; x_wconf 73' lang='grc' dir='ltr'><strong>εί</strong></span> <span class='ocrx_word' id='word_1_514' title='bbox 743 3853 811 3904; x_wconf 85' lang='lat' dir='ltr'><strong>ita</strong></span> <span class='ocrx_word' id='word_1_515' title='bbox 843 3833 982 3919; x_wconf 81' lang='lat' dir='ltr'><strong>ioqui</strong></span> <span class='ocrx_word' id='word_1_516' title='bbox 1015 3833 1166 3923; x_wconf 44' lang='lat' dir='ltr'><strong>isolet</strong></span> <span class='ocrx_word' id='word_1_517' title='bbox 1217 3833 1456 3907; x_wconf 66' lang='lat' dir='ltr'><strong>Basilius.</strong></span> <span class='ocrx_word' id='word_1_518' title='bbox 1511 3839 1746 3923; x_wconf 79' lang='lat' dir='ltr'><strong>Deniqtie</strong></span> <span class='ocrx_word' id='word_1_519' title='bbox 1793 3835 1882 3908; x_wconf 83' lang='lat' dir='ltr'><strong>alii</strong></span> <span class='ocrx_word' id='word_1_520' title='bbox 1931 3857 2035 3908; x_wconf 86' lang='lat' dir='ltr'><strong>duo</strong></span> <span class='ocrx_word' id='word_1_521' title='bbox 2071 3833 2200 3908; x_wconf 57' lang='lat' dir='ltr'><strong>mss:</strong></span> 
     </span>
    </p>
   </div>
   <div class='ocr_carea' id='block_1_68' title="bbox 662 3922 1322 3993">
    <p class='ocr_par' dir='ltr' id='par_1_68' title="bbox 662 3922 1322 3993">
     <span class='ocr_line' id='line_1_68' title="bbox 662 3922 1322 3993; baseline 0.002 -18"><span class='ocrx_word' id='word_1_522' title='bbox 662 3923 1002 3993; x_wconf 74' lang='grc' dir='ltr'>συγκρίνεται</span> <span class='ocrx_word' id='word_1_523' title='bbox 1030 3922 1104 3992; x_wconf 79' lang='grc' dir='ltr'>τῷ</span> <span class='ocrx_word' id='word_1_524' title='bbox 1132 3924 1322 3993; x_wconf 79' lang='grc' dir='ltr'>Πατρί.</span> 
     </span>
    </p>
   </div>
   <div class='ocr_carea' id='block_1_69' title="bbox 730 3992 2206 4066">
    <p class='ocr_par' dir='ltr' id='par_1_69' title="bbox 730 3992 2206 4066">
     <span class='ocr_line' id='line_1_69' title="bbox 730 3992 2206 4066; baseline 0.001 -21"><span class='ocrx_word' id='word_1_525' title='bbox 730 3993 839 4066; x_wconf 79' lang='grc'>(91)</span> <span class='ocrx_word' id='word_1_526' title='bbox 891 3992 1030 4046; x_wconf 82' lang='lat' dir='ltr'><strong>Editi</strong></span> <span class='ocrx_word' id='word_1_527' title='bbox 1079 3992 1534 4064; x_wconf 75' lang='grc' dir='ltr'>μνημονεύσομεν.</span> <span class='ocrx_word' id='word_1_528' title='bbox 1595 3995 1815 4049; x_wconf 83' lang='lat' dir='ltr'><strong>Codices</strong></span> <span class='ocrx_word' id='word_1_529' title='bbox 1854 4004 1961 4048; x_wconf 86' lang='lat' dir='ltr'><strong>tres</strong></span> <span class='ocrx_word' id='word_1_530' title='bbox 1998 4012 2206 4066; x_wconf 84' lang='grc' dir='ltr'>μνημο-</span> 
     </span>
    </p>
   </div>
   <div class='ocr_carea' id='block_1_70' title="bbox 662 4063 1149 4131">
    <p class='ocr_par' dir='ltr' id='par_1_70' title="bbox 662 4063 1149 4131">
     <span class='ocr_line' id='line_1_70' title="bbox 662 4063 1149 4131; baseline 0.002 -17"><span class='ocrx_word' id='word_1_531' title='bbox 662 4063 958 4131; x_wconf 72' lang='grc' dir='ltr'>νεύσωμεν,</span> <span class='ocrx_word' id='word_1_532' title='bbox 989 4075 1149 4117; x_wconf 84' lang='lat' dir='ltr'><strong>recte.</strong></span> 
     </span>
    </p>
   </div>
   <div class='ocr_carea' id='block_1_71' title="bbox 732 4131 2206 4204">
    <p class='ocr_par' dir='ltr' id='par_1_71' title="bbox 732 4131 2206 4204">
     <span class='ocr_line' id='line_1_71' title="bbox 732 4131 2206 4204; baseline 0.004 -21"><span class='ocrx_word' id='word_1_533' title='bbox 732 4131 841 4204; x_wconf 60' lang='grc'>(92)</span> <span class='ocrx_word' id='word_1_534' title='bbox 878 4134 1023 4204; x_wconf 87' lang='lat' dir='ltr'><strong>Illud,</strong></span> <span class='ocrx_word' id='word_1_535' title='bbox 1069 4135 1128 4184; x_wconf 79' lang='grc' dir='ltr'>τὸ</span> <span class='ocrx_word' id='word_1_536' title='bbox 1173 4134 1603 4204; x_wconf 75' lang='grc' dir='ltr'>ἀπαράλλακτον,</span> <span class='ocrx_word' id='word_1_537' title='bbox 1650 4151 1751 4188; x_wconf 93' lang='lat' dir='ltr'><strong>non</strong></span> <span class='ocrx_word' id='word_1_538' title='bbox 1788 4134 2206 4203; x_wconf 86' lang='lat' dir='ltr'><strong>qualemcunque</strong></span> 
     </span>
    </p>
   </div>
   <div class='ocr_carea' id='block_1_72' title="bbox 661 4201 2205 4269">
    <p class='ocr_par' dir='ltr' id='par_1_72' title="bbox 661 4201 2205 4269">
     <span class='ocr_line' id='line_1_72' title="bbox 661 4201 2205 4269; baseline 0.001 -15"><span class='ocrx_word' id='word_1_539' title='bbox 661 4201 1060 4254; x_wconf 80' lang='lat' dir='ltr'><strong>similitudinem</strong></span> <span class='ocrx_word' id='word_1_540' title='bbox 1098 4201 1380 4268; x_wconf 66' lang='lat' dir='ltr'><strong>signitiéat,</strong></span> <span class='ocrx_word' id='word_1_541' title='bbox 1408 4208 1496 4256; x_wconf 86' lang='lat' dir='ltr'><strong>sed</strong></span> <span class='ocrx_word' id='word_1_542' title='bbox 1526 4221 1664 4264; x_wconf 83' lang='lat' dir='ltr'><strong>eam,</strong></span> <span class='ocrx_word' id='word_1_543' title='bbox 1691 4201 1816 4269; x_wconf 65' lang='lat' dir='ltr'><strong>quae</strong></span> <span class='ocrx_word' id='word_1_544' title='bbox 1844 4207 2016 4257; x_wconf 90' lang='lat' dir='ltr'><strong>omnis</strong></span> <span class='ocrx_word' id='word_1_545' title='bbox 2048 4201 2205 4256; x_wconf 40' lang='lat' dir='ltr'><strong>dis—si-</strong></span> 
     </span>
    </p>
   </div>
   <div class='ocr_carea' id='block_1_73' title="bbox 663 4271 2203 4341">
    <p class='ocr_par' dir='ltr' id='par_1_73' title="bbox 663 4271 2203 4341">
     <span class='ocr_line' id='line_1_73' title="bbox 663 4271 2203 4341; baseline 0.002 -19"><span class='ocrx_word' id='word_1_546' title='bbox 663 4271 976 4341; x_wconf 89' lang='lat' dir='ltr'><strong>militudinis</strong></span> <span class='ocrx_word' id='word_1_547' title='bbox 1003 4285 1192 4337; x_wconf 73' lang='lat' dir='ltr'><strong>expers</strong></span> <span class='ocrx_word' id='word_1_548' title='bbox 1219 4273 1308 4334; x_wconf 85' lang='lat' dir='ltr'><strong>sit,</strong></span> <span class='ocrx_word' id='word_1_549' title='bbox 1342 4289 1418 4326; x_wconf 72' lang='lat' dir='ltr'><strong>suc</strong></span> <span class='ocrx_word' id='word_1_550' title='bbox 1455 4283 1508 4324; x_wconf 85' lang='lat' dir='ltr'><strong>ut</strong></span> <span class='ocrx_word' id='word_1_551' title='bbox 1535 4274 1672 4325; x_wconf 91' lang='lat' dir='ltr'><strong>idem</strong></span> <span class='ocrx_word' id='word_1_552' title='bbox 1701 4276 1928 4341; x_wconf 73' lang='lat' dir='ltr'><strong>sitquod</strong></span> <span class='ocrx_word' id='word_1_553' title='bbox 1959 4275 2203 4325; x_wconf 77' lang='lat' dir='ltr'><strong>identitas</strong></span> 
     </span>
    </p>
   </div>
   <div class='ocr_carea' id='block_1_74' title="bbox 659 4340 1121 4408">
    <p class='ocr_par' dir='ltr' id='par_1_74' title="bbox 659 4340 1121 4408">
     <span class='ocr_line' id='line_1_74' title="bbox 659 4340 1121 4408; baseline 0.002 -17"><span class='ocrx_word' id='word_1_554' title='bbox 659 4340 795 4407; x_wconf 91' lang='lat' dir='ltr'><strong>apud</strong></span> <span class='ocrx_word' id='word_1_555' title='bbox 834 4341 1121 4408; x_wconf 82' lang='lat' dir='ltr'><strong>theologos.</strong></span> 
     </span>
    </p>
   </div>
   <div class='ocr_carea' id='block_1_75' title="bbox 730 4409 2199 4479">
    <p class='ocr_par' dir='ltr' id='par_1_75' title="bbox 730 4409 2199 4479">
     <span class='ocr_line' id='line_1_75' title="bbox 730 4409 2199 4479; baseline 0 -16"><span class='ocrx_word' id='word_1_556' title='bbox 730 4409 841 4478; x_wconf 78' lang='lat'>(93)</span> <span class='ocrx_word' id='word_1_557' title='bbox 895 4409 1040 4463; x_wconf 91' lang='lat' dir='ltr'><strong>Huuc</strong></span> <span class='ocrx_word' id='word_1_558' title='bbox 1113 4411 1281 4464; x_wconf 86' lang='lat' dir='ltr'><strong>locum</strong></span> <span class='ocrx_word' id='word_1_559' title='bbox 1340 4411 1410 4463; x_wconf 90' lang='lat' dir='ltr'><strong>ita</strong></span> <span class='ocrx_word' id='word_1_560' title='bbox 1471 4409 1860 4479; x_wconf 84' lang='lat' dir='ltr'><strong>Trapezuntius</strong></span> <span class='ocrx_word' id='word_1_561' title='bbox 1917 4420 2199 4464; x_wconf 81' lang='lat' dir='ltr'><strong>verterat:</strong></span> 
     </span>
    </p>
   </div>
   <div class='ocr_carea' id='block_1_76' title="bbox 661 4480 2199 4547">
    <p class='ocr_par' dir='ltr' id='par_1_76' title="bbox 661 4480 2199 4547">
     <span class='ocr_line' id='line_1_76' title="bbox 661 4480 2199 4547; baseline 0.002 -17"><span class='ocrx_word' id='word_1_562' title='bbox 661 4494 834 4532; x_wconf 73' lang='lat' dir='ltr'><strong>omnes</strong></span> <span class='ocrx_word' id='word_1_563' title='bbox 860 4480 1090 4532; x_wconf 76' lang='lat' dir='ltr'><strong>homines</strong></span> <span class='ocrx_word' id='word_1_564' title='bbox 1123 4483 1359 4545; x_wconf 76' lang='lat' dir='ltr'><strong>perducit</strong></span> <span class='ocrx_word' id='word_1_565' title='bbox 1386 4495 1404 4532; x_wconf 90' lang='lat'><strong><em>:</em></strong></span> <span class='ocrx_word' id='word_1_566' title='bbox 1435 4481 1485 4532; x_wconf 92' lang='lat' dir='ltr'><strong>in</strong></span> <span class='ocrx_word' id='word_1_567' title='bbox 1516 4497 1622 4547; x_wconf 88' lang='lat' dir='ltr'><strong>quo</strong></span> <span class='ocrx_word' id='word_1_568' title='bbox 1653 4499 1678 4532; x_wconf 89' lang='lat' dir='ltr'><strong>a</strong></span> <span class='ocrx_word' id='word_1_569' title='bbox 1723 4481 2041 4534; x_wconf 81' lang='lat' dir='ltr'><strong>Combetisio</strong></span> <span class='ocrx_word' id='word_1_570' title='bbox 2078 4482 2199 4546; x_wconf 87' lang='lat' dir='ltr'><strong>juro</strong></span> 
     </span>
    </p>
   </div>
   <div class='ocr_carea' id='block_1_77' title="bbox 662 4551 2198 4617">
    <p class='ocr_par' dir='ltr' id='par_1_77' title="bbox 662 4551 2198 4617">
     <span class='ocr_line' id='line_1_77' title="bbox 662 4551 2198 4617; baseline 0 -17"><span class='ocrx_word' id='word_1_571' title='bbox 662 4551 1084 4616; x_wconf 86' lang='lat' dir='ltr'><strong>reprehenditur,</strong></span> <span class='ocrx_word' id='word_1_572' title='bbox 1113 4552 1250 4617; x_wconf 85' lang='lat' dir='ltr'><strong>quod</strong></span> <span class='ocrx_word' id='word_1_573' title='bbox 1280 4565 1460 4603; x_wconf 87' lang='lat' dir='ltr'><strong>vocem</strong></span> <span class='ocrx_word' id='word_1_574' title='bbox 1499 4569 1669 4603; x_wconf 81' lang='lat' dir='ltr'><strong>omnes</strong></span> <span class='ocrx_word' id='word_1_575' title='bbox 1700 4552 1762 4602; x_wconf 90' lang='lat' dir='ltr'><strong>de</strong></span> <span class='ocrx_word' id='word_1_576' title='bbox 1789 4565 1882 4602; x_wconf 91' lang='lat' dir='ltr'><strong>suo</strong></span> <span class='ocrx_word' id='word_1_577' title='bbox 1917 4551 2198 4602; x_wconf 84' lang='lat' dir='ltr'><strong>addiderit.</strong></span> 
     </span>
    </p>
   </div>
   <div class='ocr_carea' id='block_1_78' title="bbox 732 4618 2198 4688">
    <p class='ocr_par' dir='ltr' id='par_1_78' title="bbox 732 4618 2198 4688">
     <span class='ocr_line' id='line_1_78' title="bbox 732 4618 2198 4688; baseline 0 -16"><span class='ocrx_word' id='word_1_578' title='bbox 732 4618 840 4688; x_wconf 69' lang='grc'>(94)</span> <span class='ocrx_word' id='word_1_579' title='bbox 879 4619 1148 4673; x_wconf 85' lang='lat' dir='ltr'><strong>Editiones</strong></span> <span class='ocrx_word' id='word_1_580' title='bbox 1181 4621 1309 4673; x_wconf 73' lang='lat' dir='ltr'><strong>Ven.</strong></span> <span class='ocrx_word' id='word_1_581' title='bbox 1353 4631 1402 4671; x_wconf 88' lang='lat' dir='ltr'><strong>et</strong></span> <span class='ocrx_word' id='word_1_582' title='bbox 1443 4622 1604 4672; x_wconf 87' lang='lat' dir='ltr'><strong>Basil.</strong></span> <span class='ocrx_word' id='word_1_583' title='bbox 1638 4631 1691 4671; x_wconf 84' lang='lat' dir='ltr'><strong>et</strong></span> <span class='ocrx_word' id='word_1_584' title='bbox 1736 4621 1989 4687; x_wconf 89' lang='lat' dir='ltr'><strong>Stephani</strong></span> <span class='ocrx_word' id='word_1_585' title='bbox 2027 4632 2076 4671; x_wconf 83' lang='lat' dir='ltr'><strong>et</strong></span> <span class='ocrx_word' id='word_1_586' title='bbox 2106 4635 2198 4672; x_wconf 79' lang='lat' dir='ltr'><strong>sex</strong></span> 
     </span>
    </p>
   </div>
   <div class='ocr_carea' id='block_1_79' title="bbox 661 4688 2196 4760">
    <p class='ocr_par' dir='ltr' id='par_1_79' title="bbox 661 4688 2196 4760">
     <span class='ocr_line' id='line_1_79' title="bbox 661 4688 2196 4760; baseline 0.003 -22"><span class='ocrx_word' id='word_1_587' title='bbox 661 4701 786 4760; x_wconf 68' lang='lat' dir='ltr'><strong>mss.</strong></span> <span class='ocrx_word' id='word_1_588' title='bbox 819 4688 913 4760; x_wconf 70' lang='grc' dir='ltr'><strong>τήν</strong></span> <span class='ocrx_word' id='word_1_589' title='bbox 939 4691 1001 4742; x_wconf 80' lang='grc' dir='ltr'><strong>ἐκ</strong></span> <span class='ocrx_word' id='word_1_590' title='bbox 1024 4690 1230 4756; x_wconf 71' lang='grc' dir='ltr'>φύσεως</span> <span class='ocrx_word' id='word_1_591' title='bbox 1255 4690 1397 4758; x_wconf 72' lang='grc' dir='ltr'>αὐτῷ</span> <span class='ocrx_word' id='word_1_592' title='bbox 1421 4691 1827 4760; x_wconf 70' lang='grc' dir='ltr'>ὑπάρχουσαν...</span> <span class='ocrx_word' id='word_1_593' title='bbox 1860 4690 2196 4760; x_wconf 75' lang='grc' dir='ltr'>οἰκειότητα.</span> 
     </span>
    </p>
   </div>
   <div class='ocr_carea' id='block_1_80' title="bbox 663 4758 2273 4841">
    <p class='ocr_par' dir='ltr' id='par_1_80' title="bbox 663 4758 2273 4841">
     <span class='ocr_line' id='line_1_80' title="bbox 663 4758 2273 4841; baseline 0.002 -34"><span class='ocrx_word' id='word_1_594' title='bbox 663 4758 834 4841; x_wconf 63' lang='grc' dir='ltr'><strong>βάίιίο</strong></span> <span class='ocrx_word' id='word_1_595' title='bbox 859 4758 1027 4840; x_wconf 69' lang='lat' dir='ltr'><strong>Paris.</strong></span> <span class='ocrx_word' id='word_1_596' title='bbox 1055 4770 1106 4812; x_wconf 84' lang='lat' dir='ltr'><strong>et</strong></span> <span class='ocrx_word' id='word_1_597' title='bbox 1136 4761 1265 4825; x_wconf 74' lang='lat' dir='ltr'><strong>Heg.</strong></span> <span class='ocrx_word' id='word_1_598' title='bbox 1291 4758 1674 4841; x_wconf 30' lang='lat' dir='ltr'><strong>secundtts&#39;éi“;</strong></span> <span class='ocrx_word' id='word_1_599' title='bbox 1708 4763 1769 4841; x_wconf 70' lang='grc' dir='ltr'><strong>ὲκ</strong></span> <span class='ocrx_word' id='word_1_600' title='bbox 1802 4759 2012 4826; x_wconf 81' lang='grc' dir='ltr'>φύσεως</span> <span class='ocrx_word' id='word_1_601' title='bbox 2053 4760 2198 4829; x_wconf 78' lang='grc' dir='ltr'>αὐτῷ</span> <span class='ocrx_word' id='word_1_602' title='bbox 2233 4788 2273 4841; x_wconf 80' lang='lat' dir='ltr'><strong>D</strong></span> 
     </span>
    </p>
   </div>
   <div class='ocr_carea' id='block_1_81' title="bbox 661 4826 2199 4899">
    <p class='ocr_par' dir='ltr' id='par_1_81' title="bbox 661 4826 2199 4899">
     <span class='ocr_line' id='line_1_81' title="bbox 661 4826 2199 4899; baseline 0.003 -21"><span class='ocrx_word' id='word_1_603' title='bbox 661 4826 1090 4896; x_wconf 55' lang='grc' dir='ltr'>ὑπαρχούσης...</span> <span class='ocrx_word' id='word_1_604' title='bbox 1141 4831 1484 4899; x_wconf 70' lang='grc' dir='ltr'>οἰκειότητος,</span> <span class='ocrx_word' id='word_1_605' title='bbox 1538 4841 1591 4883; x_wconf 90' lang='lat' dir='ltr'><strong>et</strong></span> <span class='ocrx_word' id='word_1_606' title='bbox 1634 4826 1711 4882; x_wconf 78' lang='lat' dir='ltr'><strong>ita</strong></span> <span class='ocrx_word' id='word_1_607' title='bbox 1759 4830 2030 4896; x_wconf 87' lang='lat' dir='ltr'><strong>legendum</strong></span> <span class='ocrx_word' id='word_1_608' title='bbox 2084 4826 2199 4882; x_wconf 77' lang='lat' dir='ltr'><strong>esse</strong></span> 
     </span>
    </p>
   </div>
   <div class='ocr_carea' id='block_1_82' title="bbox 661 4899 2195 4964">
    <p class='ocr_par' dir='ltr' id='par_1_82' title="bbox 661 4899 2195 4964">
     <span class='ocr_line' id='line_1_82' title="bbox 661 4899 2195 4964; baseline 0.001 -15"><span class='ocrx_word' id='word_1_609' title='bbox 661 4909 838 4949; x_wconf 81' lang='lat' dir='ltr'><strong>censet</strong></span> <span class='ocrx_word' id='word_1_610' title='bbox 879 4901 1115 4950; x_wconf 70' lang='lat' dir='ltr'><strong>Ducaeus.</strong></span> <span class='ocrx_word' id='word_1_611' title='bbox 1165 4899 1269 4951; x_wconf 88' lang='lat' dir='ltr'><strong>Sed</strong></span> <span class='ocrx_word' id='word_1_612' title='bbox 1313 4902 1482 4964; x_wconf 86' lang='lat' dir='ltr'><strong>ipsum</strong></span> <span class='ocrx_word' id='word_1_613' title='bbox 1547 4903 1732 4952; x_wconf 91' lang='lat' dir='ltr'><strong>audire</strong></span> <span class='ocrx_word' id='word_1_614' title='bbox 1782 4907 2019 4964; x_wconf 63' lang='lat' dir='ltr'><strong>praestat.</strong></span> <span class='ocrx_word' id='word_1_615' title='bbox 2053 4899 2195 4951; x_wconf 86' lang='lat' dir='ltr'><strong>Solet</strong></span> 
     </span>
    </p>
   </div>
   <div class='ocr_carea' id='block_1_83' title="bbox 661 4967 2195 5037">
    <p class='ocr_par' dir='ltr' id='par_1_83' title="bbox 661 4967 2195 5037">
     <span class='ocr_line' id='line_1_83' title="bbox 661 4967 2195 5037; baseline 0.003 -22"><span class='ocrx_word' id='word_1_616' title='bbox 661 4971 813 5027; x_wconf 84' lang='lat' dir='ltr'><strong>enim,</strong></span> <span class='ocrx_word' id='word_1_617' title='bbox 845 4967 1032 5034; x_wconf 84' lang='lat' dir='ltr'><strong>inquit,</strong></span> <span class='ocrx_word' id='word_1_618' title='bbox 1062 4984 1122 5019; x_wconf 69' lang='lat' dir='ltr'><strong>ex</strong></span> <span class='ocrx_word' id='word_1_619' title='bbox 1152 4969 1339 5034; x_wconf 78' lang='lat' dir='ltr'><strong>regulis</strong></span> <span class='ocrx_word' id='word_1_620' title='bbox 1365 4973 1725 5035; x_wconf 77' lang='lat' dir='ltr'><strong>grammatices</strong></span> <span class='ocrx_word' id='word_1_621' title='bbox 1751 4970 1948 5037; x_wconf 78' lang='grc' dir='ltr'>στερέω</span> <span class='ocrx_word' id='word_1_622' title='bbox 1979 4969 2195 5036; x_wconf 72' lang='lat' dir='ltr'><strong>genitivo</strong></span> 
     </span>
    </p>
   </div>
   <div class='ocr_carea' id='block_1_84' title="bbox 663 5038 2200 5107">
    <p class='ocr_par' dir='ltr' id='par_1_84' title="bbox 663 5038 2200 5107">
     <span class='ocr_line' id='line_1_84' title="bbox 663 5038 2200 5107; baseline 0.002 -22"><span class='ocrx_word' id='word_1_623' title='bbox 663 5039 734 5107; x_wconf 76' lang='lat' dir='ltr'><strong>rei</strong></span> <span class='ocrx_word' id='word_1_624' title='bbox 759 5039 928 5103; x_wconf 87' lang='lat' dir='ltr'><strong>jungi,</strong></span> <span class='ocrx_word' id='word_1_625' title='bbox 963 5053 1060 5100; x_wconf 83' lang='lat' dir='ltr'><strong>qua</strong></span> <span class='ocrx_word' id='word_1_626' title='bbox 1097 5038 1330 5102; x_wconf 80' lang='lat' dir='ltr'><strong>privatur</strong></span> <span class='ocrx_word' id='word_1_627' title='bbox 1355 5039 1566 5104; x_wconf 83' lang='lat' dir='ltr'><strong>aliquis,</strong></span> <span class='ocrx_word' id='word_1_628' title='bbox 1602 5049 1653 5090; x_wconf 87' lang='lat' dir='ltr'><strong>ut</strong></span> <span class='ocrx_word' id='word_1_629' title='bbox 1689 5040 1998 5107; x_wconf 66' lang='grc' dir='ltr'>στερεῖςῦαι</span> <span class='ocrx_word' id='word_1_630' title='bbox 2030 5055 2200 5104; x_wconf 61' lang='grc' dir='ltr'>κεφα-</span> 
     </span>
    </p>
   </div>
   <div class='ocr_carea' id='block_1_85' title="bbox 660 5103 2198 5177">
    <p class='ocr_par' dir='ltr' id='par_1_85' title="bbox 660 5103 2198 5177">
     <span class='ocr_line' id='line_1_85' title="bbox 660 5103 2198 5177; baseline 0.003 -21"><span class='ocrx_word' id='word_1_631' title='bbox 660 5103 778 5177; x_wconf 67' lang='grc' dir='ltr'>λῆς,</span> <span class='ocrx_word' id='word_1_632' title='bbox 810 5107 1105 5177; x_wconf 71' lang='grc' dir='ltr'>στερεῖσθαι</span> <span class='ocrx_word' id='word_1_633' title='bbox 1134 5107 1228 5174; x_wconf 80' lang='grc' dir='ltr'>τῆς</span> <span class='ocrx_word' id='word_1_634' title='bbox 1257 5103 1479 5168; x_wconf 81' lang='grc' dir='ltr'>πόλεως,</span> <span class='ocrx_word' id='word_1_635' title='bbox 1510 5109 1674 5174; x_wconf 86' lang='lat' dir='ltr'><strong>capite</strong></span> <span class='ocrx_word' id='word_1_636' title='bbox 1714 5103 1796 5160; x_wconf 67' lang='lat' dir='ltr'><strong>vei</strong></span> <span class='ocrx_word' id='word_1_637' title='bbox 1827 5110 1947 5159; x_wconf 86' lang='lat' dir='ltr'><strong>urbe</strong></span> <span class='ocrx_word' id='word_1_638' title='bbox 1981 5109 2198 5175; x_wconf 83' lang='lat' dir='ltr'><strong>privari.</strong></span> 
     </span>
    </p>
   </div>
   <div class='ocr_carea' id='block_1_86' title="bbox 664 5173 2196 5246">
    <p class='ocr_par' dir='ltr' id='par_1_86' title="bbox 664 5173 2196 5246">
     <span class='ocr_line' id='line_1_86' title="bbox 664 5173 2196 5246; baseline 0.004 -22"><span class='ocrx_word' id='word_1_639' title='bbox 664 5173 766 5228; x_wconf 82' lang='lat' dir='ltr'><strong>Sed</strong></span> <span class='ocrx_word' id='word_1_640' title='bbox 795 5173 1297 5231; x_wconf 63' lang='lat' dir='ltr'><strong>Imu&#39;auimadvertit</strong></span> <span class='ocrx_word' id='word_1_641' title='bbox 1329 5180 1408 5229; x_wconf 89' lang='lat' dir='ltr'><strong>vir</strong></span> <span class='ocrx_word' id='word_1_642' title='bbox 1438 5173 1635 5246; x_wconf 85' lang='lat' dir='ltr'><strong>alioqui</strong></span> <span class='ocrx_word' id='word_1_643' title='bbox 1666 5173 2028 5244; x_wconf 81' lang='lat' dir='ltr'><strong>doctissimus,</strong></span> <span class='ocrx_word' id='word_1_644' title='bbox 2054 5178 2196 5231; x_wconf 86' lang='lat' dir='ltr'><strong>aliud</strong></span> 
     </span>
    </p>
   </div>
   <div class='ocr_carea' id='block_1_87' title="bbox 2318 3505 3864 3572">
    <p class='ocr_par' dir='ltr' id='par_1_87' title="bbox 2318 3505 3864 3572">
     <span class='ocr_line' id='line_1_87' title="bbox 2318 3505 3864 3572; baseline 0.001 -15"><span class='ocrx_word' id='word_1_645' title='bbox 2318 3507 2484 3559; x_wconf 83' lang='lat' dir='ltr'><strong>Verba</strong></span> <span class='ocrx_word' id='word_1_646' title='bbox 2531 3518 2706 3559; x_wconf 90' lang='lat' dir='ltr'><strong>autem</strong></span> <span class='ocrx_word' id='word_1_647' title='bbox 2755 3508 3013 3572; x_wconf 82' lang='lat' dir='ltr'><strong>privativa</strong></span> <span class='ocrx_word' id='word_1_648' title='bbox 3049 3505 3220 3558; x_wconf 88' lang='lat' dir='ltr'><strong>solent</strong></span> <span class='ocrx_word' id='word_1_649' title='bbox 3263 3505 3474 3572; x_wconf 86' lang='lat' dir='ltr'><strong>quidem</strong></span> <span class='ocrx_word' id='word_1_650' title='bbox 3524 3505 3765 3570; x_wconf 79' lang='lat' dir='ltr'><strong>genitivo</strong></span> <span class='ocrx_word' id='word_1_651' title='bbox 3791 3507 3864 3558; x_wconf 84' lang='lat' dir='ltr'><strong>rei</strong></span> 
     </span>
    </p>
   </div>
   <div class='ocr_carea' id='block_1_88' title="bbox 2304 3574 3865 3641">
    <p class='ocr_par' dir='ltr' id='par_1_88' title="bbox 2304 3574 3865 3641">
     <span class='ocr_line' id='line_1_88' title="bbox 2304 3574 3865 3641; baseline 0.001 -15"><span class='ocrx_word' id='word_1_652' title='bbox 2304 3577 2451 3641; x_wconf 70' lang='lat' dir='ltr'><strong>jungi</strong></span> <span class='ocrx_word' id='word_1_653' title='bbox 2477 3595 2487 3628; x_wconf 94' lang='lat'>:</span> <span class='ocrx_word' id='word_1_654' title='bbox 2509 3579 2598 3627; x_wconf 89' lang='lat' dir='ltr'><strong>sed</strong></span> <span class='ocrx_word' id='word_1_655' title='bbox 2628 3577 2676 3628; x_wconf 92' lang='lat' dir='ltr'><strong>id</strong></span> <span class='ocrx_word' id='word_1_656' title='bbox 2705 3592 2806 3628; x_wconf 92' lang='lat' dir='ltr'><strong>non</strong></span> <span class='ocrx_word' id='word_1_657' title='bbox 2838 3590 3044 3640; x_wconf 85' lang='lat' dir='ltr'><strong>semper</strong></span> <span class='ocrx_word' id='word_1_658' title='bbox 3068 3574 3178 3626; x_wconf 84' lang='lat' dir='ltr'><strong>ﬁeri</strong></span> <span class='ocrx_word' id='word_1_659' title='bbox 3203 3584 3446 3636; x_wconf 87' lang='lat' dir='ltr'><strong>constat;</strong></span> <span class='ocrx_word' id='word_1_660' title='bbox 3477 3575 3584 3626; x_wconf 83' lang='lat' dir='ltr'><strong>into</strong></span> <span class='ocrx_word' id='word_1_661' title='bbox 3609 3589 3716 3628; x_wconf 86' lang='lat' dir='ltr'><strong>non</strong></span> <span class='ocrx_word' id='word_1_662' title='bbox 3743 3590 3865 3628; x_wconf 75' lang='lat' dir='ltr'><strong>raro</strong></span> 
     </span>
    </p>
   </div>
   <div class='ocr_carea' id='block_1_89' title="bbox 2311 3644 3864 3712">
    <p class='ocr_par' dir='ltr' id='par_1_89' title="bbox 2311 3644 3864 3712">
     <span class='ocr_line' id='line_1_89' title="bbox 2311 3644 3864 3712; baseline -0.002 -16"><span class='ocrx_word' id='word_1_663' title='bbox 2311 3657 2499 3712; x_wconf 72' lang='lat' dir='ltr'><strong>regunt</strong></span> <span class='ocrx_word' id='word_1_664' title='bbox 2534 3647 2665 3698; x_wconf 84' lang='lat' dir='ltr'><strong>duos</strong></span> <span class='ocrx_word' id='word_1_665' title='bbox 2707 3645 3061 3696; x_wconf 77' lang='lat' dir='ltr'><strong>accusativus.</strong></span> <span class='ocrx_word' id='word_1_666' title='bbox 3088 3644 3264 3709; x_wconf 81' lang='lat' dir='ltr'><strong>Quare</strong></span> <span class='ocrx_word' id='word_1_667' title='bbox 3305 3644 3501 3696; x_wconf 91' lang='lat' dir='ltr'><strong>nullam</strong></span> <span class='ocrx_word' id='word_1_668' title='bbox 3539 3644 3700 3696; x_wconf 74' lang='lat' dir='ltr'><strong>video</strong></span> <span class='ocrx_word' id='word_1_669' title='bbox 3737 3659 3864 3697; x_wconf 84' lang='lat' dir='ltr'><strong>cau-</strong></span> 
     </span>
    </p>
   </div>
   <div class='ocr_carea' id='block_1_90' title="bbox 2308 3713 3865 3777">
    <p class='ocr_par' dir='ltr' id='par_1_90' title="bbox 2308 3713 3865 3777">
     <span class='ocr_line' id='line_1_90' title="bbox 2308 3713 3865 3777; baseline 0 -11"><span class='ocrx_word' id='word_1_670' title='bbox 2308 3730 2443 3777; x_wconf 85' lang='lat' dir='ltr'><strong>sam,</strong></span> <span class='ocrx_word' id='word_1_671' title='bbox 2473 3730 2568 3768; x_wconf 92' lang='lat' dir='ltr'><strong>cur</strong></span> <span class='ocrx_word' id='word_1_672' title='bbox 2596 3716 2856 3768; x_wconf 90' lang='lat' dir='ltr'><strong>editiones</strong></span> <span class='ocrx_word' id='word_1_673' title='bbox 2879 3723 3083 3768; x_wconf 88' lang='lat' dir='ltr'><strong>veteres</strong></span> <span class='ocrx_word' id='word_1_674' title='bbox 3112 3723 3187 3767; x_wconf 88' lang='lat' dir='ltr'><strong>tot</strong></span> <span class='ocrx_word' id='word_1_675' title='bbox 3227 3716 3468 3766; x_wconf 79' lang='lat' dir='ltr'><strong>codicum</strong></span> <span class='ocrx_word' id='word_1_676' title='bbox 3498 3727 3730 3767; x_wconf 90' lang='lat' dir='ltr'><strong>numero</strong></span> <span class='ocrx_word' id='word_1_677' title='bbox 3755 3713 3865 3766; x_wconf 83' lang='lat' dir='ltr'><strong>suf-</strong></span> 
     </span>
    </p>
   </div>
   <div class='ocr_carea' id='block_1_91' title="bbox 2309 3783 3867 3852">
    <p class='ocr_par' dir='ltr' id='par_1_91' title="bbox 2309 3783 3867 3852">
     <span class='ocr_line' id='line_1_91' title="bbox 2309 3783 3867 3852; baseline 0.001 -18"><span class='ocrx_word' id='word_1_678' title='bbox 2309 3783 2466 3837; x_wconf 81' lang='lat' dir='ltr'><strong>fultas</strong></span> <span class='ocrx_word' id='word_1_679' title='bbox 2496 3785 2644 3850; x_wconf 92' lang='lat' dir='ltr'><strong>sequi</strong></span> <span class='ocrx_word' id='word_1_680' title='bbox 2677 3785 2828 3837; x_wconf 88' lang='lat' dir='ltr'><strong>nobis</strong></span> <span class='ocrx_word' id='word_1_681' title='bbox 2852 3800 2952 3836; x_wconf 91' lang='lat' dir='ltr'><strong>non</strong></span> <span class='ocrx_word' id='word_1_682' title='bbox 2983 3785 3156 3836; x_wconf 83' lang='lat' dir='ltr'><strong>liceat.</strong></span> <span class='ocrx_word' id='word_1_683' title='bbox 3197 3784 3334 3852; x_wconf 83' lang='lat' dir='ltr'><strong>Lege</strong></span> <span class='ocrx_word' id='word_1_684' title='bbox 3371 3783 3732 3836; x_wconf 85' lang='lat' dir='ltr'><strong>Thesaurum.</strong></span> <span class='ocrx_word' id='word_1_685' title='bbox 3766 3785 3867 3836; x_wconf 71' lang='lat' dir='ltr'><strong>Ye-</strong></span> 
     </span>
    </p>
   </div>
   <div class='ocr_carea' id='block_1_92' title="bbox 2309 3853 3867 3974">
    <p class='ocr_par' dir='ltr' id='par_1_92' title="bbox 2309 3853 3867 3974">
     <span class='ocr_line' id='line_1_92' title="bbox 2309 3853 3867 3974; baseline -0.001 -69"><span class='ocrx_word' id='word_1_686' title='bbox 2309 3863 2450 3974; x_wconf 47' lang='lat' dir='ltr'><strong>ttgres</strong></span> <span class='ocrx_word' id='word_1_687' title='bbox 2489 3855 2685 3922; x_wconf 89' lang='lat' dir='ltr'><strong>aliquot</strong></span> <span class='ocrx_word' id='word_1_688' title='bbox 2743 3855 2858 3907; x_wconf 83' lang='lat' dir='ltr'><strong>libri</strong></span> <span class='ocrx_word' id='word_1_689' title='bbox 2897 3854 3240 3924; x_wconf 77' lang='grc' dir='ltr'>ὑπάρχουσαν</span> <span class='ocrx_word' id='word_1_690' title='bbox 3290 3853 3423 3923; x_wconf 76' lang='grc' dir='ltr'>πρὸς</span> <span class='ocrx_word' id='word_1_691' title='bbox 3463 3853 3556 3904; x_wconf 85' lang='grc' dir='ltr'><strong>τὸν</strong></span> <span class='ocrx_word' id='word_1_692' title='bbox 3604 3870 3867 3924; x_wconf 79' lang='grc' dir='ltr'>γεγεννη-</span> 
     </span>
     <span class='ocr_line' id='line_1_93' title="bbox 2309 3941 2458 3974; baseline 0 0"><span class='ocrx_word' id='word_1_693' title='bbox 2309 3941 2338 3974; x_wconf 87' lang='grc' dir='ltr'><strong>κ</strong></span> <span class='ocrx_word' id='word_1_694' title='bbox 2373 3941 2458 3974; x_wconf 91' lang='grc' dir='ltr'><strong>τα.</strong></span> 
     </span>
    </p>
   </div>
   <div class='ocr_carea' id='block_1_93' title="bbox 2307 3941 2458 3975">
    <p class='ocr_par' dir='ltr' id='par_1_93' title="bbox 2307 3941 2458 3975">
     <span class='ocr_line' id='line_1_94' title="bbox 2307 3941 2458 3975; baseline 0.007 -1"><span class='ocrx_word' id='word_1_695' title='bbox 2307 3941 2458 3975; x_wconf 86' lang='grc' dir='ltr'>κοτα.</span> 
     </span>
    </p>
   </div>
   <div class='ocr_carea' id='block_1_94' title="bbox 2376 3984 3864 4063">
    <p class='ocr_par' dir='ltr' id='par_1_94' title="bbox 2376 3984 3864 4063">
     <span class='ocr_line' id='line_1_95' title="bbox 2376 3984 3864 4063; baseline -0.003 -16"><span class='ocrx_word' id='word_1_696' title='bbox 2376 3994 2488 4063; x_wconf 78' lang='grc'>(95)</span> <span class='ocrx_word' id='word_1_697' title='bbox 2528 3993 2664 4047; x_wconf 84' lang='lat' dir='ltr'><strong>Editi</strong></span> <span class='ocrx_word' id='word_1_698' title='bbox 2695 3994 2786 4047; x_wconf 75' lang='grc' dir='ltr'><strong>καὶ</strong></span> <span class='ocrx_word' id='word_1_699' title='bbox 2808 3984 2976 4055; x_wconf 71' lang='grc' dir='ltr'>οὗτος.</span> <span class='ocrx_word' id='word_1_700' title='bbox 3001 3992 3144 4047; x_wconf 90' lang='lat' dir='ltr'><strong>Libri</strong></span> <span class='ocrx_word' id='word_1_701' title='bbox 3170 3993 3370 4063; x_wconf 88' lang='lat' dir='ltr'><strong>antiqui</strong></span> <span class='ocrx_word' id='word_1_702' title='bbox 3405 3993 3498 4045; x_wconf 73' lang='grc' dir='ltr'><strong>καὶ</strong></span> <span class='ocrx_word' id='word_1_703' title='bbox 3522 3991 3716 4055; x_wconf 75' lang='grc' dir='ltr'>οὕτως.</span> <span class='ocrx_word' id='word_1_704' title='bbox 3754 3991 3864 4044; x_wconf 65' lang='lat' dir='ltr'><strong>Vox</strong></span> 
     </span>
    </p>
   </div>
   <div class='ocr_carea' id='block_1_95' title="bbox 2306 4063 3862 4133">
    <p class='ocr_par' dir='ltr' id='par_1_95' title="bbox 2306 4063 3862 4133">
     <span class='ocr_line' id='line_1_96' title="bbox 2306 4063 3862 4133; baseline -0.001 -18"><span class='ocrx_word' id='word_1_705' title='bbox 2306 4064 2559 4128; x_wconf 81' lang='grc' dir='ltr'>τοιοῦτος,</span> <span class='ocrx_word' id='word_1_706' title='bbox 2585 4081 2701 4133; x_wconf 69' lang='lat' dir='ltr'><strong>qua:</strong></span> <span class='ocrx_word' id='word_1_707' title='bbox 2736 4066 3004 4129; x_wconf 83' lang='lat' dir='ltr'><strong>aliquanto</strong></span> <span class='ocrx_word' id='word_1_708' title='bbox 3029 4075 3146 4131; x_wconf 84' lang='lat' dir='ltr'><strong>post</strong></span> <span class='ocrx_word' id='word_1_709' title='bbox 3179 4066 3520 4133; x_wconf 12' lang='lat' dir='ltr'><strong>legitttr,rhoc</strong></span> <span class='ocrx_word' id='word_1_710' title='bbox 3551 4063 3670 4114; x_wconf 88' lang='lat' dir='ltr'><strong>loco</strong></span> <span class='ocrx_word' id='word_1_711' title='bbox 3705 4063 3862 4133; x_wconf 71' lang='lat' dir='ltr'><strong>debet</strong></span> 
     </span>
    </p>
   </div>
   <div class='ocr_carea' id='block_1_96' title="bbox 2310 4130 3860 4200">
    <p class='ocr_par' dir='ltr' id='par_1_96' title="bbox 2310 4130 3860 4200">
     <span class='ocr_line' id='line_1_97' title="bbox 2310 4130 3860 4200; baseline -0.005 -11"><span class='ocrx_word' id='word_1_712' title='bbox 2310 4138 2443 4189; x_wconf 81' lang='lat' dir='ltr'><strong>Sllllll</strong></span> <span class='ocrx_word' id='word_1_713' title='bbox 2481 4152 2572 4199; x_wconf 89' lang='lat' dir='ltr'><strong>pro</strong></span> <span class='ocrx_word' id='word_1_714' title='bbox 2602 4130 2674 4186; x_wconf 77' lang='lat' dir='ltr'><strong>eo</strong></span> <span class='ocrx_word' id='word_1_715' title='bbox 2706 4135 2792 4200; x_wconf 85' lang='lat' dir='ltr'><strong>qui</strong></span> <span class='ocrx_word' id='word_1_716' title='bbox 2827 4130 3169 4200; x_wconf 59' lang='lat' dir='ltr'><strong>con-iparatur</strong></span> <span class='ocrx_word' id='word_1_717' title='bbox 3197 4130 3256 4187; x_wconf 73' lang='lat' dir='ltr'><strong>ac</strong></span> <span class='ocrx_word' id='word_1_718' title='bbox 3288 4132 3561 4186; x_wconf 80' lang='lat' dir='ltr'><strong>confertur</strong></span> <span class='ocrx_word' id='word_1_719' title='bbox 3584 4146 3708 4183; x_wconf 92' lang='lat' dir='ltr'><strong>cum</strong></span> <span class='ocrx_word' id='word_1_720' title='bbox 3734 4130 3860 4182; x_wconf 77' lang='lat' dir='ltr'><strong>alio.</strong></span> 
     </span>
    </p>
   </div>
   <div class='ocr_carea' id='block_1_97' title="bbox 2378 4201 3864 4273">
    <p class='ocr_par' dir='ltr' id='par_1_97' title="bbox 2378 4201 3864 4273">
     <span class='ocr_line' id='line_1_98' title="bbox 2378 4201 3864 4273; baseline -0.003 -18"><span class='ocrx_word' id='word_1_721' title='bbox 2378 4204 2487 4271; x_wconf 87' lang='lat'>(96)</span> <span class='ocrx_word' id='word_1_722' title='bbox 2525 4205 2671 4266; x_wconf 85' lang='lat' dir='ltr'><strong>Illud,</strong></span> <span class='ocrx_word' id='word_1_723' title='bbox 2712 4203 2806 4272; x_wconf 84' lang='grc' dir='ltr'>τὴν</span> <span class='ocrx_word' id='word_1_724' title='bbox 2853 4203 3046 4273; x_wconf 78' lang='grc' dir='ltr'>ἀρχήν,</span> <span class='ocrx_word' id='word_1_725' title='bbox 3094 4220 3192 4255; x_wconf 88' lang='lat' dir='ltr'><strong>non</strong></span> <span class='ocrx_word' id='word_1_726' title='bbox 3246 4219 3366 4256; x_wconf 89' lang='lat' dir='ltr'><strong>raro</strong></span> <span class='ocrx_word' id='word_1_727' title='bbox 3401 4203 3632 4273; x_wconf 83' lang='lat' dir='ltr'><strong>sumitur</strong></span> <span class='ocrx_word' id='word_1_728' title='bbox 3675 4201 3864 4252; x_wconf 84' lang='lat' dir='ltr'><strong>adver-</strong></span> 
     </span>
    </p>
   </div>
   <div class='ocr_carea' id='block_1_98' title="bbox 2307 4272 3862 4338">
    <p class='ocr_par' dir='ltr' id='par_1_98' title="bbox 2307 4272 3862 4338">
     <span class='ocr_line' id='line_1_99' title="bbox 2307 4272 3862 4338; baseline -0.001 -13"><span class='ocrx_word' id='word_1_729' title='bbox 2307 4273 2516 4325; x_wconf 88' lang='lat' dir='ltr'><strong>bialiter</strong></span> <span class='ocrx_word' id='word_1_730' title='bbox 2541 4289 2634 4338; x_wconf 88' lang='lat' dir='ltr'><strong>pro</strong></span> <span class='ocrx_word' id='word_1_731' title='bbox 2675 4289 2759 4333; x_wconf 88' lang='lat' dir='ltr'><strong>eo,</strong></span> <span class='ocrx_word' id='word_1_732' title='bbox 2796 4276 2931 4338; x_wconf 91' lang='lat' dir='ltr'><strong>quod</strong></span> <span class='ocrx_word' id='word_1_733' title='bbox 2975 4283 3074 4331; x_wconf 80' lang='lat' dir='ltr'><strong>est,</strong></span> <span class='ocrx_word' id='word_1_734' title='bbox 3112 4274 3281 4333; x_wconf 86' lang='lat' dir='ltr'><strong>initio,</strong></span> <span class='ocrx_word' id='word_1_735' title='bbox 3331 4272 3564 4334; x_wconf 85' lang='lat' dir='ltr'><strong>omnino,</strong></span> <span class='ocrx_word' id='word_1_736' title='bbox 3595 4278 3726 4332; x_wconf 87' lang='lat' dir='ltr'><strong>etc.,</strong></span> <span class='ocrx_word' id='word_1_737' title='bbox 3765 4285 3862 4323; x_wconf 81' lang='lat' dir='ltr'><strong>nec</strong></span> 
     </span>
    </p>
   </div>
   <div class='ocr_carea' id='block_1_99' title="bbox 2306 4340 3860 4406">
    <p class='ocr_par' dir='ltr' id='par_1_99' title="bbox 2306 4340 3860 4406">
     <span class='ocr_line' id='line_1_100' title="bbox 2306 4340 3860 4406; baseline -0.001 -15"><span class='ocrx_word' id='word_1_738' title='bbox 2306 4342 2562 4394; x_wconf 82' lang='lat' dir='ltr'><strong>debuerat</strong></span> <span class='ocrx_word' id='word_1_739' title='bbox 2597 4343 2858 4406; x_wconf 87' lang='lat' dir='ltr'><strong>interpres</strong></span> <span class='ocrx_word' id='word_1_740' title='bbox 2884 4340 2960 4392; x_wconf 89' lang='lat' dir='ltr'><strong>sic</strong></span> <span class='ocrx_word' id='word_1_741' title='bbox 2994 4352 3202 4394; x_wconf 86' lang='lat' dir='ltr'><strong>vertere</strong></span> <span class='ocrx_word' id='word_1_742' title='bbox 3233 4360 3246 4393; x_wconf 88' lang='lat'><strong>:</strong></span> <span class='ocrx_word' id='word_1_743' title='bbox 3278 4341 3430 4405; x_wconf 77' lang='lat' dir='ltr'><strong>Quod</strong></span> <span class='ocrx_word' id='word_1_744' title='bbox 3454 4343 3499 4391; x_wconf 79' lang='lat' dir='ltr'><strong>si</strong></span> <span class='ocrx_word' id='word_1_745' title='bbox 3533 4356 3623 4391; x_wconf 85' lang='lat' dir='ltr'><strong>nec</strong></span> <span class='ocrx_word' id='word_1_746' title='bbox 3649 4341 3860 4392; x_wconf 73' lang='lat' dir='ltr'><strong>initium</strong></span> 
     </span>
    </p>
   </div>
   <div class='ocr_carea' id='block_1_100' title="bbox 2303 4409 3135 4475">
    <p class='ocr_par' dir='ltr' id='par_1_100' title="bbox 2303 4409 3135 4475">
     <span class='ocr_line' id='line_1_101' title="bbox 2303 4409 3135 4475; baseline 0 -15"><span class='ocrx_word' id='word_1_747' title='bbox 2303 4412 2506 4473; x_wconf 82' lang='lat' dir='ltr'><strong>quidem</strong></span> <span class='ocrx_word' id='word_1_748' title='bbox 2534 4411 2930 4475; x_wconf 77' lang='lat' dir='ltr'><strong>comparationis</strong></span> <span class='ocrx_word' id='word_1_749' title='bbox 2966 4409 3135 4462; x_wconf 75' lang='lat' dir='ltr'><strong>habet.</strong></span> 
     </span>
    </p>
   </div>
   <div class='ocr_carea' id='block_1_101' title="bbox 2375 4477 3861 4546">
    <p class='ocr_par' dir='ltr' id='par_1_101' title="bbox 2375 4477 3861 4546">
     <span class='ocr_line' id='line_1_102' title="bbox 2375 4477 3861 4546; baseline -0.001 -16"><span class='ocrx_word' id='word_1_750' title='bbox 2375 4479 2482 4545; x_wconf 81' lang='lat'>(97)</span> <span class='ocrx_word' id='word_1_751' title='bbox 2517 4478 2641 4532; x_wconf 87' lang='lat' dir='ltr'><strong>Post</strong></span> <span class='ocrx_word' id='word_1_752' title='bbox 2678 4494 2854 4531; x_wconf 87' lang='lat' dir='ltr'><strong>vocem</strong></span> <span class='ocrx_word' id='word_1_753' title='bbox 2889 4478 3060 4546; x_wconf 78' lang='grc' dir='ltr'>ἐαυτῷ</span> <span class='ocrx_word' id='word_1_754' title='bbox 3088 4481 3136 4546; x_wconf 78' lang='lat' dir='ltr'><strong>i_n</strong></span> <span class='ocrx_word' id='word_1_755' title='bbox 3167 4479 3351 4545; x_wconf 83' lang='lat' dir='ltr'><strong>Regiis</strong></span> <span class='ocrx_word' id='word_1_756' title='bbox 3385 4479 3580 4545; x_wconf 89' lang='lat' dir='ltr'><strong>primo,</strong></span> <span class='ocrx_word' id='word_1_757' title='bbox 3619 4477 3861 4530; x_wconf 86' lang='lat' dir='ltr'><strong>secundo</strong></span> 
     </span>
    </p>
   </div>
   <div class='ocr_carea' id='block_1_102' title="bbox 2304 4542 3861 4618">
    <p class='ocr_par' dir='ltr' id='par_1_102' title="bbox 2304 4542 3861 4618">
     <span class='ocr_line' id='line_1_103' title="bbox 2304 4542 3861 4618; baseline -0.001 -17"><span class='ocrx_word' id='word_1_758' title='bbox 2304 4557 2354 4601; x_wconf 91' lang='lat' dir='ltr'><strong>et</strong></span> <span class='ocrx_word' id='word_1_759' title='bbox 2385 4542 2542 4600; x_wconf 76' lang='lat' dir='ltr'><strong>sexto</strong></span> <span class='ocrx_word' id='word_1_760' title='bbox 2583 4558 2879 4615; x_wconf 70' lang='lat' dir='ltr'><strong>Sequuntur</strong></span> <span class='ocrx_word' id='word_1_761' title='bbox 2926 4542 3126 4610; x_wconf 57' lang='grc' dir='ltr'>Νηιξοῦ</span> <span class='ocrx_word' id='word_1_762' title='bbox 3167 4542 3680 4618; x_wconf 70' lang='grc' dir='ltr'>γένοιτολυτρῶσαι</span> <span class='ocrx_word' id='word_1_763' title='bbox 3710 4547 3861 4613; x_wconf 73' lang='grc' dir='ltr'><strong>ἡμᾶς</strong></span> 
     </span>
    </p>
   </div>
   <div class='ocr_carea' id='block_1_103' title="bbox 2302 4617 3861 4688">
    <p class='ocr_par' dir='ltr' id='par_1_103' title="bbox 2302 4617 3861 4688">
     <span class='ocr_line' id='line_1_104' title="bbox 2302 4617 3861 4688; baseline -0.002 -18"><span class='ocrx_word' id='word_1_764' title='bbox 2302 4618 2479 4686; x_wconf 81' lang='grc' dir='ltr'>χάριτι</span> <span class='ocrx_word' id='word_1_765' title='bbox 2505 4618 2594 4669; x_wconf 80' lang='grc' dir='ltr'><strong>τοῦ</strong></span> <span class='ocrx_word' id='word_1_766' title='bbox 2623 4618 2822 4685; x_wconf 83' lang='grc' dir='ltr'>Κυρίου</span> <span class='ocrx_word' id='word_1_767' title='bbox 2849 4618 3003 4687; x_wconf 80' lang='grc' dir='ltr'>ἡμῶν</span> <span class='ocrx_word' id='word_1_768' title='bbox 3051 4619 3220 4686; x_wconf 79' lang='grc' dir='ltr'>Ἰησοῦ</span> <span class='ocrx_word' id='word_1_769' title='bbox 3253 4617 3515 4688; x_wconf 75' lang='grc' dir='ltr'>Χριστοῦ,</span> <span class='ocrx_word' id='word_1_770' title='bbox 3538 4617 3655 4687; x_wconf 75' lang='grc' dir='ltr'>μεθ’</span> <span class='ocrx_word' id='word_1_771' title='bbox 3697 4619 3757 4675; x_wconf 65' lang='grc' dir='ltr'>οὗ</span> <span class='ocrx_word' id='word_1_772' title='bbox 3785 4618 3861 4684; x_wconf 81' lang='grc' dir='ltr'><strong>τῷ</strong></span> 
     </span>
    </p>
   </div>
   <div class='ocr_carea' id='block_1_104' title="bbox 2302 4688 3863 4758">
    <p class='ocr_par' dir='ltr' id='par_1_104' title="bbox 2302 4688 3863 4758">
     <span class='ocr_line' id='line_1_105' title="bbox 2302 4688 3863 4758; baseline 0 -18"><span class='ocrx_word' id='word_1_773' title='bbox 2302 4689 2518 4757; x_wconf 81' lang='grc' dir='ltr'>ἀνάρχῳ</span> <span class='ocrx_word' id='word_1_774' title='bbox 2542 4688 2713 4757; x_wconf 78' lang='grc' dir='ltr'>Πατρ).</span> <span class='ocrx_word' id='word_1_775' title='bbox 2756 4688 2879 4751; x_wconf 78' lang='grc' dir='ltr'>δόξα</span> <span class='ocrx_word' id='word_1_776' title='bbox 2923 4691 3014 4741; x_wconf 70' lang='grc' dir='ltr'><strong>σὺν</strong></span> <span class='ocrx_word' id='word_1_777' title='bbox 3036 4690 3171 4758; x_wconf 81' lang='grc' dir='ltr'>ἁγίῳ</span> <span class='ocrx_word' id='word_1_778' title='bbox 3209 4689 3481 4758; x_wconf 73' lang='grc' dir='ltr'>Πνεύματι</span> <span class='ocrx_word' id='word_1_779' title='bbox 3514 4688 3606 4739; x_wconf 86' lang='grc' dir='ltr'><strong>νῦν</strong></span> <span class='ocrx_word' id='word_1_780' title='bbox 3651 4693 3742 4742; x_wconf 75' lang='grc' dir='ltr'>καὶ</span> <span class='ocrx_word' id='word_1_781' title='bbox 3778 4690 3863 4741; x_wconf 76' lang='grc' dir='ltr'>ἀεὶ</span> 
     </span>
    </p>
   </div>
   <div class='ocr_carea' id='block_1_105' title="bbox 2303 4758 3858 4830">
    <p class='ocr_par' dir='ltr' id='par_1_105' title="bbox 2303 4758 3858 4830">
     <span class='ocr_line' id='line_1_106' title="bbox 2303 4758 3858 4830; baseline -0.001 -20"><span class='ocrx_word' id='word_1_782' title='bbox 2303 4761 2395 4810; x_wconf 70' lang='grc' dir='ltr'><strong>καὶ</strong></span> <span class='ocrx_word' id='word_1_783' title='bbox 2428 4762 2502 4821; x_wconf 84' lang='grc' dir='ltr'>εἰς</span> <span class='ocrx_word' id='word_1_784' title='bbox 2536 4761 2654 4830; x_wconf 70' lang='grc' dir='ltr'>τοὺς</span> <span class='ocrx_word' id='word_1_785' title='bbox 2679 4758 2877 4820; x_wconf 81' lang='grc' dir='ltr'>αἰῶνας</span> <span class='ocrx_word' id='word_1_786' title='bbox 2907 4777 2918 4812; x_wconf 90' lang='lat'><strong>:</strong></span> <span class='ocrx_word' id='word_1_787' title='bbox 2950 4774 3172 4830; x_wconf 81' lang='lat' dir='ltr'><strong>quorum</strong></span> <span class='ocrx_word' id='word_1_788' title='bbox 3205 4762 3487 4830; x_wconf 82' lang='lat' dir='ltr'><strong>ve_rborum</strong></span> <span class='ocrx_word' id='word_1_789' title='bbox 3525 4758 3858 4830; x_wconf 80' lang='lat' dir='ltr'><strong>interpreta-</strong></span> 
     </span>
    </p>
   </div>
   <div class='ocr_carea' id='block_1_106' title="bbox 2306 4827 3859 4883">
    <p class='ocr_par' dir='ltr' id='par_1_106' title="bbox 2306 4827 3859 4883">
     <span class='ocr_line' id='line_1_107' title="bbox 2306 4827 3859 4883; baseline 0.001 -3"><span class='ocrx_word' id='word_1_790' title='bbox 2306 4832 2499 4881; x_wconf 89' lang='lat' dir='ltr'><strong>tionem</strong></span> <span class='ocrx_word' id='word_1_791' title='bbox 2540 4827 2779 4880; x_wconf 83' lang='lat' dir='ltr'><strong>Latinam</strong></span> <span class='ocrx_word' id='word_1_792' title='bbox 2826 4844 2946 4880; x_wconf 91' lang='lat' dir='ltr'><strong>cum</strong></span> <span class='ocrx_word' id='word_1_793' title='bbox 2997 4829 3215 4881; x_wconf 87' lang='lat' dir='ltr'><strong>vidisset</strong></span> <span class='ocrx_word' id='word_1_794' title='bbox 3261 4828 3485 4881; x_wconf 78' lang='lat' dir='ltr'><strong>Duc-ams</strong></span> <span class='ocrx_word' id='word_1_795' title='bbox 3531 4829 3583 4880; x_wconf 95' lang='lat' dir='ltr'><strong>in</strong></span> <span class='ocrx_word' id='word_1_796' title='bbox 3619 4827 3859 4883; x_wconf 85' lang='lat' dir='ltr'><strong>editione</strong></span> 
     </span>
    </p>
   </div>
   <div class='ocr_carea' id='block_1_107' title="bbox 2303 4897 3859 4966">
    <p class='ocr_par' dir='ltr' id='par_1_107' title="bbox 2303 4897 3859 4966">
     <span class='ocr_line' id='line_1_108' title="bbox 2303 4897 3859 4966; baseline 0.001 -17"><span class='ocrx_word' id='word_1_797' title='bbox 2303 4898 2608 4956; x_wconf 86' lang='lat' dir='ltr'><strong>Parisiensi.</strong></span> <span class='ocrx_word' id='word_1_798' title='bbox 2658 4906 2976 4966; x_wconf 90' lang='lat' dir='ltr'><strong>conquestus</strong></span> <span class='ocrx_word' id='word_1_799' title='bbox 3035 4909 3114 4950; x_wconf 88' lang='lat' dir='ltr'><strong>est</strong></span> <span class='ocrx_word' id='word_1_800' title='bbox 3167 4897 3350 4951; x_wconf 65' lang='lat' dir='ltr'><strong>Graeca</strong></span> <span class='ocrx_word' id='word_1_801' title='bbox 3399 4913 3464 4950; x_wconf 80' lang='lat' dir='ltr'><strong>ex</strong></span> <span class='ocrx_word' id='word_1_802' title='bbox 3521 4911 3619 4950; x_wconf 93' lang='lat' dir='ltr'><strong>suo</strong></span> <span class='ocrx_word' id='word_1_803' title='bbox 3675 4904 3859 4953; x_wconf 79' lang='lat' dir='ltr'><strong>codice</strong></span> 
     </span>
    </p>
   </div>
   <div class='ocr_carea' id='block_1_108' title="bbox 2303 4967 3852 5034">
    <p class='ocr_par' dir='ltr' id='par_1_108' title="bbox 2303 4967 3852 5034">
     <span class='ocr_line' id='line_1_109' title="bbox 2303 4967 3852 5034; baseline 0.001 -16"><span class='ocrx_word' id='word_1_804' title='bbox 2303 4967 2468 5034; x_wconf 77' lang='lat' dir='ltr'><strong>Regio</strong></span> <span class='ocrx_word' id='word_1_805' title='bbox 2501 4968 2678 5019; x_wconf 89' lang='lat' dir='ltr'><strong>addita</strong></span> <span class='ocrx_word' id='word_1_806' title='bbox 2711 4983 2813 5020; x_wconf 91' lang='lat' dir='ltr'><strong>nou</strong></span> <span class='ocrx_word' id='word_1_807' title='bbox 2845 4968 3025 5020; x_wconf 77' lang='lat' dir='ltr'><strong>fuisse.</strong></span> <span class='ocrx_word' id='word_1_808' title='bbox 3060 4967 3161 5020; x_wconf 85' lang='lat' dir='ltr'><strong>Sed</strong></span> <span class='ocrx_word' id='word_1_809' title='bbox 3193 4981 3254 5018; x_wconf 89' lang='lat' dir='ltr'><strong>ea</strong></span> <span class='ocrx_word' id='word_1_810' title='bbox 3286 4969 3335 5020; x_wconf 92' lang='lat' dir='ltr'><strong>in</strong></span> <span class='ocrx_word' id='word_1_811' title='bbox 3373 4982 3426 5019; x_wconf 93' lang='lat' dir='ltr'><strong>re</strong></span> <span class='ocrx_word' id='word_1_812' title='bbox 3454 4967 3571 5019; x_wconf 82' lang='lat' dir='ltr'><strong>viro</strong></span> <span class='ocrx_word' id='word_1_813' title='bbox 3598 4968 3852 5022; x_wconf 84' lang='lat' dir='ltr'><strong>doctissi-</strong></span> 
     </span>
    </p>
   </div>
   <div class='ocr_carea' id='block_1_109' title="bbox 2303 5035 3855 5103">
    <p class='ocr_par' dir='ltr' id='par_1_109' title="bbox 2303 5035 3855 5103">
     <span class='ocr_line' id='line_1_110' title="bbox 2303 5035 3855 5103; baseline 0.001 -15"><span class='ocrx_word' id='word_1_814' title='bbox 2303 5052 2388 5088; x_wconf 88' lang='lat' dir='ltr'><strong>mo</strong></span> <span class='ocrx_word' id='word_1_815' title='bbox 2419 5037 2660 5088; x_wconf 86' lang='lat' dir='ltr'><strong>assentiri</strong></span> <span class='ocrx_word' id='word_1_816' title='bbox 2713 5053 2811 5088; x_wconf 89' lang='lat' dir='ltr'><strong>non</strong></span> <span class='ocrx_word' id='word_1_817' title='bbox 2853 5050 3006 5102; x_wconf 88' lang='lat' dir='ltr'><strong>queo,</strong></span> <span class='ocrx_word' id='word_1_818' title='bbox 3053 5052 3172 5088; x_wconf 90' lang='lat' dir='ltr'><strong>cum</strong></span> <span class='ocrx_word' id='word_1_819' title='bbox 3225 5036 3484 5103; x_wconf 83' lang='lat' dir='ltr'><strong>ejusmodi</strong></span> <span class='ocrx_word' id='word_1_820' title='bbox 3526 5035 3798 5092; x_wconf 82' lang='lat' dir='ltr'><strong>clausulas</strong></span> <span class='ocrx_word' id='word_1_821' title='bbox 3827 5052 3855 5089; x_wconf 76' lang='grc' dir='ltr'><strong>ει</strong></span> 
     </span>
    </p>
   </div>
   <div class='ocr_carea' id='block_1_110' title="bbox 2304 5105 3854 5172">
    <p class='ocr_par' dir='ltr' id='par_1_110' title="bbox 2304 5105 3854 5172">
     <span class='ocr_line' id='line_1_111' title="bbox 2304 5105 3854 5172; baseline 0.004 -16"><span class='ocrx_word' id='word_1_822' title='bbox 2304 5107 2536 5158; x_wconf 78' lang='lat' dir='ltr'><strong>librariis</strong></span> <span class='ocrx_word' id='word_1_823' title='bbox 2568 5105 2686 5158; x_wconf 87' lang='lat' dir='ltr'><strong>addi</strong></span> <span class='ocrx_word' id='word_1_824' title='bbox 2711 5107 2912 5167; x_wconf 88' lang='lat' dir='ltr'><strong>solitas,</strong></span> <span class='ocrx_word' id='word_1_825' title='bbox 2944 5121 3098 5158; x_wconf 90' lang='lat' dir='ltr'><strong>nemo</strong></span> <span class='ocrx_word' id='word_1_826' title='bbox 3127 5107 3214 5172; x_wconf 91' lang='lat' dir='ltr'><strong>qui</strong></span> <span class='ocrx_word' id='word_1_827' title='bbox 3253 5106 3638 5171; x_wconf 83' lang='lat' dir='ltr'><strong>paulummodo</strong></span> <span class='ocrx_word' id='word_1_828' title='bbox 3681 5111 3731 5161; x_wconf 89' lang='lat' dir='ltr'><strong>in</strong></span> <span class='ocrx_word' id='word_1_829' title='bbox 3763 5123 3854 5162; x_wconf 73' lang='lat' dir='ltr'><strong>tie-</strong></span> 
     </span>
    </p>
   </div>
   <div class='ocr_carea' id='block_1_111' title="bbox 2303 5175 3612 5243">
    <p class='ocr_par' dir='ltr' id='par_1_111' title="bbox 2303 5175 3612 5243">
     <span class='ocr_line' id='line_1_112' title="bbox 2303 5175 3612 5243; baseline 0.003 -15"><span class='ocrx_word' id='word_1_830' title='bbox 2303 5176 2504 5229; x_wconf 88' lang='lat' dir='ltr'><strong>teribus</strong></span> <span class='ocrx_word' id='word_1_831' title='bbox 2536 5175 2684 5230; x_wconf 84' lang='lat' dir='ltr'><strong>libris</strong></span> <span class='ocrx_word' id='word_1_832' title='bbox 2717 5175 2954 5242; x_wconf 87' lang='lat' dir='ltr'><strong>legendis</strong></span> <span class='ocrx_word' id='word_1_833' title='bbox 2985 5185 3227 5230; x_wconf 83' lang='lat' dir='ltr'><strong>versatus</strong></span> <span class='ocrx_word' id='word_1_834' title='bbox 3257 5176 3347 5240; x_wconf 87' lang='lat' dir='ltr'><strong>sit,</strong></span> <span class='ocrx_word' id='word_1_835' title='bbox 3375 5177 3612 5243; x_wconf 82' lang='lat' dir='ltr'><strong>ignoret.</strong></span> 
     </span>
    </p>
   </div>
  </div>
