4058 6320
80 395 206 450 5⁸13

1225 394 1592 452 ADVERSUS
1629 394 1993 452 EUNOMIUM
2034 393 2162 450 LIB.
2203 395 2268 452 ll.

3229 395 3332 448 574

307 552 3306 580 ____________________________.________—_——————

899 801 1175 888 ΠΡΟΣ
1238 802 1815 888 ΕΥΝΟΜΙΟΝ
1881 789 1990 860 (9⁸)
2035 797 2393 883 ΛΟΓΟΣ
2460 797 2562 878 B'.

1497 1065 1699 1119 ΠΕΡΙ
1767 1062 1980 1116 ΥῙΟΥ.

478 1405 1082 1501 ADVERSUS
1156 1400 1818 1496 EUNOMIUM
1898 1397 2253 1487 LIBER
2322 1394 2980 1488 SECUNDUS.

1567 1591 1654 1647 DE
1693 1588 1887 1645 FILIO.

190 1917 250 1971 1.
324 1917 410 1971 Ἐν
459 1916 634 1969 τοίνυν
686 1916 794 1978 τοῖς
840 1914 963 1984 περὶ
994 1911 1126 1964 Θεοῦ
1173 1910 1276 1962 τῶν
1323 1907 1454 1960 ὅλων
1504 1907 1680 1974 λόγοις
1711 1911 1756 1967 Α

106 2008 646 2069 ὑποκατασκευάσας
675 2007 794 2059 ὅσον
821 2005 1038 2057 ἐδύνατο
1076 2002 1170 2062 τὰς
1215 2001 1291 2062 εἰς
1329 2000 1416 2051 τὸν
1443 1998 1566 2050 Υίὸν
1590 1996 1681 2050 τοῦ

109 2103 260 2156 Θεοῦ
298 2100 660 2170 βλασφημίας,
691 2096 834 2165 αὑτῷ
857 2094 1040 2147 λοιπὸν
1069 2094 1313 2164 ἐπαφῆκε
1346 2091 1421 2161 τῷ
1449 2092 1684 2157 Μονογε-

110 2198 198 2247 νεῖ
226 2194 353 2264 Θεῴ
376 2194 470 2263 τὴν
499 2190 766 2260 γλῶσσαν.
809 2187 872 2239 Τί
901 2188 1006 2257 γάρ
1045 2203 1209 2256 φησι;

189 2373 360 2426 ΕΥΝ.
395 2371 503 2425 Καὶ
537 2368 616 2434 εἷς
642 2370 784 2433 Υἱός.
816 2367 1118 2437 Μονογενης
1156 2364 1280 2433 γὰρ,
1320 2361 1445 2431 περὶ
1470 2377 1529 2412 ου
1559 2358 1682 2428 ἐνῆν

118 2467 225 2535 μὲν
259 2466 360 2527 τὰς
409 2464 512 2517 τῶν
546 2464 714 2530 ἀγίων
745 2460 923 2530 φωνάς
953 2457 1343 2528 παραθέμενον,
1373 2453 1437 2506 δι’
1467 2446 1538 2504 ὧν
1558 2451 1682 2503 Υίὸν

117 2559 218 2609 καὶ
261 2556 506 2626 γέννημα
539 2556 630 2607 καὶ
676 2553 880 2621 ποίημα
924 2546 1364 2615 καταγγέλλουσι,
1410 2545 1530 2605 ταῖς
1577 2541 1684 2594 τῶν

117 2650 409 2719 ὀνομάτων
437 2646 711 2715 διαφοραῖς
758 2643 850 2696 καὶ
895 2641 990 2710 τὴν
1035 2640 1132 2711 τῆς
1176 2638 1357 2699 οὐσίας
1410 2633 1681 2706 παραλλα-

120 2740 226 2809 γὴν
261 2737 690 2808 ὲμφανίσαντας,
734 2731 1070 2802 ἀπηλλάχθαι
1101 2728 1388 2799 φροντίδων
1424 2727 1515 2777 καὶ
1549 2741 1684 2794 πρα-

119 2831 357 2900 γμάτων
383 2843 394 2855 ³
441 2826 525 2878 διὰ
563 2826 616 2878 δὲ
643 2825 765 2886 τοὺς
801 2822 1112 2894 σωματικὴν
1148 2819 1242 2890 τὴν
1274 2819 1522 2888 γέννησιν
1552 2817 1684 2868 ὑπο-

120 2919 538 2990 λαμϐάνοντας,
614 2917 703 2969 καὶ
761 2918 879 2978 ταῖς
941 2913 1275 2984 ὁμωνυμίαις
1334 2907 1685 2980 προσπταίον-

122 3029 248 3074 τας,
282 3011 572 3078 ἀναγκαῖον
613 3008 740 3069 ἴσως
786 3006 879 3058 καὶ
921 3004 1046 3056 περὶ
1087 3001 1285 3055 τούτων
1329 2998 1414 3050 διὰ
1445 2994 1686 3068 βραχέων

124 3119 332 3156 ειπειν.

199 3193 351 3246 ΒΑΣ.
382 3190 564 3244 Ταῦτα
595 3200 691 3259 μεν
724 3187 830 3255 (99)
860 3189 886 3237 ό
917 3184 1190 3252 Εὑνόμιος.
1233 3178 1372 3248 Ἐγὼ
1402 3179 1480 3243 δὲ,
1515 3179 1563 3231 εἰ
1591 3178 1687 3247 μὲν

126 3284 274 3337 οὕτω
305 3283 428 3353 ,χρὴ
480 3278 794 3332 διανοεῖσθαι
841 3274 965 3347 περὶ
1015 3273 1108 3324 τοῦ
1145 3271 1302 3340 λόγου
1343 3270 1558 3331 παντὸς,
1616 3268 1689 3329 ὡς
1719 3258 1760 3312 Β

129 3372 449 3440 πλάσματος
471 3363 556 3420 οἶα
589 3371 643 3419 ἐν
674 3370 782 3427 τοῖς
809 3361 1188 3424 διδασκαλείοις
1212 3362 1308 3430 τῆς
1338 3359 1689 3429 ματαιότητος

128 3465 208 3526 εἰς
247 3461 474 3531 μελέτην
499 3459 592 3510 τοῦ
627 3459 681 3508 ἐν
716 3456 791 3525 τῷ
813 3455 1082 3524 ψεύσματι
1112 3451 1331 3506 πιθανοῦ
1362 3454 1473 3513 τοῖς
1505 3466 1688 3519 μειρα-

129 3555 272 3616 κίοις
299 3551 651 3622 προϐάλλεται
690 3547 894 3618 (ἐπειδὴ
928 3545 1016 3598 καὶ
1047 3543 1436 3615 παραπλησίως
1469 3541 1689 3604 ἐκείνοις

131 3645 314 3697 πάντα
358 3640 653 3711 σκιαμαχία
700 3639 1018 3711 προσέοικε⁶
1073 3639 1206 3710 πρὸς
1253 3636 1582 3708 κατηγόρους
1631 3652 1688 3687 τε

135 3735 285 3805 μάχη
315 3732 386 3803 μὴ
413 3731 746 3800 ὑφεστῶτας·
787 3731 878 3783 καὶ
910 3730 1167 3797 ἀπολογία
1195 3729 1329 3800 πρὸς
1363 3727 1690 3796 κατηγορίαν

133 3827 190 3877 οὗ
224 3823 624 3896 προρρηθεῖσαν
650 3840 662 3851 ·
709 3823 803 3876 καὶ
835 3822 986 3889 λόγος
1016 3820 1091 3890 (l)
1122 3821 1256 3891 πρὸς
1284 3819 1539 3881 δικαστὰς
1570 3820 1690 3878 τοὺς

133 3913 372 3984 οὐδαμοῦ
441 3912 845 3983 φαινομένο·.›ς)·
905 3913 951 3963 εί
1002 3909 1138 3961 οὕτω
1193 3909 1296 3980 χρὴ
1352 3911 1442 3961 καὶ
1492 3907 1689 3959 τούτων

135 4006 384 4068 ἀκούειν,
420 4004 576 4065 αὑτός
622 4021 680 4056 τε
723 4005 922 4072 ἀφίημι
963 4002 1059 4073 τὴν
1101 4001 1357 4068 ἐξέτασιν,
1407 4000 1495 4052 καὶ
1533 4000 1690 4052 παντὶ

137 4095 387 4165 παραινῶ
426 4095 586 4164 μηδὲν
631 4095 736 4146 τῶν
780 4095 1079 4164 εἰρημένων
1109 4089 1594 4163 περιεργάζεσθαι·
1645 4093 1691 4143 εἰ

137 4187 190 4239 δὲ
225 4186 407 4258 μεῖζόν
454 4189 566 4239 ἐστι
620 4187 678 4239 τὸ
721 4186 1069 4255 ἐπάγγελμα,
1111 4186 1203 4236 καὶ
1236 4184 1444 4246 πολλοῖς
1473 4182 1692 4250 γέγονεν

142 4279 364 4332 ὑπόνοια
403 4279 516 4350 (2),
572 4274 709 4334 εἶναί
763 4295 886 4332 τινα
933 4280 1062 4350 παρ’
1105 4275 1250 4346 αὐτῷ
1297 4276 1394 4345 τῆς
1440 4275 1692 4346 ἀληθείας

144 4371 416 4441 φροντίδα,
447 4371 653 4442 ἀνάγκη
680 4374 826 4425 πᾶσα
851 4370 955 4423 τῶν
979 4368 1276 4440 εἰρημένων
1308 4369 1531 4420 ἕκαστον
1557 4368 1692 4420 διευ-

144 4463 322 4515 θύνειν
345 4466 420 4525 εἰς
445 4463 686 4532 δύναμιν.
726 4463 819 4525 Τίς
850 4462 912 4514 ἂν
949 4458 1039 4512 οὖν
1069 4461 1260 4529 τρόπος
1282 4460 1378 4528 τῆς
1402 4459 1692 4524 ἐξετάσεως

145 4553 471 4624 δικαιότερος
514 4554 736 4620 γένοιτο,
772 4553 804 4622 ἢ
839 4554 947 4614 τοῖς
988 4551 1270 4620 διδάγμασι
1305 4551 1376 4619 (5)
1404 4555 1510 4612 τοῖς
1545 4551 1690 4622 παρὰ

147 4646 234 4696 τοῦ
265 4645 574 4715 Πνεύματος
603 4647 732 4714 ἡμῖν
764 4643 1060 4714 δεδομένοις
1087 4641 1175 4696 τὸν
1202 4641 1352 4708 λόγον
1388 4642 1696 4712 συγκρίνον-

148 4751 262 4798 τας,
303 4739 330 4788 ὃ
367 4739 462 4805 μὲν
497 4736 559 4790 ἂν
590 4737 813 4799 ἐκείνοις
846 4733 1161 4805 συμφωνοῦν
1191 4733 1432 4803 εὕρωμεν
1469 4734 1693 4785 καταδέ-

151 4829 356 4898 χεσθαι,
405 4831 478 4898 τῷ
538 4832 593 4884 δὲ
647 4831 900 4893 ἐναντίως
958 4831 1128 4899 ἔχοντι
1182 4830 1422 4882 ἀπιστεῖν
1476 4829 1566 4880 καὶ
1623 4827 1696 4890 ὡς

154 4921 239 4992 ὲχθ
251 4921 341 4992 ρὸν
375 4921 698 4988 ἀποφεύγειν
722 4941 735 4989 ;

221 5106 275 5159 2.
302 5103 515 5175 Πρῶτον
545 5102 719 5154 τοίνυν
748 5105 918 5155 έκεῖνο
945 5101 1219 5168 δεικνύτω,
1241 5101 1380 5166 τίνες
1401 5103 1506 5154 τῶν
1535 5102 1700 5170 ἁγίων

224 5309 335 5376 (98)
368 5308 512 5376 Regii
556 5306 755 5375 primus
783 5315 853 5376 et
880 5317 1059 5360 sextus
1083 5305 1185 5356 Τοῦ
1222 5304 1384 5358 αὑτοῦ
1413 5304 1585 5376 ’λόγος
1623 5305 1688 5374 β’,

159 5373 422 5449 ἀνατροπὴ
448 5373 569 5430 Ἰτοῦ
609 5375 1064 5449 ἀθέου-δόγματος
1095 5377 1186 5428 τοῦ
1227 5373 1505 5444 Εύνομίου.
1537 5373 1696 5443 Ejus-

161 5449 269 5498 dem
293 5445 718 5500 'tibersccundus.
753 5445 956 5497 Eversio
984 5447 1125 5508 impii
1152 5447 1401 5514 dogmatis
1431 5445 1693 5514 It'unomii.

165 5517 289 5583 Heg.
315 5521 570 5569 secundus
602 5515 707 5567 Τοῦ
742 5514 902 5568 αὑτοῦ
939 5516 1062 5584 περὶ
1096 5513 1232 5566 Υίοῦ
1254 5516 1401 5579 λόγος
1432 5513 1696 5584 δεύτερος,

163 5586 451 5710 ἀνατροπὴ,
472 5597 597 5644 etc...
627 5595 681 5638 ut
702 5603 880 5654 supra.
909 5586 1078 5636 Ediuio
1102 5587 1267 5639 Paris.
1291 5586 1422 5637 Κατ’
1441 5585 1699 5654 Εὐνομίου

165 5658 246 5710 τοῦ
310 5655 560 5710 υσσεϐοῦς
589 5656 741 5710 λόγος
781 5657 822 5710 β’
875 5655 1048 5708 Codex
1080 5655 1227 5708 Colb.
1266 5664 1318 5708 et
1349 5657 1474 5710 ltett.
1517 5657 1699 5708 tertius

165 5658 246 5714 τοῦ
279 5655 560 5718 δυσσεϐοῦς
589 5656 741 5724 λόγος
781 5657 822 5725 β’
875 5655 1048 5708 Codex
1080 5655 1227 5708 Colb.
1266 5664 1318 5708 et
1349 5657 1474 5721 lleg.
1517 5657 1703 5708 tertius

168 5753 215 5792 υι
243 5729 294 5779 in
326 5737 595 5780 contextu.

230 5798 336 5856 :99)
376 5798 506 5850 Editt
533 5795 710 5848 Ταῦτα
743 5796 840 5862 μέν
870 5791 980 5848 οῦν.
1021 5793 1131 5849 Vox
1159 5789 1247 5848 οὖν
1277 5795 1328 5848 in
1373 5810 1497 5849 mss.
1530 5795 1698 5849 deest.

1854 1906 1902 1959 l.
1930 1904 2112 1972 Itaque
2158 1911 2503 1972 posteaquam
2546 1901 2596 1953 in
2635 1899 2698 1954 iis
2723 1913 2856 1969 quos
2892 1899 2954 1954 de
2983 1898 3090 1953 Deo
3121 1899 3335 1952 univer-

1784 2012 1960 2052 sorum
2001 1995 2184 2049 habuit
2229 1993 2565 2048 sermonibus
2617 1990 2959 2060 praestrinxit,
3013 1991 3186 2058 quond
3243 2006 3338 2059 po-

1784 2089 1903 2147 tuit.
1942 2088 1992 2140 in
2025 2087 2115 2140 Dei
2142 2085 2333 2140 Filium
2368 2084 2724 2154 blasplietnias
2746 2123 2760 2146 ,
2794 2083 3044 2150 deinceps
3079 2083 3130 2134 in
3160 2082 3334 2149 ipsum

1781 2179 2110 2247 unigenitum
2167 2179 2328 2231 Deum
2395 2175 2634 2229 immittit
2687 2174 2938 2244 linguam.
3001 2171 3138 2238 Quid
3191 2171 3332 2225 enin.

1783 2269 1948 2324 dicit?

1851 2362 1980 2416 Eua.
2035 2361 2100 2414 Lt
2130 2375 2269 2416 unus
2318 2359 2505 2412 Filius.
2559 2356 2873 2426 Unigenitus
2902 2357 3080 2421 enim,
3117 2357 3183 2411 de
3233 2371 3337 2425 qun

1783 2465 2089 2510 sanctorum
2117 2468 2277 2507 voces
2317 2467 2410 2520 per
2455 2463 2588 2520 quas
2617 2447 2807 2502 Filium
2853 2455 2906 2501 et
2941 2449 3239 2518 genituram
3284 2461 3338 2502 et

1781 2555 2083 2599 creaturam
2137 2544 2452 2614 praedicant,
2510 2542 2555 2596 si
2608 2541 3048 2609 protulissemus;
3101 2542 3180 2596 sic
3239 2557 3334 2611 po-

1785 2646 2060 2698 teramus,
2099 2633 2409 2689 substantite
2448 2633 2608 2687 etiam
2656 2633 2963 2687 diversitate
3016 2648 3110 2701 per
3163 2633 3338 2685 nomi-

1785 2744 1906 2780 num
1939 2727 2301 2779 diversitatem
2356 2724 2646 2788 declarata,
2687 2724 2832 2777 curis
2883 2724 3035 2778 liberi
3087 2738 3206 2778 esse
3261 2736 3339 2776 at-

1783 2834 1885 2887 que
1937 2817 2185 2886 negotiis.
2243 2817 2351 2870 Sed
2407 2824 2623 2884 propter
2658 2830 2751 2868 eos
2800 2816 2889 2884 qui
2937 2816 3337 2884 generationem

1784 2924 2095 2978 corpoream
2133 2906 2475 2977 intelligunt,
2515 2915 2568 2958 et
2622 2905 2817 2974 quibus
2866 2920 3026 2959 voces
3080 2905 3339 2973 ambiguae

1785 3013 1911 3058 sunt
1942 3000 2246 3066 oilensioni,
2299 3013 2519 3054 necesse
2569 2997 2709 3053 forte
2759 2997 2918 3052 fuerit
2964 2999 3029 3052 de
3071 2997 3138 3052 iis
3176 2998 3336 3052 etiam

1787 3111 1954 3166 pauca
1987 3096 2186 3148 dicere.

1855 3189 1978 3243 Bas.
2032 3187 2156 3242 Ilzec
2183 3186 2397 3255 quidem
2425 3183 2739 3238 Eunomius.
2785 3183 2893 3253 Ego
2927 3197 3053 3236 vero
3090 3183 3131 3235 si
3184 3196 3340 3251 opor-

1790 3289 1898 3336 teat
1928 3280 1995 3336 de
2025 3288 2131 3333 tota
2169 3279 2410 3331 oratione
2445 3276 2582 3329 sicut
2613 3278 2676 3329 de
2707 3292 2762 3328 re
2796 3275 2914 3328 ficta
2953 3276 3176 3336 sentire,
3211 3288 3340 3343 qua-

1788 3372 1856 3426 lia
1890 3373 1942 3427 in
1978 3372 2229 3426 vanitatis
2275 3369 2475 3425 scholis
2525 3378 2895 3437 proponuntur
2918 3367 3341 3422 adolescentibus

1790 3463 1854 3516 ad
1901 3462 2355 3524 exercitationem,
2387 3470 2438 3511 ut
2475 3471 2730 3526 appareat
2770 3460 2819 3511 in
2854 3460 3132 3512 mendacio
3158 3458 3340 3511 verisi-

1790 3553 2031 3608 militudo
2074 3550 2358 3622 (siquidem
2392 3558 2450 3604 ut
2485 3550 2590 3604 illis
2616 3549 2900 3619 contingit,
2936 3549 3006 3601 ita
3036 3548 3123 3602 hic
3153 3563 3339 3617 pugna:

1791 3645 2118 3700 adumbrata:
2165 3642 2359 3697 similia
2415 3652 2539 3697 sunt
2589 3644 2765 3696 omnia
2809 3661 2821 3694 :
2870 3655 3045 3710 pugna
3097 3642 3342 3695 videlicet

1790 3749 1974 3792 contra
2022 3744 2364 3789 accusatores
2406 3733 2496 3801 qui
2548 3749 2651 3788 non
2706 3743 2915 3786 exstant
2945 3749 2960 3787 :
2990 3733 3226 3802 apologia
3279 3749 3340 3788 ac

1793 3829 2066 3898 responsio
2128 3827 2192 3880 ad
2262 3826 2663 3880 accusationem
2726 3842 2828 3880 non
2893 3825 3340 3896 praannntiatam;

1791 3922 1962 3974 oratio
1993 3919 2057 3973 ad
2092 3919 2300 3987 iudices
2334 3921 2424 3986 qui
2452 3934 2713 3988 nusquam
2749 3921 3119 3989 comparent);
3162 3919 3228 3982 si,
3265 3919 3344 3970 in-

1792 4024 1970 4074 quam,
2026 4015 2080 4058 et
2133 4006 2247 4059 haec
2296 4006 2482 4059 audire
2521 4013 2749 4072 oportet,
2793 4013 2900 4057 tmn
2932 4003 3043 4073 ipse
3072 4005 3136 4058 de
3165 4003 3227 4058 iis
3262 4004 3343 4056 in—

1791 4099 2004 4168 quirere
2033 4085 2236 4157 desino,
2287 4105 2397 4148 tum
2439 4111 2626 4149 omnes
2659 4099 2940 4160 admoneo,
2976 4105 3036 4149 ut
3075 4095 3208 4149 nihil
3254 4111 3343 4149 eo-

1791 4208 1906 4246 rum
1952 4206 2070 4260 qua:
2103 4190 2241 4243 dicta
2273 4198 2414 4251 sunt,
2457 4199 2727 4255 satagunt.
2762 4188 2852 4241 Sin
2886 4189 3053 4256 majus
3091 4198 3173 4242 est
3204 4187 3345 4256 quod

1791 4283 2089 4353 promittit;
2144 4290 2199 4334 et
2237 4281 2412 4334 multis
2465 4283 2650 4333 aliorta
2693 4289 2776 4334 est
2805 4282 3057 4349 suspicio,
3109 4279 3341 4346 aliquam

1791 4389 1909 4429 esse
1955 4373 2092 4441 apud
2143 4387 2260 4425 cum
2310 4371 2551 4424 veritatis
2598 4386 2803 4432 curam,
2860 4385 3079 4423 necesse
3128 4370 3345 4423 omnino

1794 4467 1953 4519 fuerit
1987 4465 2191 4534 singula
2232 4463 2394 4533 239
2434 4464 2586 4516 verba
2638 4478 2733 4529 pro
2780 4472 2957 4515 nostra
3011 4462 3145 4515 virili
3199 4473 3345 4531 parte

1795 4556 2095 4611 confutare.
2150 4553 2282 4619 Quis
2331 4562 2506 4604 autem
2554 4553 2887 4620 expettdcndi
2937 4554 3123 4606 modus
3149 4553 3346 4622 justior

1801 4647 1980 4708 fuerit,
2031 4661 2189 4712 quam
2227 4646 2269 4696 si
2316 4643 2452 4695 datis
2492 4643 2649 4698 nobis
2703 4659 2730 4696 a
2780 4643 2977 4710 Spiritu
3016 4644 3347 4698 documentis

1801 4737 2092 4790 orationem
2123 4734 2487 4798 conferentes,
2518 4735 2657 4802 quod
2689 4737 2900 4802 quidem
2932 4735 3033 4787 illis
3056 4749 3343 4786 consonum

1803 4828 2179 4890 invenerimus,
2216 4825 2266 4879 id
2305 4827 2662 4893 suscipiamus
2697 4847 2708 4880 :
2747 4829 2882 4894 quod
2912 4842 3036 4878 vero
3066 4828 3126 4878 iis
3152 4827 3346 4878 adver-

1801 4928 1968 4982 satur,
2018 4919 2069 4972 id
2121 4931 2452 4986 nequaquam
2482 4919 2761 4973 credamus
2795 4927 2952 4984 atque
2983 4928 3039 4970 ut
3071 4918 3344 4972 inimicum

1800 5010 2153 5078 eil‘ugiamus?

1873 5106 1926 5154 ‘2.
1966 5103 2200 5155 Primum
2236 5102 2415 5173 itaque
2459 5102 2586 5157 illud
2619 5103 2888 5168 ostendat,
2923 5105 3010 5173 qni
3039 5105 3143 5158 sint
3178 5104 3345 5160 sancti

1871 5305 1946 5373 (l)
1976 5304 2155 5359 Codex
2195 5321 2331 5360 unus
2377 5305 2469 5358 καὶ
2509 5303 2673 5374 λόγοι.
2700 5305 2800 5359 Alii
2833 5314 2940 5360 tres
2980 5320 3106 5360 mss.
3147 5305 3236 5358 καὶ
3260 5303 3349 5357 λό-

1801 5393 1933 5443 γοις,
1963 5387 2228 5444 corrupte.

1873 5446 1947 5514 (2)
1979 5446 2196 5499 Codices
2229 5447 2330 5498 duo
2358 5445 2639 5515 ἐγγέγονεν
2669 5447 2902 5502 ὑπόνοια.

1874 5517 1964 5588 (ὄλ
1986 5515 2200 5588 Antiqui
2233 5517 2491 5588 dlltiillbl‘l
2521 5521 2551 5588 ἦ
2591 5521 2696 5579 τοῖς
2733 5517 3013 5587 δόγμασιι,
3039 5524 3090 5567 et
3117 5515 3182 5568 it‘
3215 5530 3345 5588 quos

1805 5602 1907 5654 que
1956 5585 2144 5652 legitur
2174 5586 2222 5636 in
2272 5586 2391 5639 aliis
2431 5585 2633 5641 duobus
2682 5585 2845 5650 mss.,
2893 5587 2980 5638 sed
3015 5588 3063 5638 in
3096 5601 3186 5638 ora
3231 5587 3346 5638 libri

1805 5663 2079 5713 duntaxat,
2115 5655 2164 5706 in
2199 5666 2448 5709 contextu
2483 5673 2609 5711 vero
2637 5659 2888 5726 scriptum
2916 5657 3184 5708 invenitur
3207 5655 3344 5706 EtEio

1805 5741 1975 5794 γμασι
2014 5742 2026 5776 :
2055 5739 2212 5791 quam
2245 5726 2484 5780 ultimam
2521 5729 2797 5783 lectionem
2826 5726 3114 5794 proderunt
3139 5740 3348 5794 quoque

1805 5796 1933 5849 editi
1965 5805 2018 5849 et
2042 5795 2127 5847 alii
2159 5806 2266 5848 tres
2299 5811 2422 5849 mss.
