4084 6318
703 343 808 399 575

1999 340 2059 394 VS.
2101 339 2344 394 BASILII
2384 341 2595 398 MAGNI
3825 345 3914 393 bit)

702 462 793 534 qui
842 459 1138 530 genituram
1181 467 1235 512 et
1281 458 1542 511 lacturam
1587 455 1861 512 Christum
1898 456 2256 527 appellarint?

2362 457 2610 529 γέννημα
2629 458 2720 511 καὶ
2745 459 2949 529 ποίημα
2979 456 3066 509 τὸν
3081 457 3310 528 Χριστὸν
3329 457 3729 528 προσειρήκασι
3747 473 3759 518 ;
3777 457 3916 518 ποίας

702 566 839 622 quas
873 549 1271 618 Scripturarum
1304 561 1461 600 voces
1503 547 1697 601 habeat
1729 547 1793 599 ad
1841 547 2256 600 demonstratio—

704 643 870 697 nem?
921 641 1054 695 Nam
1093 640 1137 694 si
1189 639 1325 694 beati
1370 639 1515 694 Petri
1550 655 1678 694 voce
1705 655 1823 709 qua:
1860 643 1910 694 in
1948 640 2096 694 Actis
2128 655 2256 709 apo-

703 733 959 788 stolorum
990 732 1294 801 conscripta
1328 741 1429 794 est,
1463 732 1730 797 innititur,
1769 731 1855 785 ubi
1891 730 2021 785 dicit
2063 752 2072 784 :
2111 730 2257 785 Sciat

701 833 808 877 tota
839 823 1021 876 domus
1044 821 1236 886 Israel,
1268 823 1403 892 quod
1429 821 1706 874 Dominum
1733 822 1898 889 ipsum
1923 831 1970 872 et
1993 819 2258 874 Christum

701 914 820 982 fecit
855 913 1025 981 Deus,
1063 915 1198 967 hunc
1242 913 1422 967 Iesum
1471 930 1617 982 quem
1672 930 1756 966 vos
1813 913 2145 982 cruci/ixistis
2178 913 2251 966 "z

700 1011 928 1075 primum
963 1008 1178 1076 quidem
1210 1007 1259 1059 id
1289 1007 1649 1060 testimonium
1680 1006 2106 1060 convenientiam
2139 1004 2258 1058 nul-

704 1100 807 1152 lam
840 1099 1001 1154 habet
1035 1113 1153 1152 cum
1206 1099 1448 1168 qumsito.
1500 1096 1629 1149 Nam
1663 1107 2002 1151 ostensurum
2039 1114 2095 1151 se
2130 1113 2254 1167 pro-

703 1195 896 1256 fessus,
945 1191 1141 1246 Filium
1188 1207 1217 1245 a
1263 1190 1464 1244 sanctis
1509 1191 1766 1259 facturam
1815 1191 2011 1244 dictum
2069 1190 2250 1254 fuisse,

703 1285 1060 1340 testimonium
1097 1284 1341 1354 perhibet
1371 1285 1435 1336 de
1469 1282 1575 1337 Deo
1619 1294 1671 1337 et
1709 1281 1892 1346 Patre,
1937 1283 2076 1350 quod
2108 1282 2247 1338 l'ece-

703 1380 790 1432 rit.
841 1378 954 1432 Non
991 1376 1133 1431 enim
1168 1376 1296 1431 illud
1337 1376 1568 1440 dixerit,
1622 1373 1784 1429 licere
1833 1375 1956 1442 sibi,
1995 1385 2102 1428 tum
2134 1389 2253 1428 cum

702 1471 768 1524 de
793 1471 951 1524 tantis
977 1471 1134 1524 rebus
1157 1483 1333 1524 sermo
1371 1467 1688 1533 instituitur,
1712 1467 2070 1521 derivationes
2100 1482 2258 1535 quas-

703 1563 822 1616 dam
853 1577 918 1616 ac
943 1561 1265 1614 variationes
1297 1559 1568 1614 nominum
1598 1558 1920 1626 excogitare.
1975 1558 2258 1614 Enimvero

701 1656 745 1709 si
775 1654 856 1709 vel
897 1653 1053 1708 otiosi
1103 1652 1248 1705 verbi
1290 1665 1478 1721 poenas
1525 1651 1577 1702 in
1623 1651 1707 1704 die
1741 1649 1924 1716 judieii
1973 1650 2254 1717 dabimus;

703 1746 870 1800 multo
914 1746 1086 1798 minus
1126 1744 1168 1798 si
1206 1744 1496 1812 quidquam
1533 1744 1584 1796 in
1628 1742 1790 1796 tantis
1842 1742 2001 1796 rebus
2035 1744 2256 1795 innova-

702 1853 842 1902 mus,
885 1836 935 1889 id
990 1837 1145 1890 nobis
1194 1837 1327 1889 citra
1369 1848 1578 1904 poenam
1637 1836 1959 1889 remittetur.
2004 1834 2257 1891 Fortasse

702 1931 844 1984 enim
877 1928 1001 1982 illud
1031 1928 1242 1996 quidem
1302 1939 1552 1998 tanquam
1602 1937 2014 1982 consentaneum
2047 1930 2112 1981 de
2150 1929 2256 1982 Deo

701 2033 774 2091 et,
800 2020 958 2076 Patre
1007 2020 1134 2086 dici,
1191 2035 1220 2074 a
1280 2019 1458 2074 divina
1493 2020 1768 2088 Scriptura
1808 2020 1980 2073 edocti
2030 2035 2252 2074 sumus:

702 2115 805 2168 hoc
830 2129 954 2167 vero
986 2129 1090 2166 non
1121 2113 1409 2166 convenire
1436 2111 1747 2179 Unigenito,
1779 2111 2010 2180 Spiritus
2035 2122 2255 2166 sanctus

701 2207 909 2262 silendo
926 2207 1180 2260 ostendit.
1213 2204 1487 2271 Quomodo
1527 2205 1685 2275 igitur
1717 2215 1883 2258 tutum
1916 2204 2093 2268 fuerit,
2127 2222 2255 2260 voce

700 2297 849 2354 Fecit
905 2299 1201 2360 immutata,
1262 2297 1630 2350 universorum
1681 2294 1935 2351 factorem
1989 2295 2252 2351 facturam

702 2390 915 2446 dicere?
947 2388 1158 2442 Etenim
1209 2388 1255 2441 si
1303 2386 1584 2455 appellatio
1629 2385 1888 2454 ejusmodi
1928 2387 1974 2439 ei
2007 2391 2252 2442 conveni-

702 2492 803 2546 ret,
841 2482 1023 2549 utique
1057 2495 1160 2532 non
1192 2479 1378 2532 fuisset
1409 2479 1766 2546 praetermissa
1799 2494 1825 2530 a
1862 2479 2062 2546 Spiritu
2095 2480 2254 2532 silen-

704 2572 797 2627 tio.
844 2572 898 2625 In
942 2569 1202 2625 creaturis
1247 2569 1454 2636 quidem
1494 2569 1788 2637 reperimus
1833 2585 1861 2621 a
1910 2571 2071 2622 verbo
2107 2568 2253 2622 Fecit

702 2665 1036 2732 desumptam
1070 2660 1232 2715 fuisse
1261 2661 1477 2715 facturae
1521 2659 1928 2728 appellationem
1963 2682 1973 2714 :
2028 2663 2076 2713 in
2123 2661 2256 2714 Filio

703 2759 880 2804 autem
911 2749 1004 2803 Dei
1031 2764 1134 2803 non
1166 2749 1314 2802 item.
1361 2747 1426 2802 In
1475 2751 1728 2817 principio
1770 2753 1902 2804 enim
1960 2751 2096 2805 Deus
2134 2753 2254 2820 fecit

701 2842 884 2897 caelum
909 2852 954 2894 et
992 2850 1183 2894 ternm
1203 2841 1268 2894 ὀ.
1302 2841 1368 2894 ΕΙ.
1397 2857 1582 2894 rursus
1618 2860 1628 2894 :
1666 2841 1732 2894 In
1760 2842 1979 2910 [acturis
2008 2861 2254 2898 manuum

701 2943 910 2986 tuarum
934 2932 1226 2985 meditabar
1256 2932 1320 2984 ".
1365 2931 1463 2992 Et,
1505 2931 1775 2984 Enimvero
1815 2949 1928 3002 qua:
1967 2946 2081 2986 sunt
2125 2936 2255 2987 invi-

701 3025 874 3077 sibilia
905 3023 1075 3088 illius,
1107 3038 1169 3076 ea:
1210 3023 1466 3074 creatione
1507 3022 1723 3085 mundi,
1755 3024 1874 3075 dum
1905 3041 1994 3090 per
2021 3025 2254 3090 [acturos

2356 548 2659 618 ἔχειφωνὰς
2694 549 2800 602 τῶν
2820 549 3046 620 Γραᾳῶν
3077 552 3154 612 εἰς
3183 549 3484 613 ἁπόδειξιν;
3522 551 3586 602 Εἰ
3615 550 3726 618 γὰρ
3751 551 3814 617 τῇ
3836 549 3915 600 τοῦ

2359 643 2623 712 μακαρίου
2659 642 2862 711 Πέτρου
2893 644 3042 710 φωνῇ
3065 645 3128 712 τῇ
3160 644 3215 693 ἐν
3241 644 3360 704 ταῖς
3384 642 3631 712 Πράξεσι
3658 641 3768 692 τῶν
3800 642 3910 692 ἁπο-

2358 734 2555 787 στόλων
2598 735 3058 807 ἁναγεγραμμένῃ
3104 734 3525 804 ἐπιστηρίζοιτο,
3575 732 3707 784 ἔνθα
3759 732 3916 801 φησί’

2357 828 2700 881 Γινωσκέτω
2739 827 2856 894 πᾶς
2885 824 3045 893 οἶκος
3078 827 3341 895 Ἰσραὴλ,
3371 825 3460 878 ὅτι
3483 826 3714 891 Κύριον
3746 823 3918 876 αὐτὸν

2357 919 2450 971 καὶ
2473 919 2725 987 Χριστὸν
2749 920 3035 984 ἐποίησεν
3058 922 3088 972 ό
3107 919 3268 984 Θεὸς,
3295 918 3510 972 τοῦτον
3534 915 3645 968 τὸν
3675 915 3917 979 Ἰησοῦν,

2357 1011 2430 1064 ὃν
2456 1011 2620 1079 ὑμεῖς
2660 1011 3102 1080 ἐσταυρώσατε·
3139 1009 3350 1080 πρῶτον
3387 1009 3485 1079 μὲν
3533 1007 3692 1059 οὐδὲν
3739 1007 3919 1057 οἰκεῖον

2357 1101 2467 1171 ἔχει
2515 1101 2590 1171 τῷ
2639 1103 2946 1172 ζητουμένῳ
2995 1103 3027 1172 ἡ
3082 1102 3366 1172 μαρτυρία.
3424 1099 3919 1167 Ἐπαγγειλάμενος

2355 1197 2462 1265 γὰρ
2492 1193 2681 1260 δείξειν
2716 1195 2863 1266 παρὰ
2908 1194 3013 1247 τῶν
3063 1195 3231 1263 ἁγίων
3279 1194 3531 1264 εἰρῆσθαι
3567 1192 3801 1260 ποίημα
3842 1191 3920 1243 τὸν

2356 1288 2504 1349 Υἱον,
2543 1287 2639 1357 τὴν
2689 1287 2985 1356 μαρτυρίαν
3035 1286 3322 1356 παρέχεται
3365 1288 3491 1356 περὶ
3538 1284 3637 1338 τοῦ
3667 1281 3805 1336 Θεοῦ
3839 1282 3922 1333 καὶ

2356 1380 2587 1450 Πατρὸς,
2621 1379 2700 1432 ὅτι
2731 1379 2999 1449 ἐποίησεν.
3047 1379 3119 1430 Οὐ
3167 1379 3271 1448 γὰρ
3319 1377 3491 1430 ἐκεῖνό
3527 1394 3592 1444 γε
3642 1374 3713 1428 ἃν
3769 1375 3920 1432 εἴποι,

2355 1471 2435 1522 ὅτι
2463 1469 2667 1533 ἔξεστιν
2699 1468 2846 1538 αὑτῷ
2874 1471 2930 1520 ἐν
2959 1471 3070 1531 τοῖς
3101 1468 3227 1537 περὶ
3250 1467 3351 1518 τῶν
3378 1467 3725 1537 τηλικούτων
3759 1465 3923 1532 λόγοις

2358 1561 2688 1632 παραγωγὰς
2721 1577 2868 1622 τινας
2907 1561 2999 1614 καὶ
3030 1559 3636 1630 παρασχημαστισμοὺς
3671 1557 3786 1610 τῶν
3817 1557 3922 1608 δνο-

2362 1655 2541 1722 μὰτων
2584 1654 2814 1704 ἐπινοεῖν
2842 1651 2935 1722 (4).
2985 1652 3045 1704 Εἰ
3085 1651 3192 1720 γὰρ
3241 1650 3331 1703 καὶ
3360 1648 3532 1721 ἀργοῦ
3581 1650 3751 1717 λόγου
3779 1648 3925 1701 εὐθύς

2359 1761 2452 1804 νας
2474 1746 2735 1816 ὑφέξομεν
2761 1748 2816 1798 ἐν
2839 1747 3018 1818 ἡμέρᾳ.
3043 1747 3138 1817 τῆς
3162 1745 3410 1816 κρίσεως,
3436 1740 3471 1813 ἦ
3497 1743 3602 1794 πού
3631 1760 3698 1810 γε
3727 1744 3787 1796 τὸ
3807 1745 3926 1813 περὶ

2357 1834 2463 1885 τῶν
2493 1836 2814 1906 τηλικούτων
2858 1840 3191 1908 καινοτομεῖν
3224 1836 3508 1890 ἀνεύθυνον
3543 1838 3683 1905 ἡμῖν
3727 1834 3924 1902 ἀφεθή-

2359 1942 2527 1978 σεται.
2563 1928 2712 1997 Τάχα
2739 1931 2844 2001 γάρ
2874 1947 2972 1982 που
2999 1929 3058 1982 τὸ
3093 1929 3189 1999 μὲν
3220 1929 3295 2000 (5)
3327 1929 3399 1990 ὼς
3428 1927 3642 1998 πρέπον
3679 1926 3776 1977 ἐπὶ
3803 1925 3925 1977 Θεοῦ

2357 2021 2449 2071 καὶ
2497 2020 2708 2089 Πατρὸς
2750 2021 2997 2088 λέγεσθαι
3045 2021 3193 2091 παρὰ
3236 2020 3328 2075 τοῦ
3373 2019 3518 2072 θείου
3568 2017 3926 2088 δεδιδαγμεθι

2355 2110 2542 2177 λόγου·
2576 2111 2633 2162 τὸ
2667 2111 2720 2163 δέ
2751 2112 2847 2181 οὐχ
2880 2113 3110 2183 ἁρμόζον
3161 2113 3237 2182 τῷ
3276 2114 3570 2181 Μονογενεῖ
3603 2111 3674 2163 δι’
3708 2103 3784 2163 ὧν
3830 2110 3924 2162 απ-

2355 2202 2626 2274 εσιώπησε
2658 2203 2719 2256 τὸ
2757 2203 2977 2273 Πνεῦμα
3025 2205 3084 2256 τὸ
3116 2206 3264 2270 ἇγιον
3305 2205 3623 2268 ἐνεδείξατο.
3682 2202 3810 2264 Πῶς
3841 2197 3923 2253 οὖν

2354 2295 2589 2365 ἀσφαλὲς
2651 2296 2767 2366 τὴν,
2845 2297 3135 2362 Ἐποίησε,
3187 2298 3364 2366 φωνὴν
3416 2295 3924 2366 μεταρῤυϐμίζοντα

2355 2387 2452 2458 (6),
2498 2387 2704 2458 ποίημα
2733 2388 2909 2456 λέγειν
2948 2387 3037 2439 τὸν
3073 2386 3298 2456 ποιητὴν
3341 2386 3447 2438 τῶν
3495 2386 3669 2447 ὃ).ων;
3723 2387 3786 2437 Εἰ
3828 2383 3925 2452 γὰρ

2355 2479 2589 2551 ἔπρεπεν
2617 2479 2763 2550 αὑτῷ
2780 2479 3110 2552 προσηγορία
3150 2478 3387 2547 τοιαύτη,
3419 2477 3519 2529 οὐκ
3550 2477 3617 2529 ἂν
3649 2474 3921 2543 ἐσιωπήθη

2357 2571 2503 2641 παρὰ
2552 2571 2643 2624 τοῦ
2691 2570 3019 2641 Πνεύματος.
3089 2570 3223 2622 Ἀλλ’
3265 2568 3355 2621 ἐπὶ
3405 2568 3501 2639 μὲν
3549 2567 3653 2638 τῆς
3705 2566 3925 2625 κτίσεως

2357 2662 2584 2732 εὕρομεν
2631 2663 2736 2714 απὸ
2781 2663 2911 2725 τοῦ,
2976 2663 3289 2728 Ἐποίησε,
3345 2661 3440 2732 τὴν
3473 2659 3570 2712 τοῦ
3623 2659 3926 2727 ποιήματος

2357 2753 2719 2826 προσηγορίαν
2771 2753 3193 2822 μεταληφοεῖσαν
3220 2771 3232 2783 ·
3289 2754 3377 2804 ἐπὶ
3423 2752 3477 2803 δὲ
3511 2749 3608 2802 τοῦ
3654 2749 3790 2802 Υἱοῦ
3841 2747 3924 2799 τοῦ

2355 2845 2487 2899 Θεοῦ
2535 2845 2609 2913 (7)
2648 2844 2844 2896 οὐκέτι.
2898 2844 2990 2894 Ἐν
3031 2842 3184 2910 ἀρχῇ
3230 2843 3336 2910 γὰρ
3379 2842 3674 2906 ἐποίησεν
3719 2843 3752 2893 ὀ
3791 2839 3926 2902 Θεέ-ς

2355 2939 2459 2991 τὸν
2499 2937 2759 3006 οὐρανὸν
2795 2933 2892 2986 καὶ
2934 2933 3046 2999 τὴν
3085 2931 3232 3001 γῆν·
3269 2933 3359 2984 καὶ
3414 2931 3574 2984 πάλιν
3597 2948 3610 2960 ·
3681 2931 3779 2981 Ἐν
3812 2929 3921 2992 τοῖς

2356 3032 2640 3100 ποιήμασι
2672 3027 2789 3082 τῶν
2824 3025 3035 3098 χειρῶν
3060 3042 3172 3078 σου
3209 3022 3499 3092 ἐμελέτων
3524 3039 3537 3051 ·
3595 3021 3716 3082 καὶ,
3755 3021 3830 3074 Τὰ
3855 3009 3920 3086 (8)

701 3116 1044 3180 innotescunt,
1082 3115 1462 3184 perspiciuntur
1490 3116 1554 3168 ”.
1609 3115 1698 3169 Sic
1739 3116 2014 3184 Scriptura
2052 3117 2101 3168 in
2139 3117 2253 3184 qui-

2359 3123 2461 3193 γὰρ
2498 3122 2714 3189 ἀόρατα
2742 3119 2924 3174 αὑτοῦ
2968 3117 3082 3172 ἀπὸ
3119 3117 3362 3180 κτίσεως
3387 3114 3619 3180 κόσμου
3655 3110 3782 3176 τοῖς
3809 3128 3922 3163 ποι-

706 3209 805 3262 bus
853 3219 1208 3278 opportunum
1241 3219 1323 3260 est
1372 3223 1636 3274 usurpans
1688 3211 1787 3262 hoc.
1837 3224 2049 3270 nomen,
2094 3208 2145 3260 id
2193 3211 2257 3263 dc

706 3297 933 3352 Domino
963 3309 1146 3350 nostro
1179 3307 1232 3350 et
1268 3296 1546 3350 Salvatore
1576 3295 1697 3350 Jesu
1725 3298 1959 3360 Christo,
2010 3309 2256 3367 tanquam

703 3389 883 3463 gloria:
915 3390 1030 3460 ejus
1063 3389 1393 3457 maiestatem
1431 3389 1570 3442 haud
1613 3390 1833 3452 decens,
1868 3391 2117 3443 obticuit.
2153 3391 2257 3444 Sed

705 3492 881 3536 tamen
919 3489 971 3536 et
1000 3481 1224 3543 asciam,
1251 3490 1305 3535 et
1335 3481 1558 3550 lapidem
1591 3481 1925 3551 angularem,
1953 3490 2006 3534 et
2033 3481 2258 3549 lapidem

704 3571 1037 3637 olfensionis,
1078 3581 1130 3627 et
1174 3582 1378 3642 petram
1427 3573 1697 3636 scandali,
1747 3583 1799 3626 et
1836 3573 1952 3627 aliis
1997 3573 2258 3643 ejusmodi

707 3661 1026 3726 nominibus,
1087 3661 1138 3715 in
1179 3661 1371 3730 quibus
1404 3676 1510 3715 non
1560 3661 1781 3714 multum
1833 3665 2039 3716 videtur
2086 3664 2261 3718 inesse

705 3754 897 3819 laudis,
934 3753 1018 3818 iis,
1069 3754 1160 3822 qui
1199 3753 1470 3806 nominum
1521 3753 1968 3823 signiﬁcationem
2018 3771 2120 3808 non
2176 3772 2262 3810 as-

707 3855 1020 3915 sequuntur,
1045 3846 1320 3900 llominum
1345 3845 1524 3916 gloria:
1550 3846 1814 3915 appellare
1843 3861 1946 3900 non
1971 3849 2260 3910 erubescit;

708 3946 759 3992 at
794 3938 1052 4005 [acturam
1099 3953 1362 4007 nusquam
1407 3939 1621 3992 omnino
1675 3941 1994 3993 nominavit.
2043 3941 2110 3993 At
2138 3955 2262 3993 vero

714 4031 802 4085 hic
839 4030 905 4084 ab
943 4030 1071 4099 ipsis
1116 4032 1314 4085 sanctis
1358 4031 1460 4084 hoc
1504 4044 1564 4085 se
1611 4032 1835 4085 nominis
1868 4032 2138 4101 aecepisse
2165 4033 2260 4092 ait,

709 4132 768 4178 ut
792 4138 894 4178 non
934 4138 1057 4177 suos
1090 4122 1258 4177 solum
1287 4123 1550 4191 aequales,
1595 4123 1688 4177 sed
1731 4134 1946 4178 sanctos
1977 4126 2136 4179 etiam
2171 4125 2260 4193 qui

706 4215 834 4269 olim
864 4213 1101 4277 fuerunt,
1133 4214 1418 4270 calumniis
1445 4218 1555 4273 suis
1584 4215 1840 4273 involvat.

2359 3215 2542 3283 ήμασι
2583 3214 2875 3281 νοούμενα
2926 3209 3258 3278 καθορᾶται.
3310 3206 3494 3269 Οὕτως
3555 3206 3640 3272 ἐφ’
3671 3197 3768 3255 -ὧν
3819 3205 3922 3255 ἐστι

2360 3308 2625 3376 χρήσιμον
2673 3305 2733 3358 τὸ
2765 3304 2930 3374 δνομα
2963 3301 3456 3373 παραλαμῦἀνουσα
3492 3301 3524 3369 ή
3573 3295 3792 3368 Γραφὴ,
3842 3296 3922 3346 ἐπὶ

2359 3396 2453 3449 τοῦ
2484 3397 2687 3465 Κυρίου
2734 3395 2885 3464 ἡμῶν
2926 3395 3018 3445 καὶ
3051 3393 3298 3462 Σωτῆρος
3340 3390 3514 3461 Ἰησοῦ
3547 3387 3794 3461 Χριστοῦ
3833 3388 3919 3456 (9).

2361 3488 2435 3549 ὡς
2462 3487 2520 3539 οὐ
2556 3486 2760 3557 πρέπον
2787 3484 2864 3555 τῷ
2899 3481 3163 3553 μεγαλείῳ
3190 3482 3286 3550 τῆς
3305 3480 3477 3550 δόξης,
3511 3475 3918 3547 παρεσιώπησε.

2361 3579 2472 3631 Νῦν
2503 3579 2558 3631 δέ
2584 3578 2767 3644 ἀξίνην
2812 3576 2906 3646 μέν
2931 3574 3022 3628 καὶ
3050 3574 3193 3627 λίθον
3224 3574 3636 3645 ἀκρογωνιαῖον,
3664 3572 3762 3623 καὶ
3789 3568 3920 3621 λίϐον

2364 3672 2801 3741 προσκόμματος,
2843 3669 2934 3721 καὶ
2971 3667 3174 3738 πέτραν
3210 3664 3524 3726 σκανδάλου,
3574 3664 3672 3715 καὶ
3710 3662 3920 3715 τοιαῦτα

2360 3764 2520 3835 ἕτερα
2560 3765 2613 3814 ἐν
2645 3757 2722 3826 οἷς
2751 3763 2810 3814 οὐ
2837 3760 2968 3814 πολὺ
3010 3760 3238 3815 δοκεῖτὸ
3271 3756 3510 3825 εὔφημον
3536 3751 3680 3807 εἶναι
3712 3758 3823 3816 τοῖς
3856 3756 3920 3823 μὴ

2361 3856 2798 3926 καθικνουμένας
2831 3855 2926 3923 τῆς
2959 3852 3226 3923 σημασίας
3253 3847 3358 3901 τῶν
3380 3847 3681 3916 ὀνομάτων,
3713 3847 3802 3897 τὸν
3825 3846 3921 3896 Κύ-

2366 3965 2476 4017 ριον
2525 3947 2622 4017 τῆς
2673 3945 2826 4013 δόξης
2871 3939 3291 4014 προσαγορεύειν
3341 3939 3440 3991 οὐκ
3500 3936 3916 4007 ἐπαισχύνεται·

2364 4034 2582 4102 ποίημα
2609 4032 2665 4084 δέ
2693 4029 2926 4099 οὐδαμοῦ
2953 4029 3013 4081 τὸ
3044 4027 3297 4098 παράπαν
3335 4025 3608 4094 ὠνόμασε.
3649 4023 3844 4076 Καίτοι
3865 4039 3919 4088 γε

2363 4118 2510 4186 οὗτος
2564 4123 2690 4195 παρ’
2727 4121 2902 4174 αὐτῶν
2945 4119 3218 4189 εἰληφέναι
3265 4118 3369 4169 τῶν
3415 4115 3586 4182 ἁγίων
3643 4116 3708 4166 τὸ
3762 4115 3919 4181 ὄνομα

2364 4214 2518 4267 τοῦτό
2548 4231 2728 4282 φησιν,
2777 4215 2861 4264 ἵνα
2908 4215 3025 4273 ταῖς
3056 4207 3435 4274 συκοφαντίαις
3490 4206 3565 4274 μὴ
3624 4207 3788 4272 μόνον
3821 4203 3916 4269 (ιο)

2363 4307 2486 4368 τοὺς
2511 4303 2625 4356 κατ’
2652 4303 2809 4355 αὑτὸν
2839 4300 3124 4373 περιϐάλῃ,
3159 4298 3292 4353 ἀλλὰ
3324 4297 3416 4350 καὶ
3442 4297 3568 4359 τους
3599 4296 3772 4351 πάλαι

2364 4394 2681 4464 γενομένους
2714 4393 2915 4461 ἁγίους.

781 4481 834 4535 5.
880 4480 1075 4535 Verum
1122 4491 1472 4549 praeterquam
1519 4483 1658 4550 quod
1709 4482 1776 4536 ob
1825 4482 2119 4552 periculum
2154 4500 2256 4538 non

2430 4487 2482 4540 '5.
2515 4486 2675 4540 Ἀνευ
2703 4485 2759 4538 δὲ
2785 4485 2874 4538 τοῦ
2909 4485 2982 4556 μὴ
3012 4484 3205 4554 χρῆναι
3235 4482 3322 4535 διὰ
3350 4483 3409 4534 τὸ
3443 4482 3788 4536 ἐπικίνδυνον
3823 4485 3920 4543 τοῖς

712 4582 922 4644 oportet
958 4573 1079 4627 talia
1107 4575 1321 4638 audere,
1349 4591 1523 4644 neque
1548 4575 1757 4629 Domini
1787 4576 2002 4630 nomina
2029 4589 2056 4626 a
2088 4576 2260 4642 seipso

715 4666 1423 4736 transformare:pr:cterea
1479 4681 1543 4720 ne
1595 4669 1705 4734 ipsa
1759 4669 1972 4737 quidem
2026 4669 2257 4735 Apostoli

713 4758 974 4814 sententia
1007 4759 1224 4814 exhibet
1248 4759 1402 4814 nobis
1427 4772 1541 4813 eam
1571 4756 1838 4828 Unigeniti
1871 4774 1989 4827 qua:
2017 4769 2141 4812 ante
2165 4775 2264 4813 sa:-

784 4901 828 4931 "
853 4901 972 4953 Aet.
1010 4915 1070 4966 ιι,
1105 4898 1191 4954 56.
1269 4900 1312 4931 ὀ
1345 4899 1478 4954 Gen.
1515 4915 1552 4966 ι,
1586 4900 1635 4952 l.

784 5080 859 5152 (4)
895 5081 1027 5151 Reg.
1063 5092 1281 5151 quartus
1325 5081 1376 5134 in
1420 5082 1655 5152 margine
1708 5079 1981 5149 ὀνομάτων
2027 5083 2256 5153 ἐπικρα-

714 5155 844 5205 τεῒν.

787 5223 862 5293 (5)
894 5221 1004 5277 Hoc
1035 5220 1165 5293 dicit
1193 5221 1422 5276 Basilius
1461 5237 1479 5293 ξ
1525 5221 1800 5288 Scriptura
1845 5235 1964 5275 cum
2000 5221 2079 5293 de
2106 5221 2262 5293 Patre

717 5290 1012 5346 sermonem
1050 5292 1225 5356 habet,
1263 5294 1423 5344 verho
1453 5290 1570 5358 fecit
1601 5293 1787 5356 utitur,
1817 5302 1871 5344 ut
1895 5291 2141 5345 ostendat
2165 5292 2264 5344 hoc

717 5365 933 5415 verbum
984 5362 1128 5414 Patri
1179 5373 1431 5430 tanquam
1468 5377 1642 5414 rerum
1703 5364 1939 5415 omnium
1996 5362 2257 5413 comtitori

717 5433 1001 5501 convenire
1029 5450 1043 5486 :
1072 5442 1279 5498 contra,
1303 5448 1420 5484 cum
1455 5433 1517 5484 de
1544 5431 1677 5485 Filio
1703 5433 1954 5501 loquitur,
1988 5444 2257 5501 nunquam

718 5499 897 5555 vocem
934 5502 1152 5569 factum
1193 5510 1434 5572 usurpat,
1468 5511 1522 5552 ut
1555 5499 1840 5554 doceamur
1873 5501 1921 5554 id
1955 5516 2145 5554 nomen
2168 5499 2256 5572 ei,

715 5573 803 5639 qui
835 5573 1034 5640 pariter
1058 5586 1233 5624 rerum
1263 5571 1507 5625 conditor
1533 5583 1630 5640 est,
1665 5588 1765 5624 non
1800 5587 2114 5636 congruere.
2150 5571 2260 5622 An-

719 5636 849 5712 tiqui
881 5651 1109 5712 quatuor
1152 5642 1268 5694 libri
1303 5642 1451 5712 Τάχα
1479 5636 1583 5709 γάρ
1613 5659 1718 5712 που
1744 5642 1803 5694 τὸ
1837 5642 1931 5710 μὲν
1966 5681 1978 5693 .
2068 5641 2264 5712 λόγου,

716 5710 777 5783 τρ
795 5710 869 5762 δέ.
907 5711 1201 5780 Ειίίιίτάχα
1226 5713 1330 5783 γὰρ
1373 5709 1526 5764 τοῦτο
1569 5711 1664 5779 μὲν
1788 5709 1965 5778 λόγου,
1999 5711 2155 5783 τοῦτο
2187 5709 2265 5765 δέ.

720 5778 828 5833 lloc
869 5783 980 5846 ipso
1030 5783 1079 5835 in
1119 5778 1384 5836 loco’cditi
1433 5793 1486 5836 et
1520 5778 1621 5837 duo
1663 5797 1788 5837 mss.
1839 5783 1935 5851 οὐχ
1987 5780 2263 5851 ἁρμόζειν.

2365 4579 2622 4642 τοιούτοις
2657 4576 2973 4646 ἐπιτολμᾷν,
3002 4577 3094 4628 καὶ
3121 4574 3187 4626 τὰ
3206 4573 3299 4626 τοῦ
3324 4573 3433 4643 (Η)
3465 4573 3672 4644 Κυρίου
3699 4575 3920 4639 ὀνόματα

2367 4670 2493 4739 παρ’
2527 4667 2717 4721 ἐαυτοῦ
2755 4667 3142 4738 μεταπλάττειν
3161 4683 3174 4696 ·
3203 4667 3284 4719 ἐτι
3315 4668 3437 4720 οὐδέ
3466 4669 3498 4736 ἡ
3533 4667 3630 4719 τοῦ
3679 4665 3919 4718 Ἀποστὸ-

2368 4761 2459 4813 λου
2489 4760 2692 4814 διάνοια
2722 4760 2817 4830 τὴν
2858 4760 2960 4830 πρὸ
2999 4761 3189 4824 αἰῶνος
3234 4760 3527 4813 ὑπόστασιν
3559 4757 3651 4810 τοῦ
3694 4762 3919 4826 Μονογε·

1712 4902 1753 4931 ¹¹
1788 4901 1928 4959 Psal.
1960 4916 2124 4965 CXLII,
2157 4901 2210 4954 3.
2264 4903 2306 4932 ²²
2339 4902 2494 4956 Rom.
2528 4919 2568 4968 ι,
2596 4902 2684 4961 ΞΟ.

2362 5080 2480 5152 Alii
2502 5081 2737 5152 quinque
2771 5097 2899 5134 mss.
2935 5083 3032 5152 οὐχ
3058 5079 3322 5152 μὰρμόζον.

2435 5147 2675 5218 (6)Ε‹Ιὶίὶ
2706 5147 3496 5221 μεταρρυθμίζοντας.Αιιιῑῳιί
3520 5163 3618 5202 sex
3648 5147 3776 5202 libri
3812 5163 3918 5221 μετ-

2370 5218 2794 5292 αρρυθμίζοντα,
2827 5218 3080 5290 quomodo
3106 5231 3271 5274 tutum
3309 5218 3466 5287 fuerit
3491 5222 3534 5272 ei
3559 5221 3651 5287 qui
3687 5235 3752 5271 ea:
3787 5218 3918 5271 verba

2369 5292 2499 5345 fecit
2523 5307 2692 5344 vocem
2722 5289 2946 5345 facturae
2970 5293 3331 5344 concinnavit?

2438 5361 2512 5432 (7)
2543 5362 2642 5432 lilii
2679 5360 2769 5412 τοῦ
2800 5361 2930 5414 Υἱοῦ
2964 5361 3242 5432 καὶ-Θεοῦ.

2437 5427 2510 5500 (8)
2548 5430 2684 5482 Editi
2712 5432 2804 5483 καὶ
2833 5431 2991 5484 πάλιν
3017 5430 3104 5484 τά.
3140 5431 3367 5500 Codices
3392 5427 3544 5500 multi
3583 5430 3679 5483 καὶ
3707 5430 3798 5500 τάἶ

2436 5496 2509 5570 (9)
2548 5500 2688 5572 Editi
2738 5503 2941 5572 Κυρίου
2993 5503 3082 5554 καὶ
3128 5499 3378 5569 Σωτῆρος
3412 5499 3572 5569 ὴμῶν
3632 5497 3829 5570 Ἰησοῦ.
3864 5496 3917 5548 At

2368 5585 2499 5624 mss.
2528 5572 2600 5622 uti
2635 5571 2685 5622 in
2710 5571 2985 5626 contextu.

2439 5640 2548 5712 (10)
2579 5641 2708 5712 ljeg.
2737 5653 2956 5709 quartus
2995 5642 3067 5712 μὴ
3101 5641 3312 5711 μόνους.

2441 5708 2548 5782 (Η)
2577 5708 2712 5763 Editi
2741 5708 3066 5782 ἐπιτολμᾷνζ
3089 5708 3227 5763 πατὰ
3261 5710 3374 5762 τοῦ.
3405 5709 3630 5777 Antiqui
3668 5720 3776 5763 tres
3815 5708 3916 5762 libri

2372 5781 2685 5851 ἐπιτολμᾷν,
2723 5785 2813 5835 καὶ
2843 5784 2908 5834 τὰ
2936 5781 3047 5849 τοῦ,
3078 5791 3239 5836 recte.
