4084 6318
182 379 282 434 5T1

1280 376 1645 434 ADVERSUS
1687 378 2050 435 EUNOMIUM
2092 381 2222 435 LIB.
2264 383 2325 436 ll.

3296 390 3399 443 578

179 472 302 532 νοῦς
326 471 455 538 ἡμῖν
484 472 793 542 παρίστησι,
823 472 948 541 περὶ
977 466 1043 540 ἧς
1065 474 1092 524 ό
1114 472 1267 539 λόγος
1301 475 1356 525 ὲν
1383 474 1469 543 τῷ,
1489 475 1729 545 παρόντι.

1843 475 1952 527 cuiu
1987 476 2083 527 fuit
2118 474 2521 530 subsistentiam
2555 497 2571 531 :
2606 481 2672 534 de
2708 492 2819 548 qua
2852 494 2993 533 nunc
3038 480 3190 533 nobis
3222 498 3401 539 sermo

179 560 315 615 Οὐδὲ
350 560 456 632 γὰρ
487 564 613 633 περὶ
661 562 757 629 τῆς
809 561 995 624 οὐσίας
1029 565 1195 635 αὐτῆς
1237 564 1331 617 τοῦ
1377 566 1510 620 Θεοῦ
1541 568 1736 634 Λόγου,

178 650 273 703 τοῦ
304 651 358 702 ὲν
402 654 543 724 ἀρχῇ
599 651 750 714 ὄντος
798 652 931 725 πρὸς
974 655 1064 709 τὸν
1096 656 1259 718 Θεὸν,
1307 655 1441 709 ἀλλὰ
1478 661 1605 729 περὶ
1644 655 1738 710 τοῦ

177 737 507 805 κενώσαντος
547 741 735 794 ἑαυτὸν
764 743 821 794 ἐν
852 745 917 815 τῇ
955 744 1046 798 τοῦ
1071 744 1254 799 δούλου
1286 748 1486 818 μορφῇ⁹
1526 748 1621 800 καὶ
1649 763 1741 813 γε-

176 835 399 904 νομὲνου
455 832 773 904 συμμόρφου
832 834 900 907 .ᾦ
950 837 1161 909 σώματι
1211 838 1311 908 τῆς
1358 836 1740 902 ταπεινώσεως

178 924 354 996 ἡμῶν,
386 925 477 977 καὶ
511 928 910 997 σταυρωθέντος
951 932 1009 997 ἐξ
1043 929 1341 995 ἀσθενείας,
1396 930 1580 999 σαφῶς
1621 931 1737 983 δια·

177 1018 413 1088 λέγεται.
454 1020 562 1072 Καὶ
608 1018 764 1076 τοῦτο
809 1026 970 1078 παντὶ
1008 1020 1280 1093 γνώριμον
1321 1024 1398 1093 τῷ
1428 1021 1518 1074 καὶ
1546 1020 1739 1092 μικρὸν

176 1110 525 1178 ἑπιστήσαντι
555 1109 651 1180 τῆς
680 1111 1041 1181 ἀποστολικῆς
1083 1109 1278 1176 λέξεως
1304 1111 1381 1182 τῷ
1418 1109 1737 1182 βουλήματι,

173 1200 261 1255 ὅτι
304 1200 421 1270 οὐχὶ
473 1198 745 1272 θεολογίας
794 1206 923 1275 ἡμῖν
968 1202 1295 1272 παραδίδωσι
1341 1203 1558 1273 τρόπον,
1605 1201 1742 1256 ἀλλὰ

173 1294 301 1357 τοὺς
332 1293 430 1365 τῆς
460 1297 770 1369 οἰκονομίας
796 1298 987 1366 λόγους
1015 1297 1330 1370 παραδηλοῖ.
1360 1297 1580 1365 Κύριον
1607 1298 1737 1369 γὰρ,

173 1387 330 1456 φησι,
380 1389 476 1443 καὶ
523 1390 778 1459 Χριστὸν
827 1389 1012 1444 αὐτὸν
1052 1389 1163 1456 (12)
1214 1392 1246 1442 d
1288 1390 1430 1455 Θεὸς
1471 1389 1737 1459 ἐποίησε,

174 1477 389 1532 τοῦτον
434 1482 541 1535 τὸν
589 1479 822 1546 Ἰησοῦν
867 1480 939 1534 ὃν
973 1480 1142 1549 ὑμεῖς
1173 1479 1620 1547 ἐσταυρώσατε,
1674 1483 1738 1552 τῇ

172 1572 415 1645 δεικτικῇ
444 1575 593 1642 φωνῇ
630 1574 908 1644 μονονουχὶ
940 1572 1077 1644 πρὸς
1106 1572 1168 1627 τὸ
1203 1572 1537 1645 ἀνθρώπινον
1575 1572 1740 1629 αὐτοῦ

173 1664 273 1717 καὶ
315 1666 584 1735 δρώμενον
635 1664 767 1717 πᾶσι
806 1664 1084 1738 προδήλως
1134 1666 1558 1738 ἐπερειδόμενος.
1600 1668 1657 1720 'U
1684 1667 1741 1721 δὲ

171 1755 293 1826 τὴν,
329 1756 635 1823 ἐποίησεν,
665 1755 846 1828 φωνὴν
874 1758 953 1821 είς
978 1758 1076 1827 τὴν
1100 1754 1333 1826 ἀρχῆθεν
1356 1756 1604 1823 γέννησιν
1633 1760 1739 1827 (l3)

169 1847 272 1901 τοῦ
308 1847 640 1915 Μονογενοῢς
694 1849 1004 1921 μεταφέρει.
1052 1847 1163 1901 Καὶ
1210 1846 1327 1900 οὐδὲ
1377 1848 1549 1899 ἐκεῖνο
1584 1849 1744 1902 αὐτὸν

169 1938 431 2002 δυσωπεῖ,
462 1940 541 1993 ὅτι
569 1941 649 2004 τὸ,
669 1941 901 2008 Κύριος,
928 1940 1027 1992 οὐκ
1049 1938 1232 2002 οὐσίας
1262 1939 1429 2002 ἐστὶν,
1460 1937 1572 1991 ἀλλ’
1600 1938 1748 2005 ἐξου-

172 2028 300 2092 σίας
324 2030 512 2101 δνομα.
545 2032 706 2083 Ὥστε
741 2030 770 2081 ὁ
802 2028 999 2095 εἰπὼν,
1029 2029 1250 2097 Κύριον
1275 2028 1463 2083 αὑτὸν
1489 2029 1587 2081 καὶ
1616 2031 1747 2096 Χρι-

170 2122 327 2176 στὸν
366 2127 398 2177 d
451 2122 592 2187 Θεὸς
640 2122 919 2190 ἐποίησε,
965 2122 1064 2194 τὴν
1113 2122 1255 2177 κατὰ
1309 2122 1520 2177 πάντων
1575 2122 1747 2193 ἀρχὴν

170 2218 272 2269 καὶ
297 2215 608 2271 δεσποτείαν
650 2214 794 2279 λέγει
826 2216 922 2286 τὴν
956 2215 1103 2287 παρά
1144 2216 1239 2269 τοῦ
1272 2217 1482 2287 Πατρός
1520 2218 1745 2286 ἐπιτρα-

173 2308 367 2359 πείσαν
402 2304 569 2375 αὐτῷ,
601 2306 662 2357 οὐ
691 2306 789 2375 τὴν
824 2304 930 2373 (Η)
962 2307 1039 2367 εἰς
1065 2305 1127 2356 τὸ
1160 2302 1294 2357 εἶναι
1321 2304 1548 2375 πάροδον
1582 2305 1745 2359 αὐτοῦ

172 2397 457 2467 διηγεῖται.
508 2397 693 2451 Ταῦτα
735 2398 829 2466 μὲν
873 2392 966 2449 οὖν
1009 2396 1199 2466 μικρὸν
1234 2396 1456 2467 ὕστερον
1490 2397 1747 2462 ἐπιδείξο-

178 2506 299 2560 μεν,
352 2490 479 2541 ὅταν
527 2488 836 2557 ὲλέγχωμεν
882 2487 1041 2540 αὐτὸν
1073 2486 1223 2557 παρὰ
1263 2486 1323 2539 τὸ
1370 2485 1613 2556 βούλημα
1652 2484 1746 2539 τοῦ

176 2580 494 2652 Πνεύματος
526 2580 623 2645 τὰς
660 2582 724 2635 ὲκ
750 2580 849 2652 τῆς
873 2580 1093 2652 Γραφῆς
1123 2578 1425 2651 μαρτυρίας
1455 2577 1747 2649 παρατιθέ-

178 2690 337 2743 μενον
366 2690 379 2703 ·
420 2674 535 2727 νυνὶ
561 2673 615 2727 δὲ
648 2673 738 2726 ἐπὶ
780 2671 847 2725 τὰ
877 2673 1075 2742 συνεχῆ
1114 2670 1207 2725 τοῦ
1256 2670 1412 2740 λόγου
1444 2672 1742 2742 προΐωμεν.

173 2765 241 2816 Τί
271 2762 361 2818 οὖν
390 2764 538 2834 αὐτῷ
584 2764 825 2834 βούλεται
878 2764 938 2817 τὸ
993 2764 1161 2833 ὄνομα
1192 2763 1381 2827 τοῦτο;
1424 2763 1519 2816 καὶ
1566 2762 1617 2816 τί
1650 2763 1743 2835 δή·

173 2872 309 2910 ποτε
348 2855 554 2923 ποίημα
603 2855 1026 2925 προσαγορεύειν
1078 2854 1167 2906 τὸν
1210 2852 1434 2923 ποιητὴν
1468 2852 1572 2903 τῶν
1612 2852 1745 2905 ὅλων

173 2947 472 3016 ὲπιχειρεῖ;
503 2946 800 3016 Σοφίσματι
822 2946 1055 3017 κιϐδήλῳ
1080 2945 1600 3017 παρακρουσάμενος
1622 2946 1747 2998 ἐαυ-

170 3036 287 3099 τὸν,
341 3038 504 3089 οἰέται
551 3039 669 3100 ταῖς
726 3036 833 3090 τῶν
877 3037 1152 3107 ὀνομάτων
1201 3037 1483 3109 διαφοραῖς
1524 3038 1743 3109 καὶτῆς

166 3127 363 3192 οὐσίας
392 3128 742 3201 παραλλαγὴν
775 3126 1221 3197 συνεκφαίνεσοαι
1247 3127 1377 3199 (15).

245 3219 303 3273 4.
340 3220 529 3273 Καίτοι
558 3222 640 3283 τίς
670 3222 735 3273 ἂν
766 3220 844 3291 τῷ
887 3221 1029 3290 λόγῳ
1062 3220 1235 3291 τούτῳ
1268 3221 1557 3292 σωφρονῶν
1581 3224 1749 3293 πρόσ-

166 3310 341 3373 θοιτο,
369 3313 448 3364 ὅτι
480 3306 553 3365 ὧν
586 3312 654 3364 τὰ
676 3312 911 3382 ὀνόματά
941 3313 1053 3364 ἐστι
1081 3311 1332 3382 διάφορα,
1362 3312 1563 3364 τούτων
1609 3331 1750 3383 παρ-

165 3404 439 3476 ηλλάχθαι
476 3402 697 3465 καὶτὰς
734 3404 919 3466 οὐσίας
950 3403 1160 3474 ἀνάγκη
1193 3418 1207 3468 ;
1243 3402 1451 3466 Πέτρου
1499 3402 1606 3475 γὰρ
1655 3404 1748 3457 καὶ

167 3496 413 3559 Παύλου,
456 3496 551 3548 καὶ
590 3493 923 3557 ἁπαξαπλῶς
970 3492 1270 3565 ἀνθρώπων
1314 3492 1529 3548 πάντων
1576 3512 1747 3566 προσ-

162 3588 399 3660 ηγορίαι
424 3586 520 3658 μὲν
539 3586 801 3657 διάφοροι,
830 3585 984 3638 οὐσία
1011 3585 1067 3638 δὲ
1090 3586 1306 3639 πάντων
1332 3587 1446 3655 μία.
1470 3586 1667 3656 Διόπερ
1690 3589 1747 3640 ὲν

166 3683 295 3744 τοῖς
322 3679 591 3741 πλείστοις
620 3678 669 3730 oi
693 3677 844 3730 αὐτοὶ
865 3675 1115 3746 ἀλλήλοις
1140 3677 1303 3746 ὲσμέν
1376 3678 1486 3739 τοῖς
1525 3676 1580 3729 δέ
1614 3676 1749 3730 ίδιὼ-

170 3787 316 3843 μασι
334 3772 513 3843 μόνοις
529 3768 636 3840 (16)
653 3771 763 3831 τοῖς
780 3768 905 3840 περὶ
925 3767 1149 3820 ἕκαστον
1162 3766 1362 3838 Θεωρου
1372 3767 1547 3837 μένοις
1563 3769 1747 3841 ἔτερος

164 3863 363 3933 ἑτέρου
393 3861 791 3931 διενηνόχαμεν.
821 3859 980 3912 Ὅθεν
1014 3859 1108 3912 καὶ
1151 3859 1207 3912 αἱ
1246 3860 1602 3932 προσηγορίαι
1624 3863 1745 3931 οὐχὶ

164 3956 283 4012 τῶν
314 3956 506 4009 οὐσιῶν
535 3956 640 4007 είσι
679 3953 1030 4025 σημαντικαὶ,
1060 3952 1196 4006 ἀλλὰ
1221 3952 1326 4006 τῶν
1360 3952 1657 4023 ἰδιοτήτων,
1686 3954 1741 4006 αἳ

160 4047 265 4102 τὸν
298 4048 416 4100 καθ’
454 4048 548 4101 ’ένα
587 4043 1095 4118 χαρακτηρίζουσιν.
1134 4044 1300 4098 Ὅταν
1330 4040 1423 4097 οὖν
1459 4044 1743 4115 ἀκούωμεν

166 4141 293 4211 (17)
335 4138 576 4207 Πέτρον,
620 4138 681 4191 οὐ
725 4138 822 4208 τὴν
864 4135 1047 4189 οὐσίαν
1087 4134 1249 4188 αὐτοῦ
1284 4134 1507 4205 νοοῦμεν
1552 4137 1616 4188 ὲκ
1649 4135 1741 4187 τού

161 4230 434 4299 ὀνόματος
465 4226 669 4297 (οὐσίαν
695 4226 751 4279 δὲ
772 4226 913 4293 λέγω
933 4224 1025 4277 νῦν
1052 4223 1113 4276 τὸ
1145 4221 1327 4277 ὐλικδν
1351 4224 1704 4292 ὑποκείμενον

160 4323 313 4393 ὅπερ
342 4318 591 4387 οὐδαμῶς
626 4316 877 4387 σημαίνει
914 4315 1191 4386 τούνομα),
1226 4315 1359 4370 ἀλλὰ
1387 4316 1493 4369 τῶν
1526 4318 1745 4389 ίδιωμά-

159 4428 278 4464 των
319 4409 354 4463 ἃ
386 4408 513 4479 περὶ
554 4406 714 4459 αὐτὸν
751 4404 1032 4475 θεωρεῖται
1084 4403 1180 4474 τὴν
1230 4404 1433 4458 ἔννοιαν
1486 4408 1743 4461 ἐντυποῦ-

1840 572 1941 616 est.
1972 563 2153 629 Neque
2172 561 2314 615 enim
2346 562 2412 616 de
2446 567 2741 622 substantia
2778 570 2890 638 ipsa
2927 569 3019 624 Dci
3052 570 3232 634 Verbi,
3260 575 3399 641 quod

1840 652 1891 707 in
1922 653 2183 724 principio
2213 664 2325 708 erat
2357 655 2494 724 apud
2522 655 2682 728 240
2715 661 2879 716 Deum
2910 660 2979 727 "‘,
3006 662 3099 716 sed
3127 665 3193 716 de
3219 677 3285 718 eo
3311 664 3401 733 qui

1840 744 2070 811 seipsum
2100 742 2391 795 exinanivit
2437 743 2487 796 in
2536 742 2704 799 I'orma
2752 750 2985 817 servi”,
3020 759 3075 804 ct
3122 750 3295 807 iactus
3320 761 3398 808 cst

1839 833 2129 887 conformis
2180 834 2395 902 corpori
2444 834 2757 890 humilitatis
2811 852 3003 898 nostra:
3032 842 3099 904 ",
3130 856 3195 895 ac
3224 845 3399 899 cruci-

1842 924 1981 979 ﬁxus
2004 935 2087 979 est
2116 939 2184 979 ex
2214 926 2526 981 infirmitate
2548 928 2615 994 ",
2642 928 2789 984 clare
2820 945 2882 984 ac
2913 937 3191 1006 perspicue
3227 936 3400 991 disse-

1843 1016 1934 1072 rit.
1977 1017 2044 1072 Et
2094 1018 2195 1073 hoc
2220 1028 2405 1074 notum
2436 1029 2521 1074 est
2554 1021 2803 1078 omnibus
2854 1025 2944 1091 qui
2990 1029 3068 1081 vel
3119 1044 3308 1098 parum
3336 1031 3404 1083 ad

1841 1112 2147 1179 apostolica:
2182 1112 2436 1167 dictionis
2468 1127 2684 1167 sensum
2737 1113 2976 1168 animum
3036 1116 3399 1183 intenderunt,

1840 1203 1981 1272 quod
2022 1219 2124 1256 non
2167 1202 2446 1272 theologia:
2479 1206 2633 1260 nobis
2683 1206 2899 1259 modum
2932 1208 3115 1273 tradit,
3147 1210 3240 1263 sed
3290 1210 3405 1267 dis-

1840 1294 2170 1365 pensationis
2212 1294 2447 1349 rationes
2486 1297 2743 1352 declarat.
2783 1296 3064 1352 Dominum
3108 1300 3275 1365 enim,
3324 1302 3406 1356 in-

1842 1388 1997 1459 quit,
2044 1398 2091 1442 et
2138 1387 2403 1442 Christum
2454 1389 2622 1457 ipsum
2667 1392 2804 1446 Deus
2852 1390 3005 1461 fecit,
3053 1391 3189 1445 hunc
3224 1392 3406 1448 Jesum

1840 1499 1992 1552 quem
2039 1499 2127 1537 vos
2160 1481 2494 1549 cruciﬁsistis
2521 1481 2566 1511 ’⁷
2602 1500 2615 1535 :
2658 1484 2760 1538 hac
2806 1483 3229 1539 demonstrativa
3279 1500 3409 1541 voce

1844 1573 1896 1628 in
1930 1573 2319 1628 humanitatem
2352 1572 2469 1642 ejus
2525 1582 2686 1641 atque
2718 1571 2772 1626 in
2809 1572 2861 1627 id
2908 1575 3048 1644 quod
3070 1574 3245 1631 oculis
3287 1589 3405 1629 om-

1842 1663 1991 1719 nium
2057 1662 2355 1732 subjectum
2406 1672 2521 1717 erat
2581 1671 2787 1717 tantum
2846 1678 2950 1718 non
2998 1677 3178 1734 aperte
3226 1668 3409 1723 inten»

1843 1766 1951 1812 tus.
1994 1753 2092 1810 Hic
2136 1770 2264 1809 vero
2300 1770 2483 1809 vocem
2519 1756 2637 1823 fecit
2681 1755 2749 1809 ad
2788 1768 2907 1810 eam
2938 1755 3203 1824 Uuigeniti
3241 1774 3405 1831 gene-

1845 1848 2107 1901 rationem
2142 1860 2262 1918 quae
2291 1860 2319 1900 a
2359 1845 2626 1915 principio
2668 1843 2792 1907 fuit,
2838 1845 3112 1901 transfert.
3149 1847 3213 1902 Et
3246 1864 3310 1903 ne
3341 1851 3406 1904 il-

1845 1937 1933 1992 lud
1963 1938 2179 2008 quidem
2197 1949 2328 1994 ‘eum
2359 1937 2565 2007 pudore
2605 1936 2807 2001 allicit,
2847 1938 2988 2007 quod
3016 1955 3116 1994 vos
3151 1941 3403 1996 Dominus

1846 2042 1950 2080 non
1986 2043 2177 2081 nomen
2206 2032 2277 2083 sit
2305 2029 2644 2093 substantire,
2675 2027 2769 2083 scd
2797 2030 3093 2099 potestatis.
3118 2031 3295 2098 Quare
3316 2033 3408 2102 qui

1846 2118 2001 2183 dixit,
2042 2119 2319 2172 Dominum
2342 2121 2512 2187 ipsum
2544 2131 2591 2173 et
2618 2119 2884 2174 Christum
2912 2121 3048 2175 Deus
3080 2122 3224 2192 fecit,
3259 2126 3409 2193 prin-

1846 2210 2082 2282 cipatum
2117 2225 2181 2264 ac
2206 2211 2498 2264 dominium
2530 2211 2583 2265 in
2612 2226 2801 2266 omnes
2826 2213 2873 2266 ei
2906 2228 2936 2267 a
2971 2210 3128 2269 Patre
3150 2215 3406 2269 traditum

1839 2305 1995 2368 dicit,
2027 2318 2132 2358 non
2176 2302 2317 2357 illius
2358 2302 2426 2356 ad
2465 2318 2575 2356 esse
2618 2305 2905 2357 transitum
2937 2316 3143 2363 narrat.
3185 2304 3252 2361 Et
3283 2308 3407 2377 qui-

1845 2395 1965 2450 dem
2000 2396 2111 2450 haec
2135 2396 2291 2464 paulo
2323 2405 2444 2466 post
2471 2396 2842 2464 ostendemus;
2876 2412 2995 2452 cum
3024 2398 3408 2454 convincemus

1844 2486 1995 2541 illum
2040 2484 2334 2554 Scriptum
2389 2489 2691 2542 testimonia
2724 2501 2920 2557 prater
2947 2488 3182 2557 Spiritus
3216 2488 3409 2543 volun-

1845 2586 2011 2633 tatem
2037 2578 2281 2660 prot‘erre
2308 2579 2360 2632 in
2402 2579 2636 2634 medium
2676 2594 2691 2633 :
2723 2581 2817 2634 sed
2848 2596 2993 2636 nunc
3023 2581 3090 2636 ad
3123 2581 3288 2637 verba
3319 2596 3411 2637 co-

1848 2670 2104 2725 haerentia
2138 2669 2565 2741 progrediamur.
2613 2672 2752 2739 Quid
2785 2687 2915 2745 ergo
2940 2672 3042 2729 hoc
3070 2688 3269 2729 nomen
3303 2672 3410 2729 sibi

1845 2762 2015 2816 vult?
2078 2763 2457 2833 qua.tandem
2531 2762 2598 2817 de
2664 2778 2824 2819 causa
2892 2765 3152 2819 facturam
3231 2767 3409 2821 iacto-

1844 2868 1958 2908 rem
2010 2853 2251 2908 omnium
2302 2853 2572 2923 appellare
2625 2854 2974 2925 aggreditur?
3026 2855 3143 2925 Ipse
3203 2870 3264 2913 se
3324 2856 3411 2911 fu-

1845 2953 1963 2997 cata
1988 2944 2328 3000 cavillatione
2372 2944 2663 3016 decipiens,
2693 2947 3009 3004 substantias
3040 2950 3203 3004 etiam
3232 2948 3411 3004 diver-

1846 3034 2059 3089 sitatem
2133 3050 2237 3090 una
2305 3051 2427 3091 cum
2492 3040 2770 3095 nominum
2823 3040 3140 3095 discrimine
3196 3041 3407 3097 ostendi

1844 3125 2138 3183 existimat.

1917 3216 1972 3271 4.
2024 3215 2129 3272 Sed
2160 3220 2281 3288 quis
2317 3220 2513 3275 mentis
2551 3234 2770 3291 compos
2814 3221 2880 3275 ad
2913 3221 3053 3277 bane
3085 3221 3408 3277 sententiam

1848 3310 2159 3374 accesserit,
2198 3311 2343 3379 quod
2370 3326 2597 3381 quorum
2638 3314 2855 3369 nomina
2888 3323 3018 3369 sunt
3043 3314 3277 3380 diversa,
3314 3314 3412 3371 bo-

1850 3415 1967 3454 rum
2006 3400 2166 3455 etiam
2216 3402 2549 3458 substantias
2581 3405 2821 3460 diversas
2874 3420 2995 3460 esse
3030 3421 3249 3462 necesse
3291 3406 3412 3462 sit!

1849 3491 1993 3549 Petri
2031 3494 2172 3548 enim
2218 3504 2272 3549 et
2303 3494 2475 3561 Pauli,
2526 3505 2581 3550 et
2614 3496 2665 3551 in
2702 3512 2932 3564 summa,
2983 3497 3260 3553 hominum
3292 3513 3413 3555 om-

1849 3584 1995 3637 nium
2041 3585 2423 3654 appellationes
2472 3596 2599 3642 sunt
2648 3588 2863 3656 quidem
2904 3589 3129 3646 diversa)
3162 3609 3176 3646 :
3206 3592 3299 3646 sed
3330 3602 3416 3647 ta-

1849 3688 1968 3727 tuen
2023 3676 2267 3729 omnium
2324 3691 2426 3730 una
2474 3676 2773 3730 substantia
2810 3686 2911 3732 est.
2967 3676 3303 3749 Ouapmpter
3357 3678 3409 3733 in

1845 3764 2091 3834 plurimis
2124 3764 2283 3820 iidem
2315 3767 2452 3821 inter
2488 3782 2587 3822 nos
2622 3782 2833 3831 sumus,
2869 3776 2923 3820 et
2948 3766 3079 3822 solis
3109 3767 3411 3837 proprieta-

1846 3856 1987 3911 tibus
2021 3873 2142 3927 quze
2192 3858 2244 3911 in
2299 3874 2623 3928 unoquoque
2673 3858 3104 3923 considerantur,
3156 3860 3291 3913 alter
3338 3860 3409 3915 ab

1844 3948 2016 4002 altero
2068 3947 2390 4004 diﬂcrimus.
2426 3948 2577 4003 Unde
2610 3958 2666 4003 et
2710 3948 3097 4018 appellationes
3141 3966 3246 4004 non
3281 3950 3409 4005 sub-

1845 4042 2091 4101 stantias,
2126 4040 2219 4094 sed
2266 4040 2621 4110 proprietates
2661 4042 2853 4110 quibus
2898 4040 3125 4111 quisque
3159 4039 3409 4111 designa-

1846 4140 1955 4197 tur,
1993 4131 2320 4202 signiﬁcant.
2360 4134 2548 4203 Itaque
2592 4148 2715 4188 cum
2755 4132 3004 4187 audimus
3030 4129 3265 4194 Petrum,
3297 4148 3406 4188 non

1845 4225 1965 4293 ejus
1992 4225 2345 4279 substantiam
2375 4226 2481 4281 hoc
2509 4226 2723 4281 nomine
2757 4225 3102 4296 intelligimus
3136 4226 3409 4297 (substan-

1847 4318 1980 4371 tiam
2015 4326 2193 4372 sutem
2228 4334 2368 4374 nunc
2406 4319 2528 4373 dico
2576 4319 2852 4374 materiale
2892 4318 3213 4386 subjectum,
3264 4320 3406 4388 quod

1846 4425 2184 4479 nequaquam
2222 4426 2288 4465 eo
2320 4410 2535 4465 nomine
2565 4411 2943 4481 signiﬁcatur),
2978 4411 3071 4465 sed
3108 4411 3408 4479 proprieta-

164 4502 338 4573 μεθα.
370 4500 539 4562 Εὐθὺς
567 4499 673 4570 γὰρ
704 4500 766 4551 ὲκ
793 4497 895 4567 τῆς
939 4498 1119 4568 φωνῆς
1144 4498 1344 4570 ταύτης
1391 4498 1617 4570 νοοῦμεν
1651 4502 1740 4554 τὸν

1847 4510 1927 4557 tes
1976 4517 2095 4572 quae
2145 4503 2289 4557 circa
2331 4518 2453 4557 eum
2497 4504 2928 4565 considerantur,
2962 4504 3284 4573 cogitatione
3313 4504 3407 4559 dc-

156 4592 265 4646 τοῦ
310 4593 461 4644 Ἰωνᾶ
495 4590 627 4661 (18),
678 4590 769 4641 τὸν
818 4590 882 4641 ὲκ
923 4588 1023 4659 τῆς
1049 4588 1342 4661 Βηθσαῖδᾶ,
1392 4589 1481 4641 τὸν
1514 4590 1741 4660 ἀδελφὸν

240 4756 292 4787 ⁸³
314 4752 527 4813 Joan.t.
557 4752 613 4806 2.
690 4754 734 4783 “
766 4753 960 4824 Philip.
998 4770 1053 4819 ιι,
1095 4754 1148 4806 7.
1226 4754 1272 4787 ³⁸
1307 4753 1506 4824 Philip.
1540 4772 1623 4822 ιιι,
1659 4757 1753 4812 2i.

240 4892 358 4963 (12)
391 4890 479 4947 Sic
519 4890 720 4963 antiqui
767 4899 877 4963 tres
905 4892 1048 4963 libri.
1076 4890 1187 4946 Vox
1214 4893 1374 4947 αὐτόν
1412 4894 1463 4947 iu
1502 4895 1731 4953 vulgatis

158 4960 601 5035 desiderabatur.
654 4960 785 5035 Illud
808 4962 955 5035 quod
988 4978 1112 5035 mox
1157 4965 1419 5030 sequitur,
1451 4964 1732 5035 προδήλως

154 5031 602 5101 ἐπερειδόμενος,
643 5031 721 5083 sic
753 5033 819 5083 ad
847 5030 1065 5084 verbum
1103 5033 1446 5101 interpretari
1498 5030 1727 5102 "poteris,

158 5111 379 5173 tantum
422 5119 522 5155 non
554 5103 743 5173 palam?
790 5102 1111 5155 incumbens.
1150 5102 1262 5156 Hoc
1313 5114 1415 5166 est,
1461 5107 1732 5173 apostolus

156 5170 367 5224 Petrus
393 5186 484 5236 per
515 5184 697 5223 vocem
726 5172 861 5222 (tunc
896 5181 1103 5224 tantum
1137 5188 1241 5224 non
1289 5170 1731 5227 commo'nstravit

155 5240 556 5311 humanitatem
580 5239 778 5292 Christi
812 5240 1019 5311 Domini
1064 5260 1077 5295 :
1120 5250 1231 5304 aut,
1273 5244 1314 5297 si
1371 5245 1559 5305 mavis,
1597 5259 1729 5311 apo-

152 5309 346 5380 stolus
376 5308 563 5363 Petrus
596 5323 694 5380 per
718 5324 901 5363 vorent
928 5310 1064 5363 Imnc
1099 5323 1202 5363 tam
1232 5314 1513 5380 βαι-ςειίριιε
1548 5308 1730 5366 Imma-

154 5378 393 5431 nitatem
425 5380 625 5433 Christi
668 5378 877 5433 Domini
931 5378 1243 5447 indicavit,’
1280 5394 1337 5435 ut
1364 5378 1481 5435 eam
1517 5394 1721 5435 tantum

146 5463 275 5568 260:)
304 5449 474 5503 oculis
506 5447 771 5517 subjiciat.
806 5447 937 5519 Reg.
981 5452 1169 5505 tertius
1203 5452 1483 5523 προδήλως
1508 5454 1733 5524 ἀπερει-

224 5533 406 5568 μενος.

300 5534 406 5580 νος.

222 5533 520 5661 εἴῗὲἵςίίεε.
549 5588 739 5644 tertius
766 5588 1002 5661 ἀρχῆθεν
1032 5591 1264 5658 γένεσιν.
1306 5592 1413 5647 Alii
1444 5607 1573 5646 mss.
1608 5607 1728 5645 cum

145 5655 282 5728 edit
285 5657 339 5728 is
349 5656 621 5728 γέννησιν.

230 5724 349 5795 (14)
377 5724 529 5802 Illud,
559 5731 619 5781 οὐ
643 5732 762 5801 τήν,
789 5741 917 5797 etc.,
953 5732 1022 5785 ita
1051 5742 1287 5787 verterat
1308 5732 1724 5802 Trapezuntius,

1846 4594 2138 4665 pingimus.
2188 4593 2335 4648 Illico
2361 4594 2503 4648 enim
2549 4609 2645 4663 per
2676 4596 2814 4649 hanc
2839 4610 3025 4649 vocem
3058 4595 3407 4665 intelligimus

1832 4759 1877 4789 "
1908 4757 1948 4812 11
1979 4757 2103 4812 Cor.
2140 4773 2259 4823 xm,
2285 4758 2339 4812 ι.
2380 4759 2457 4789 ·¹⁷
2484 4757 2603 4812 Act.
2635 4774 2699 4822 ll,
2730 4758 2817 4814 56.

1837 4892 2186 4959 Trapezuntii
2252 4902 2543 4953 cmemlans
2594 4899 2948 4954 Combeiisius
2996 4899 3076 4953 sic
3135 4898 3400 4966 scripsit:

1836 4966 1975 5031 quod
1996 4977 2179 5018 nactus
2210 4979 2306 5031 est,
2356 4982 2410 5022 ut
2437 4980 2589 5029 esset.
2622 4970 3027 5025 subobscurius.
3076 4968 3155 5023 Ad
3178 4970 3402 5023 verbum

1837 5036 2121 5106 vertimus,
2167 5053 2269 5090 non
2298 5039 2485 5093 Latine
2510 5041 2747 5106 quidem,
2794 5042 2887 5096 sed
2917 5039 3150 5095 ﬁdeliter
3202 5051 3403 5103 tamen,

1837 5121 1939 5158 non
1972 5105 2085 5171 eius
2132 5109 2200 5158 ad
2231 5124 2351 5163 esse
2385 5105 2658 5163 transitum
2694 5122 2875 5165 narrat
2916 5125 2935 5162 :
2976 5113 3077 5166 hoc
3130 5119 3235 5175 est,
3286 5107 3401 5163 Nan

1838 5187 2018 5227 narrat
2046 5180 2314 5241 quomodo
2352 5182 2453 5232 huc
2477 5184 2801 5242 pervenerit,
2827 5194 2887 5234 ut
2920 5183 3012 5235 sit.

1907 5242 2016 5319 (15)
2052 5247 2177 5319 lieg.
2213 5262 2431 5315 quartus
2463 5253 2943 5319 συνεμφαίνεσθαι.

1906 5318 2015 5394 (16)
2050 5317 2185 5370 Editi
2212 5335 2336 5394 cum
2364 5320 2495 5387 Reg.
2525 5317 2713 5390 quinto
2764 5321 3012 5393 ἰδιώμασι
3056 5322 3237 5394 μόνον.
3294 5319 3401 5376 Alii

1837 5388 2232 5459 quiuqttennss.
2271 5390 2474 5459 μόνοις.

2057 5450 2244 5546 gods-tt
2271 5450 2445 5546 ’τιιηιιέ
2474 5458 2937 5546 ’ρταννγέρλᾼοξὶ
2982 5457 3166 5539 (2011).-
3186 5458 3397 5546 ebReg.

1836 5528 2024 5579 tertius
2057 5525 2221 5578 Ὅταν
2248 5524 2340 5581 οὖν
2380 5524 2847 5599 ἀκούωμενξῐσλὶιίιὶ
2873 5529 3040 5582 Ὅταν
3072 5529 3203 5596 γοῦν
3233 5524 3400 5585 ἀκού-

1835 5611 2180 5743 σοέμὲιςῖὲηιί
2228 5665 2452 5743 you???
2500 5668 2722 5743 Πέτρῳ),
2773 5668 2864 5721 τὸν
2910 5667 3007 5743 τοῦ
3054 5668 3226 5721 Ἰωνᾶ.
3253 5740 3260 5743 _
3287 5669 3398 5743 Y0!

1832 5736 2039 5806 Πέτρον
2066 5739 2214 5789 deest
2242 5739 2291 5788 in
2318 5736 2467 5792 C‘olb.
2499 5740 2551 5790 et
2578 5736 2629 5792 in
2661 5741 2789 5805 Reg.
2821 5741 2977 5793 tertio
2996 5758 3019 5805 ς
3051 5754 3151 5793 nec
3180 5740 3398 5794 dubium

146 5810 264 5847 non
288 5800 545 5865 quomodo
569 5815 676 5852 esse
700 5800 939 5867 reperit,
975 5814 1175 5856 narrat.
1218 5800 1723 5873 Interpretatinnem
1828 5800 2099 5873 est,'quin
2134 5807 2322 5861 melius
2353 5808 2510 5862 absit.
2541 5807 2683 5879 Lege
2715 5800 2985 5863 D'ucaettnt.

445 5892 708 5951 Ριιτιιοι..
744 5895 858 5953 (in.
888 5895 1125 5955 XXIX.

3008 5903 3082 5963 19
