4084 6318
167 403 268 459 581

1269 394 1630 450 ADVERSUS
1666 395 2031 450 EWOMIUM
2069 395 2197 450 LIB.
2239 397 2299 448 ll.

3265 386 3368 438 532

160 516 445 586 Μονογενῆ
472 516 729 587 λεγούσης
760 517 965 587 ποίημα
983 559 995 580 ,
1029 517 1127 572 οὑκ
1156 518 1222 572 ἂν
1253 515 1577 585 ἐκεκὼφωτο
1610 511 1720 588 (26)

1832 528 1930 584 quo
1959 514 2276 584 Unigenitus
2306 514 2516 571 factura
2547 513 2836 580 diceretur,
2870 527 3047 569 nonne
3072 510 3182 580 jam
3211 526 3364 568 aures

162 609 324 680 ήμῶν
349 607 446 680 ἤδη
469 610 536 664 τὰ
559 604 675 663 ὦτα
703 608 1218 682 περιθρυλλοὺμενα.
1265 604 1400 662 Εἶτά
1435 624 1603 680 φησι,
1632 606 1722 662 διὰ

161 701 292 762 τοὺς
337 701 646 772 σωματικὴν
700 700 796 770 τὴν
829 701 1077 772 γέννησιν
1117 698 1591 770 ὑπολαμϐάνοντας
1627 696 1721 752 τοῦ

162 790 392 860 Κυρίου,
429 793 520 843 καὶ
564 793 680 853 ταῖς
713 793 1046 862 όμωνυμίαις
1087 789 1512 860 προσπαίοντας,
1558 791 1722 858 ἀναγ-

164 878 320 929 καῖον
359 875 504 946 αὑτῷ
540 877 632 928 καὶ
666 879 791 948 περὶ
843 879 1043 933 τούτων
1079 875 1331 931 εἶναιδιά
1369 877 1612 950 βραχέων
1648 881 1723 930 εἰ·

165 973 308 1023 πεῖν.
340 969 528 1022 Καίτοι
567 969 618 1022 τί
649 971 870 1036 ἐκώλυε,
903 975 1019 1034 ταῖς
1064 973 1128 1024 ἐκ
1159 969 1267 1023 τῶν
1305 971 1535 1042 Γραφῶν
1583 987 1723 1042 μαρ-

161 1063 378 1129 τλρίαις
403 1059 493 1112 τὸν
517 1059 668 1128 λόγον
701 1062 890 1116 ἑαυτοῦ
934 1062 1343 1130 πιστωσάμενον
1369 1100 1383 1128 ,
1415 1063 1582 1126 οὕτως
1633 1062 1724 1114 ἐπὶ

161 1154 266 1222 τὴν
295 1150 569 1222 διόρθωσιν
607 1155 714 1208 τῶν
758 1153 1155 1224 ἀσθενεστέρων
1186 1153 1379 1220 ἐλθεῖν,
1411 1155 1505 1207 καὶ
1534 1154 1631 1223 τὴν
1661 1154 1724 1204 ἐκ

161 1245 267 1312 τῆς
302 1244 612 1314 ὁμωνυμίας
645 1243 846 1314 βλάϐην
885 1245 1398 1316 παραμυθήσασθαι,
1440 1242 1493 1294 εἴ
1512 1259 1593 1304 τις
1619 1240 1724 1312 ἄρα

163 1331 359 1399 γέγονέ
388 1335 513 1386 ποτὲ
539 1351 676 1386 τισιν
716 1333 748 1401 ἢ
784 1336 1101 1401 γενήσεται;
1133 1335 1228 1397 Τίς
1261 1333 1369 1403 γὰρ
1408 1330 1548 1383 οὑτω
1586 1348 1720 1384 παν-

163 1421 336 1485 τελῶς
376 1424 624 1495 σάρκινος
668 1422 778 1491 (27)
810 1423 906 1496 τὴν
934 1424 1168 1478 διάνοιαν
1189 1463 1203 1486 ,
1232 1423 1325 1475 καὶ
1358 1421 1514 1475 θείων
1554 1421 1724 1489 λόγων

162 1515 407 1587 ἄπειρος,
443 1516 602 1577 ὥστε,
647 1515 854 1569 ἁκούων
901 1517 1048 1579 θείας
1095 1517 1425 1585 γεννήσεως,
1459 1514 1594 1584 πρὸς
1627 1513 1725 1576 τὰς

163 1609 482 1677 σωματικὰς
531 1609 927 1681 καταφέρεσθαι
984 1608 1302 1676 φαντασίας,
1347 1608 1405 1659 ἐν
1449 1600 1536 1668 αἷς
1592 1622 1726 1675 συμ-

163 1699 340 1767 πλοκὴ
375 1697 474 1767 μὲν
496 1699 882 1770 ἄρρενοςιπρὸς
929 1698 988 1750 τὸ
1035 1697 1188 1768 θῆλυ,
1222 1698 1414 1767 κύησις
1441 1696 1496 1750 δέ
1531 1699 1588 1750 ἐν
1622 1696 1726 1769 μή·

161 1806 308 1859 τρᾳ,
336 1789 426 1841 καὶ
456 1789 755 1853 διάπλασις,
802 1790 895 1842 καὶ
937 1789 1244 1860 μόρφωσις,
1302 1790 1393 1842 καὶ
1432 1791 1544 1853 τοῖς
1591 1788 1725 1843 καθ-

1823 612 2022 657 nostra:
2060 603 2144 659 bis
2175 606 2502 662 clamoribus
2551 605 3013 659 circumsonantes
3053 603 3366 659 obsurduis-

1821 695 1980 749 sent?
2015 695 2216 749 Deinde
2258 699 2332 750 ait
2371 711 2594 754 necesse
2625 695 2726 750 sibi
2767 710 2888 750 esse
2917 704 3136 766 propter
3157 709 3252 751 eos
3277 694 3368 767 qui

1822 799 2136 852 corpoream
2192 784 2403 838 Domini
2469 786 2868 857 generationem
2935 786 3267 855 intelligunt,
3318 795 3367 839 et

1823 875 2017 944 quibus
2048 890 2208 930 voces
2233 875 2491 945 ambiguae
2519 889 2643 934 sunt
2670 876 2974 937 offensioni,
3007 877 3072 928 de
3099 875 3184 929 bis
3210 875 3370 928 etiam

1823 967 2061 1022 breviter
2075 967 2272 1022 dicere.
2295 966 2399 1022 Sed
2429 968 2557 1037 quid
2584 973 2813 1035 vetabat,
2835 969 3044 1024 firmata
3078 967 3375 1036 Scriptura

1825 1058 2143 1112 testimoniis
2167 1059 2413 1113 oratione
2450 1073 2566 1124 sua,
2612 1060 2680 1111 ita
2714 1064 2925 1114 demum
2957 1062 3023 1115 ad
3053 1059 3374 1114 debiliorum

1821 1153 2248 1206 emendationem
2280 1152 2560 1214 accedere,
2595 1161 2756 1220 atque
2789 1164 2962 1208 ortam
3004 1169 3070 1209 ex
3108 1151 3376 1222 ambiguis

1824 1243 2040 1296 vocibus
2065 1242 2354 1311 perniciem
2395 1243 2655 1304 emollire,
2691 1242 2736 1296 si
2777 1257 2885 1312 qua
2928 1252 3101 1298 tamen
3140 1256 3376 1313 unquam

1824 1333 1914 1386 ulli
1946 1335 2138 1389 accidit
2168 1343 2257 1387 aut
2286 1334 2488 1388 accidet
2509 1334 2531 1387 ?
2552 1334 2680 1399 Quis
2708 1335 2848 1388 enim
2873 1334 2950 1388 sic
2974 1336 3189 1390 omnino
3222 1349 3375 1391 men-

1827 1435 1875 1476 to
1902 1425 2135 1478 carnalis
2161 1434 2262 1486 est.
2294 1434 2348 1478 et
2393 1425 2464 1477 ita
2497 1423 2797 1477 divinarum
2842 1423 3241 1492 Scripturarum
3289 1440 3377 1478 ru-

1825 1518 1925 1574 dis.
1984 1523 2061 1581 ut,
2099 1515 2279 1569 divina
2321 1517 2665 1586 generatione
2710 1516 2919 1581 audita,
2971 1515 3035 1569 ad
3087 1529 3384 1582 corporeae

1826 1607 2084 1676 imagines
2115 1605 2410 1672 deferatur,
2443 1609 2494 1661 iu
2524 1607 2719 1677 quibus
2749 1620 3072 1674 congressus
3101 1606 3173 1660 sit
3195 1605 3293 1658 viri
3325 1614 3382 1659 es

1826 1700 2090 1763 mulieris,
2124 1701 2406 1768 conceptio
2446 1702 2498 1754 in
2528 1711 2701 1766 utero,
2735 1698 3110 1764 conformatio,
3142 1697 3386 1768 coullguc

1828 1794 1989 1857 ratio,
2020 1807 2085 1847 ac
2115 1791 2310 1846 debitis
2359 1794 2690 1861 temporibus
2721 1806 3034 1862 progressus
3073 1791 3125 1845 in
3168 1788 3384 1843 lucem?

162 1883 358 1966 ήκουσι
400 1883 604 1954 χρόνοις
657 1882 876 1952 πρόοδος
922 1884 1000 1945 είς
1023 1882 1081 1935 τὸ
1109 1881 1211 1946 ἔξω
1251 1882 1396 1953 (28);
1449 1882 1544 1943 Τίς
1591 1880 1728 1934 οὕτω

1833 1885 1964 1951 Quis
2006 1885 2140 1940 adeo
2170 1883 2455 1949 belluinus,
2479 1894 2561 1949 ut,
2591 1884 2714 1940 dum
2759 1886 2906 1938 audit
2948 1884 3112 1939 Deum
3147 1880 3380 1937 Verbum

163 1972 464 2045 κτηνὼδης,
485 1975 644 2039 ὥστε,
672 1974 881 2027 ἁκούων
913 1974 1044 2029 Θεὸν
1068 1976 1238 2044 Λόγον
1273 1977 1335 2028 ἐκ
1377 1974 1507 2027 Θεοῦ
1537 1973 1731 2045 προελ-

164 2062 348 2129 θόντα,
390 2066 598 2119 ἀκούων
632 2064 686 2118 δὲ
713 2067 899 2135 σοφίαν
928 2069 991 2120 ἐκ
1018 2066 1151 2120 Θεοῦ
1191 2067 1559 2136 γεννηθεῖσαν,
1595 2065 1730 2135 πρὸς

160 2155 237 2208 τὰ
265 2155 508 2224 σώματος
538 2155 682 2227 πάθη
709 2160 820 2220 τοῖς
849 2157 1123 2226 λογισμοῖς
1149 2156 1538 2218 καταπίπτειν;

237 2244 291 2297 6.
339 2245 494 2299 Ἀλλὰ
531 2248 806 2299 καὶτοῦτο
838 2247 976 2316 μετά
1002 2246 1110 2299 τῶν
1152 2245 1326 2298 ἄλλων
1379 2245 1730 2316 εὐπρόσωπον

163 2337 317 2408 αὑτῷ
353 2340 533 2408 τλῆμα
581 2339 687 2390 τῶν
725 2338 896 2406 λόγων
947 2338 1285 2408 ἐπινενόηται
1308 2377 1321 2401 ,
1368 2337 1443 2400 ὡς
1473 2337 1570 2406 τῆς
1597 2337 1733 2408 πρὸς

161 2428 294 2490 τοὺς
346 2429 637 2491 ἀσυνέτους
667 2428 772 2481 τῶν
817 2429 1056 2497 ἀδελφῶν
1097 2429 1496 2499 εὐσπλαγχνίας
1546 2429 1730 2481 ἕνεκεν

161 2520 261 2571 τὸν
291 2520 455 2573 κόπον
492 2521 590 2592 τῆς
618 2521 728 2592 (9.9)
754 2523 1100 2585 διδασκαλίας
1128 2523 1300 2575 δοκεῖν
1321 2521 1726 2592 καταδέχεσθαι.

161 2611 281 2663 Καὶ
313 2612 412 2676 τὰς
460 2613 558 2684 μὲν
601 2615 712 2684 (50)
753 2615 1064 2683 σωματικὰς
1107 2614 1388 2678 ὑπονοίας,
1425 2616 1522 2677 τὰς
1549 2615 1638 2666 ἐπὶ
1662 2617 1728 2684 τῇ

164 2705 508 2774 προσηγορίᾳ
536 2704 707 2776 ταύτῃ
729 2703 1101 2773 ἐγγινομένας,
1122 2704 1513 2774 ἐπανορθοῦται
1535 2704 1690 2774 δῆθεν
1713 2722 1726 2734 ο

158 2793 266 2856 τὰς
295 2795 350 2846 δὲ
375 2797 437 2848 ἐκ
463 2794 555 2848 τοῦ
587 2795 792 2866 ποίημα
819 2795 912 2848 τὸν
948 2794 1149 2865 Κύριον
1195 2795 1554 2865 ὀνομάζεσθαι
1601 2794 1728 2863 βλά-

161 2883 268 2946 ϐας
295 2885 353 2936 οὑ
381 2889 740 2956 παραιτεῖται.
780 2888 968 2940 Καίτοι
997 2889 1024 2940 ὅ
1055 2903 1117 2954 γε
1149 2887 1257 2958 (51)
1298 2888 1613 2958 σωματικὴν
1650 2883 1729 2940 εἶ-

160 2993 254 3026 ναι
286 2977 384 3043 τὴν
412 2979 660 3047 γέννησιν
695 2979 1106 3048 φανταζόμενος,
1147 2981 1174 3032 ὁ
1213 2980 1375 3042 αὑτὸς
1421 2981 1485 3032 ἂν
1515 2980 1608 3034 καὶ¹
1639 2980 1730 3033 ἐπὶ

158 3068 290 3128 τοὺς
321 3067 535 3129 ὑλικοὺς
563 3070 660 3138 τῆς
704 3070 966 3138 ποιήσεως
1000 3072 1232 3140 τρόπους
1280 3071 1626 3142 ὑπενεχθείη.
1653 3073 1726 3125 Οὑ

157 3158 276 3227 γὰρ
297 3158 466 3228 δήπου
495 3159 755 3229 μερισμὸν
785 3160 882 3229 μέν
903 3178 1022 3213 τινα
1042 3163 1136 3214 κα)¹
1168 3163 1494 3232 μετάστασιν
1517 3163 1608 3214 καὶ¹
1637 3163 1729 3232 ῥύ-

162 3266 253 3304 σιν
285 3251 383 3321 τῆς
417 3251 507 3303 τοῦ
539 3250 830 3319 γεννῶντος
855 3254 1039 3315 οὐσίας
1076 3253 1184 3323 (32)
1213 3256 1274 3305 ἐκ
1301 3255 1399 3322 τῆς
1434 3254 1613 3322 φωνῆς
1638 3252 1729 3304 τοῦ

159 3344 363 3412 γεννᾷν
400 3345 427 3394 ό
466 3342 694 3414 ἀσθενὴς
730 3345 968 3415 ἐννοήσει
991 3360 1004 3374 ο
1042 3344 1172 3415 ὓλην
1212 3345 1266 3396 δὲ
1314 3343 1507 3407 ἔξωθεν
1548 3346 1611 3396 ἐκ
1639 3343 1732 3394 τοῦ

162 3434 246 3504 μὴ
275 3433 426 3494 ὑντος
457 3434 847 3507 είσενεχθεῖσαν
879 3440 959 3499 εὶς
982 3436 1100 3506 τὴν,
1133 3436 1207 3499 ὡς
1247 3438 1404 3506 ὑμεῖς
1438 3453 1603 3504 φατε,
1636 3434 1731 3486 τοῦ

159 3527 472 3595 ποιήματος
513 3528 825 3593 ὑπόστασιν,
868 3529 1264 3600 ὑπολαμϐάνειν
1304 3530 1403 3582 οὑκ
1441 3528 1734 3598 ἐναχθήσε-

155 3630 276 3669 ται.
328 3615 482 3678 Τίνος
522 3612 614 3669 οὖν
667 3617 848 3669 ἕνεκεν
887 3617 952 3670 τὰ
992 3620 1396 3690 ἀρρωστήματα
1451 3618 1556 3670 τῶν
1585 3617 1730 3684 λογι-

160 3705 324 3775 σμῶν
359 3706 467 3759 τῶν
500 3706 738 3775 ἀδελφῶν
770 3706 827 3772 ἐξ
862 3707 1113 3777 ἡμισείας
1155 3711 1315 3771 ἰᾶται,
1352 3710 1445 3762 καὶ
1475 3710 1580 3761 τῶν
1621 3725 1726 3761 σω-

161 3793 407 3864 ματικὴν
448 3795 544 3865 τὴν
584 3795 833 3864 γέννησιν
864 3794 973 3866 (55)
1009 3797 1494 3866 ὑπολαμϐανόντων
1537 3800 1703 3868 ἐπιμε

155 3881 446 3952 λούμενος,
481 3885 604 3946 τοὺς
650 3886 714 3954 τῇ
760 3884 1097 3955 προσηγορίᾳ
1127 3885 1219 3937 τοῦ
1252 3885 1549 3954 ποιήματος
1577 3902 1730 3953 περι-

157 3973 460 4036 πταίοντας
488 3977 733 4045 παρορᾷς
763 3976 880 4028 Ὅτι
913 3975 974 4028 τὸ
1016 3976 1112 4046 μὲν
1154 3974 1544 4044 γεγεννῆσθαι
1578 3975 1732 4027 πολέ-

161 4082 295 4136 μιον
324 4060 430 4118 οἶδε
456 4070 562 4128 τοῖς
593 4067 852 4137 δόγμασιν
883 4065 1096 4133 ἑαυτοῦ,
1133 4067 1224 4119 τοῦ
1271 4066 1620 4136 γεννηθέντος
1658 4067 1733 4118 οί-

158 4156 334 4218 κείως
376 4157 516 4227 ἔχειν
549 4159 850 4226 ὀφείλοντος
896 4160 1110 4222 πάντως
1166 4160 1257 4211 καὶ
1303 4160 1732 4231 ἀπαραλλάκτως

160 4245 308 4315 πρὸς
341 4245 430 4297 τὸν
471 4248 836 4317 γεννήσαντα·
868 4247 928 4299 τὸ
965 4248 1022 4300 δὲ
1062 4247 1421 4315 πεποιῆσθαι
1457 4249 1606 4316 φίλον
1641 4250 1733 4301 καὶ

164 4337 457 4408 σύμμαχον
474 4341 590 4401 ταῖς
609 4338 797 4392 ἑαυτοῦ
820 4338 1125 4404 ὑποθέσεσι,
1143 4339 1228 4392 διὰ
1247 4339 1306 4392 τὸ
1319 4339 1595 4410 ἀλλοτρίου
1620 4339 1730 4411 (54)

1831 1995 1895 2030 ex
1952 1981 2058 2031 Deo
2099 1979 2384 2046 prodiisse,
2429 1985 2590 2044 atque
2635 1992 2702 2030 ex
2743 1977 2850 2031 Deo
2878 1976 3108 2045 genitam
3147 1989 3269 2029 esse
3297 1988 3384 2027 sa-

1832 2070 2108 2133 pientium,
2151 2070 2218 2121 ad
2256 2081 2548 2135 corporeos
2596 2065 2821 2122 affectus
2867 2065 3193 2136 cogitatione
3227 2063 3381 2118 dela-

1831 2158 2034 2210 bztlttl‘?

1901 2249 1954 2301 6.
1994 2247 2099 2303 Sed
2145 2249 2256 2303 haec
2302 2264 2515 2321 quoque
2565 2249 2806 2320 speciosa
2863 2249 3144 2304 verborum
3209 2244 3384 2301 forma

1831 2341 1994 2410 242
2024 2354 2126 2392 una
2159 2355 2280 2392 cum
2311 2340 2438 2395 aliis
2460 2342 2510 2394 ei
2541 2341 2840 2411 excogitata
2871 2351 2972 2402 est,
2995 2349 3074 2403 ut,
3107 2338 3175 2392 ob
3197 2351 3387 2406 quan:-

1832 2432 1956 2484 dam
2014 2444 2138 2498 erga
2191 2430 2466 2497 imperitos
2509 2431 2702 2485 fratres
2733 2431 3269 2492 commiserationem,
3304 2426 3387 2478 la—

1831 2521 2098 2576 boriosam
2148 2520 2286 2574 hanc
2337 2521 2559 2575 docendi
2611 2522 2943 2590 provinciam
2975 2519 3273 2587 suscepisse
3303 2519 3385 2570 vi-

1831 2613 2040 2667 deatur.
2083 2611 2151 2666 Et
2202 2627 2491 2681 corporeus
2542 2614 2752 2682 quidem
2793 2612 3124 2681 suspiciones
3155 2625 3274 2680 qua:
3318 2625 3387 2663 ex

1830 2705 1933 2762 bac
1959 2705 2321 2774 appellatione
2361 2705 2704 2763 oboriuntur.
2747 2705 2966 2774 corrigit
2998 2703 3211 2758 scilicet
3242 2721 3256 2757 :
3291 2701 3385 2758 sed

1833 2799 2150 2853 detrimenta
2177 2813 2264 2862 ea,
2305 2813 2424 2867 quae
2447 2799 2518 2853 ob
2539 2796 2766 2852 factura:
2805 2812 2999 2851 nomen
3036 2796 3264 2850 Domino
3287 2794 3389 2848 int-

1832 2888 2064 2955 positum
2101 2897 2418 2953 nascuntur,
2449 2902 2782 2956 nequaquam
2815 2888 3001 2941 evitat.
3031 2887 3096 2940 Et
3131 2901 3258 2941 vero
3289 2901 3386 2954 ge-

1833 2979 2165 3032 nerationem
2213 2994 2526 3047 corpoream
2559 2994 2678 3033 esse
2705 2981 2798 3046 qui
2825 2981 3003 3032 animo
3038 2979 3210 3046 tingit,
3249 2978 3387 3031 idem

1833 3074 2020 3140 utique
2048 3069 2112 3123 ad
2149 3069 2457 3122 materiales
2476 3070 2638 3123 etiam
2676 3069 2930 3123 factionis
2976 3070 3164 3124 modos
3198 3067 3388 3124 deduci

1833 3164 2045 3233 poterit.
2083 3151 2194 3218 Nec
2234 3162 2380 3216 enim
2413 3161 2755 3232 partitionem
2794 3163 3098 3230 quampiam
3126 3172 3181 3216 et
3211 3171 3386 3216 trans-

1836 3257 1965 3308 itum
2005 3265 2095 3307 aut
2121 3253 2343 3320 ﬂuxum,
2378 3254 2468 3322 qui
2499 3269 2561 3307 ex
2595 3253 2900 3322 generantis
2935 3252 3230 3307 substantia
3270 3251 3386 3315 ﬁat,

1837 3345 1905 3409 is,
1934 3345 2024 3413 qui
2054 3345 2339 3400 imbecillis
2364 3349 2467 3407 est,
2502 3360 2566 3398 ex
2601 3345 2892 3413 generandi
2930 3358 3062 3398 voce
3097 3343 3388 3413 intelliget;

1835 3435 2116 3488 materiam
2147 3451 2276 3488 vero
2307 3449 2424 3500 quae
2459 3434 2797 3488 euriusecus
2823 3448 2888 3487 ex
2922 3433 3089 3489 nihilo
3116 3434 3183 3487 ad
3218 3434 3395 3489 factu-

1835 3541 1929 3591 ται,
1969 3535 2025 3579 ιιι
2048 3541 2144 3578 vos
2179 3526 2376 3589 dicitis,
2422 3526 2851 3579 constituendam
2895 3524 3246 3578 substantiam
3292 3524 3389 3577 ad-

1835 3624 1984 3668 vecta
2031 3615 2120 3679 sit,
2155 3631 2258 3668 non
2293 3615 2590 3669 adducetur
2618 3623 2675 3666 ut
2724 3615 2904 3666 animo
2953 3613 3239 3681 concipiat.
3282 3612 3393 3667 Cur

1836 3707 1999 3775 igitur
2036 3707 2424 3774 cogitationum
2468 3704 2805 3773 aegritudini,
2850 3719 2956 3772 qua
3008 3702 3205 3758 fratres
3246 3703 3394 3757 labo-

1835 3808 1973 3858 rant.
2006 3800 2177 3852 media
2205 3813 2270 3852 ex
2303 3809 2453 3866 parte
2483 3799 2746 3862 medetur,
2773 3807 2828 3851 et
2850 3813 3034 3852 eorum
3073 3799 3162 3865 qui
3203 3811 3396 3865 corpo-

1836 3903 1982 3941 ream
2018 3890 2418 3957 generationem
2472 3889 2798 3956 iulelligunt,
2834 3898 3083 3956 suscepta
3121 3904 3272 3951 cura,
3300 3901 3393 3941 eos

1836 3980 2030 4047 quibus
2064 3981 2288 4033 faeturze
2347 3979 2635 4046 appellatio
2669 3979 2958 4034 offensioni
2992 3988 3094 4044 est,
3142 3978 3393 4049 negligit?

1838 4069 2101 4133 Quoniam
2146 4073 2244 4122 hoc
2284 4070 2520 4138 quidem,
2546 4071 2770 4138 genitum
2798 4089 2927 4132 esse,
2957 4073 3068 4125 suis
3104 4072 3270 4140 ipsius
3290 4071 3391 4125 de»

1839 4159 2104 4228 gmatibus
2134 4159 2459 4213 contrarium
2491 4161 2660 4226 novit,
2687 4177 2812 4215 cum
2851 4163 3064 4230 genitus
3091 4176 3210 4215 cum
3234 4161 3391 4230 geni-

1841 4261 1956 4304 tore
1987 4251 2271 4319 conjumte
2293 4251 2512 4305 onmino
2539 4267 2602 4305 ac
2631 4251 2766 4305 citra
2792 4253 3157 4306 diversitatem
3191 4252 3394 4305 habere

1840 4355 1898 4395 se
1915 4340 2139 4406 debeat;
2159 4340 2284 4394 illud
2304 4353 2450 4404 vero,
2468 4340 2667 4408 factum
2687 4356 2818 4404 esse,
2837 4355 3010 4395 causa:
3031 4354 3143 4393 sure
3158 4338 3390 4393 amicum

237 4540 352 4615 (26)
378 4541 600 4596 Codices
637 4550 750 4615 tres
794 4540 1026 4611 ποίημα,
1086 4540 1190 4592 κᾶν
1241 4539 1582 4615 ἐκεκὼφωοτο,
1613 4542 1728 4615 sine

1838 4543 2002 4615 ﬁngat
2032 4555 2124 4598 aut
2162 4545 2531 4615 partitionem,
2565 4550 2656 4615 att_t
2699 4540 3003 4615 transitum,
3037 4553 3128 4615 aut
3156 4544 3390 4612 aliquem

163 4623 299 4665 nota
342 4612 791 4682 interrogationis,
833 4615 989 4664 etiam
1019 4627 1171 4663 aures
1212 4620 1401 4664 ηοεινιε
1428 4612 1733 4665 obsurduis-

160 4694 308 4736 aenl.

247 4752 362 4818 (i7)
394 4752 606 4819 Legitur
633 4750 682 4802 in
708 4752 948 4822 margine
977 4750 1125 4819 Regii
1157 4751 1332 4817 quarti
1365 4752 1647 4822 σαρκικός.

245 4825 363 4890 128)
406 4822 539 4874 Εύὶιὶ
592 4822 670 4882 είς
714 4821 780 4873 τὰ
832 4821 954 4884 ἔξω.
999 4823 1069 4872 At
1114 4835 1244 4872 mss.
1277 4821 1505 4886 quatuor
1554 4827 1636 4886 εις
1675 4823 1735 4876 τὸ

159 4893 300 4948 ἔξω.

197 4930 359 5026 ’ἴ-ὶθ)
387 4958 559 5012 Codex
590 4973 723 5030 unus
753 4959 844 5012 τὸν
885 4959 1082 5013 σκοπὸν
1106 4959 1223 5030 τῆς,
1266 4962 1586 5028 propositum
1621 4979 1739 5015 con-

162 5033 452 5094 silmmque
482 5029 718 5081 docendi.

244 5099 360 5166 (50)
391 5099 539 5159 Illud,
564 5098 659 5151 καὶ
692 5098 795 5165 τὰς
812 5100 948 5168 μὲν,
987 5111 1114 5166 etc.,
1148 5101 1345 5154 dictum
1387 5109 1471 5154 est
1501 5115 1596 5169 per
1623 5099 1733 5154 iro-

168 5171 345 5229 niam,
393 5169 492 5220 bac
528 5173 790 5223 sententia
824 5188 836 5222 :
871 5172 1033 5236 Quasi
1064 5186 1193 5224 vero
1232 5170 1525 5224 Eunomius
1560 5171 1729 5236 timet,

168 5256 264 5302 ne,
301 5238 659 5305 generationis
703 5241 887 5292 audito
936 5241 1168 5302 nomine,
1227 5241 1472 5307 corporei
1529 5241 1730 5308 aliquid

165 5309 583 5374 eXCOgitetnIts;
615 5323 711 5362 nec
763 5319 936 5364 tamen
970 5322 1183 5363 veretur
1231 5310 1422 5362 Filium
1470 5310 1734 5376 facturum

168 5379 475 5431 nominare.
509 5376 722 5431 Scilicet
762 5379 892 5433 Filio
922 5380 1171 5433 convenit
1208 5381 1376 5449 magis
1419 5395 1612 5432 nomen
1653 5378 1733 5429 fa-

165 5461 368 5507 cturze,
397 5461 552 5514 quant
577 5452 953 5513 generationis.

249 5518 361 5586 (5|)
394 5520 482 5568 Sic
511 5532 640 5586 m_ss.
685 5517 923 5585 plerique
967 5533 1173 5574 omnes.
1226 5518 1365 5572 Editi
1396 5516 1654 5584 Καίτοιγε
1682 5518 1734 5568 ό.

167 5579 299 5690 Mn}
347 5579 476 5639 editi
516 5579 772 5649 οὑτοςᾶν
810 5579 920 5640 κάί.
978 5593 1044 5642 At
1087 5592 1191 5642 duo
1231 5604 1358 5642 mss.
1400 5590 1428 5639 ὁ
1467 5579 1630 5648 αὑτός
1671 5586 1736 5638 ἂν

169 5675 293 5709 και.

251 5727 362 5796 (52)
397 5726 509 5779 lloc
540 5725 666 5780 diett
698 5727 924 5780 Basilius
950 5747 960 5780 :
989 5727 1209 5795 Siquis,
1243 5726 1606 5789 generationis
1637 5742 1735 5778 au-

175 5797 291 5850 4³ιο
316 5800 554 5859 nomine,
587 5799 653 5850 ob
692 5797 887 5864 ingenii
939 5798 1359 5852 imbecillitatem
1400 5800 1504 5852 sibi
1552 5799 1735 5848 animo

1838 4612 2244 4684 cx'generantis
2273 4614 2569 4667 substantia
2611 4612 2837 4684 ﬂuxum,
2871 4613 2935 4676 is,
2961 4614 3050 4665 ubi
3089 4631 3279 4670 nomen
3307 4615 3390 4666 fa-

1837 4683 2001 4737 cturae
2052 4685 2299 4746 audierit,
2345 4684 2513 4734 multo
2539 4683 2706 4750 magis
2753 4685 3075 4751 excogitabit
3109 4686 3390 4737 materiam

1838 4754 2070 4821 aliquam
2105 4769 2169 4806 ex
2200 4751 2369 4804 nihilo
2401 4761 2682 4818 sumptam,
2714 4766 2778 4804 ex
2806 4768 2907 4820 qua
2934 4755 3198 4806 constabit
3222 4754 3392 4806 factu-

1838 4839 1917 4875 ra.
1947 4822 2054 4875 Vos
2091 4823 2273 4891 igitur,
2311 4821 2399 4889 qui
2433 4823 2497 4874 de
2533 4821 2667 4873 Filio
2698 4821 2973 4889 loquentes
3011 4837 3141 4875 voce
3175 4823 3395 4874 factum

1839 4895 2071 4957 uti-mini,
2101 4909 2198 4945 nec
2243 4903 2415 4944 tamen
2451 4891 2811 4958 generationis
2847 4893 3064 4944 nomine
3099 4892 3176 4943 uti
3209 4893 3392 4952 Vultis,

1839 4963 2031 5015 minori
2090 4966 2229 5014 malo
2272 4962 2552 5014 medemini
2593 4977 2798 5025 eorum,
2836 4961 2925 5028 qui
2959 4977 3270 5027 corpoream
3304 4977 3395 5027 ge-

1841 5034 2172 5085 nerationem
2206 5031 2537 5084 comminisci
2579 5041 2801 5097 possunt
2835 5048 2848 5083 :
2899 5031 2990 5082 sed
3031 5031 3182 5082 vobis
3213 5033 3388 5082 studio

1839 5117 1945 5155 non
1979 5111 2080 5163 est,
2140 5101 2308 5168 majus
2339 5101 2530 5151 malum
2562 5115 2753 5153 curare
2793 5115 3003 5159 eorum,
3032 5101 3118 5165 qui
3141 5100 3240 5152 sibi
3269 5116 3390 5166 per-

1837 5173 2060 5224 suadere
2107 5179 2347 5240 possunl,
2389 5171 2746 5225 substantiam
2797 5169 2915 5222 Filii
2943 5184 3007 5221 ex
3041 5170 3204 5222 nihilo
3248 5184 3392 5222 sunt-

1836 5251 1979 5310 ptam
2008 5256 2146 5294 esse.

1909 5310 2016 5378 (55)
2049 5311 2178 5379 Reg.
2223 5309 2410 5362 tertius
2462 5309 2560 5380 τὴν
2612 5310 2841 5377 γένεσιν.
2875 5309 2973 5363 Alii
3007 5324 3098 5363 sex
3129 5307 3394 5380 mss._c"qv

1839 5377 2104 5450 γέννησιν.
2136 5377 2278 5434 idem
2324 5381 2492 5432 codex
2518 5377 3019 5450 ’ὑπολαμϐανόντων
3065 5377 3396 5451 προνοούμε-

1838 5466 1947 5511 νος.

1910 5518 2019 5588 (34)
2050 5519 2160 5592 llla,
2191 5519 2276 5592 διὰ
2326 5521 2387 5573 τὸ
2427 5520 2727 5592 ἀλλοτρίου,
2775 5533 2904 5583 etc.,
2955 5522 3092 5573 dicta
3126 5519 3394 5592 suntbne

1839 5603 1999 5642 sensu
2034 5607 2046 5641 :
2076 5590 2196 5642 Ideo
2225 5591 2513 5644 Eunomius
2541 5590 2766 5645 libenter
2789 5607 2916 5644 voce
2947 5592 3169 5644 factum
3201 5590 3390 5651 utitur,

1839 5659 1982 5723 quod
2038 5676 2147 5730 sua:
2201 5663 2438 5726 opinioni
2501 5662 2670 5713 faveat
2711 5662 3200 5730 patrocineturque.
3259 5659 3391 5712 Nam

1838 5730 2014 5798 natiuis
2045 5729 2249 5780 fat-tura
2293 5731 2528 5783 alienum
2562 5729 2812 5798 quiddam
2851 5743 2932 5783 est
2961 5741 3016 5783 et
3054 5730 3392 5797 peregrinum

1842 5797 2144 5860 afacieute,
2181 5816 2278 5853 nec
2340 5797 2652 5870 intelligitur
2693 5803 2988 5856 naturalem
3041 5801 3238 5854 habere
3272 5819 3392 5855 cuin
