4058 6320
706 375 810 430 585

2040 381 2094 429 δ.
2138 379 2379 430 υΑδιιλιι
2425 380 2634 433 MAGM

3828 399 3922 453 58l

708 505 775 544 ac
806 489 1182 544 subsidiarium
1216 489 1451 557 agnovit,
1486 489 1626 557 quod
1671 489 1719 541 id
1756 487 1914 542 alieni
1958 489 2253 559 peregrini-

2363 495 2447 547 καὶ
2474 493 2622 558 ξένου
2643 538 2657 561 ,
2689 495 2782 550 καὶ
2812 498 2982 569 πάντη
3014 500 3276 557 ἀνοικείου
3323 504 3455 577 πρὸς
3489 506 3576 557 τὸν
3619 514 3919 584 ποιήσαντι

703 595 829 649 que,
858 588 911 634 et
948 579 1144 632 nullam
1184 578 1407 632 omnino
1431 593 1555 632 cum
1582 578 1786 633 factore
1825 583 2257 651 conjunCtionetn

704 670 951 727 habentis
992 670 1264 724 unctionem
1309 668 1550 725 exhibet.
1592 669 1794 726 Deinde
1828 673 1895 728 ad
1940 674 2052 728 bzec
2087 673 2257 739 addit,

703 765 885 820 dicens
909 780 925 816 :

773 854 906 912 Eun.
953 857 1269 916 Genituram
1316 863 1496 930 itaque
1550 861 1745 916 Filium
1805 866 2262 925 dicimus.secnn-

704 948 828 1001 dttm
859 949 1257 1020 Scripturarum
1292 955 1619 1017 doctrinam.
1650 971 1754 1009 non
1787 957 1927 1011 aliud
1959 958 2083 1025 quid
2134 959 2261 1012 sub-

704 1040 957 1095 stantiam
1012 1043 1389 1112 intelligentes,
1420 1053 1474 1099 et
1525 1047 1670 1102 aliud
1707 1050 1840 1118 quid
1891 1049 2029 1116 quod
2069 1060 2262 1118 prmter

704 1128 874 1199 ipsam
899 1131 1251 1201 significetur,
1280 1136 1373 1189 sed
1397 1136 1564 1203 ipsam
1598 1154 1717 1195 esse
1749 1140 2260 1211 bypostasin,quam

707 1234 898 1277 nomen
944 1222 1243 1293 significat,
1296 1240 1416 1280 cum
1478 1228 1788 1287 substantia:
1835 1246 1959 1285 rere
2002 1244 2263 1301 congruat

705 1310 820 1367 bare
842 1313 1149 1383 appellatio.

778 1401 898 1457 Bas.
940 1404 1004 1460 Et
1040 1406 1091 1461 in
1116 1406 1197 1460 bis
1233 1406 1417 1478 utique
1453 1412 1730 1465 veritatem
1764 1412 1936 1481 palam
1967 1426 2261 1485 oppugnat,

706 1494 909 1565 sibiipsi
966 1506 1141 1550 tamen
1204 1513 1440 1555 consona
1494 1503 1748 1571 loquitur.
1802 1504 2263 1571 Quemadmodum

706 1588 848 1643 enim
882 1590 931 1643 in
968 1589 1335 1657 superioribus
1364 1594 1689 1647 decernebat
1740 1596 1791 1648 in
1843 1594 1950 1651 Deo
1984 1598 2263 1654 universo-

709 1697 823 1735 rum
848 1682 1204 1737 substantiam
1237 1684 1347 1751 ejus
1383 1699 1476 1752 per
1508 1684 1964 1755 ingenerationem
1993 1690 2263 1760 signiﬁca-

706 1770 749 1823 ri
779 1786 791 1821 :
824 1769 893 1823 ita
920 1771 1008 1826 hic
1038 1787 1248 1841 quoque
1277 1773 1626 1829 substantiam
1670 1775 1789 1831 Filii
1829 1794 1921 1847 per
1962 1782 2262 1849 genituram

704 1862 992 1932 signiﬁcari
1020 1864 1149 1916 dicit
1175 1880 1189 1915 :
1222 1874 1280 1919 ut
1304 1866 1466 1935 geniti
1495 1866 1559 1919 ad
1587 1867 1875 1935 ingenitum
1907 1874 2260 1941 oppositione,

707 1954 1047 2024 Uuigenitum
1088 1956 1379 2010 secundum
1414 1958 1580 2026 ipsam
1611 1960 1964 2016 substantiam
1996 1967 2264 2021 contrario

706 2049 865 2101 modo
915 2047 981 2101 ad
1035 2047 1243 2102 Patrem
1276 2064 1335 2102 se
1374 2048 1576 2104 habere
1618 2052 1888 2107 ostendat.
1928 2054 2266 2123 Quapropter

705 2154 825 2191 cum
855 2137 1045 2192 Filium
1075 2140 1375 2209 genituram
1402 2142 1653 2211 appellat,
1686 2145 1844 2196 verba
1878 2161 1992 2213 quae
2023 2163 2049 2198 a
2082 2148 2263 2201 divino

707 2230 909 2300 Spiritu
956 2242 1208 2298 usurpata
1256 2246 1357 2284 non
1402 2243 1545 2297 sunt,
1600 2233 1923 2301 praescribit.
1971 2234 2120 2289 Unde
2151 2237 2263 2290 haec

704 2322 947 2391 accepit?
980 2337 1043 2376 ex
1088 2337 1192 2392 qua
1233 2324 1514 2378 doctrina?
1552 2338 1581 2376 a
1622 2338 1728 2394 quo
1775 2325 2063 2393 propheta?
2098 2343 2126 2379 a
2156 2342 2263 2397 quo

705 2413 966 2484 apostolo,
997 2417 1085 2485 qui
1120 2415 1221 2469 hoc
1250 2417 1295 2469 ei
1327 2430 1623 2485 cognomen
1655 2416 1941 2471 tribuerit?
1981 2418 2091 2488 Ego
2115 2421 2266 2488 equi-

712 2508 837 2568 dem
878 2508 1018 2562 banc
1045 2523 1227 2563 vocem
1257 2508 1334 2563 sic
1361 2522 1672 2579 expressam
1706 2510 1759 2564 in
1796 2509 1942 2564 nullo
1973 2511 2265 2581 Scriptura:

706 2597 824 2654 loco
852 2599 1085 2654 invenio.

779 2690 829 2741 7.
874 2691 1035 2756 Atqui
1071 2690 1158 2744 bic
1193 2691 1292 2744 iste
1329 2705 1385 2743 se
1408 2690 1504 2743 bas
1535 2690 1919 2759 appellationes
1951 2706 2054 2745 non
2088 2690 2262 2746 aliun-

708 2781 774 2835 de
795 2795 951 2851 quam
993 2796 1021 2835 a
1059 2779 1292 2848 Spiritus
1326 2779 1567 2833 doctrina
1629 2781 1923 2849 sumpsisse
1981 2781 2261 2847 gloriatur.

708 2874 902 2929 Parum
933 2872 1073 2927 enim
1110 2872 1156 2927 ei
1190 2869 1288 2925 fuit
1322 2870 1629 2925 hominibus
1658 2871 1929 2941 negotium
1976 2870 2262 2935 facessere,

714 2965 817 3020 nisi
862 2964 915 3019 in
966 2965 1138 3034 ipsum
1174 2963 1335 3017 etiam
1382 2962 1641 3032 Spiritum
1679 2962 2047 3018 insolesceret.
2106 2962 2263 3035 243

713 3054 925 3109 Patrem
978 3054 1193 3124 quidem
1242 3053 1513 3124 genuisse,
1548 3067 1614 3108 ex
1655 3053 1838 3109 multis
1888 3053 2020 3109 locis
2076 3053 2266 3107 didici-

714 3160 832 3197 mus
868 3162 880 3195 :
915 3145 1106 3198 Filium
1139 3161 1267 3199 vero
1296 3144 1595 3215 genituram
1618 3159 1757 3210 esse,
1792 3135 2014 3199 necdum
2038 3143 2265 3198 adhunc

712 3250 880 3304 usque
914 3235 1054 3288 diem
1085 3234 1407 3289 audivimus.
1442 3234 1704 3290 Parvulas
1750 3236 1916 3301 enim,
1947 3237 2138 3306 inquit,
2169 3254 2266 3290 na-

712 3337 795 3380 tus
832 3336 905 3379 est
942 3326 1087 3379 nobis
1110 3340 1126 3377 :
1152 3324 1294 3390 [ilius
1332 3334 1379 3377 et
1422 3324 1580 3377 datus
1604 3333 1679 3376 est
1712 3325 1893 3388 nobis;
1920 3334 2082 3394 atque
2111 3341 2269 3381 voca-

712 3428 799 3470 tur
848 3431 1039 3470 nomen
1090 3415 1225 3482 ejus,
1266 3430 1368 3469 non
1414 3415 1680 3485 genitura,
1719 3415 1811 3468 sed
1843 3414 2028 3484 Magni
2060 3419 2267 3472 consilii

708 3508 919 3578 angelus
941 3508 1005 3564 ³⁸.
1038 3507 1196 3576 Atqui
1234 3508 1275 3560 si
1310 3508 1555 3576 genitura
1605 3506 1961 3561 substantiam
1994 3507 2269 3574 significa-

711 3611 810 3668 ret,
847 3616 951 3655 non
987 3599 1129 3654 aliud
1160 3599 1400 3669 profecto
1442 3614 1636 3653 nomen
1665 3615 1765 3654 nos
1793 3598 2068 3653 docuisset
2092 3599 2265 3668 Spiri—

711 3705 818 3758 tus,
841 3709 1000 3764 quam
1042 3694 1183 3763 quod
1222 3694 1576 3745 substantiam
1621 3692 1739 3761 ejus
1783 3691 1960 3762 palam
1989 3690 2267 3747 declarare

711 3794 909 3850 posset.
938 3783 1003 3837 Et
1033 3797 1268 3846 rursum,
1297 3780 1484 3836 Petrus
1523 3782 1614 3851 qui
1661 3782 1732 3836 ob
1760 3783 2002 3837 veritatis
2040 3782 2262 3852 agnitio-

710 3890 831 3929 nem
887 3875 995 3929 illis
1046 3874 1318 3929 beatitatis
1362 3874 1687 3929 testimoniis
1725 3874 1979 3945 dignatus
2031 3883 2131 3939 est,
2162 3891 2266 3929 non

708 3969 861 4033 dixit,
889 3966 966 4020 Tu
1012 3982 1071 4021 es
1114 3967 1389 4037 genitura;
1434 3968 1523 4023 sed
1559 3985 1572 4021 :
1606 3966 1685 4021 Tu
1716 3984 1770 4022 es
1826 3966 2063 4021 Christus
2096 3966 2265 4021 Filius

712 4057 803 4110 Dei
832 4059 1008 4111 viri".
1046 4058 1183 4124 Quin
1207 4067 1261 4112 et
1292 4057 1509 4122 Paulus,
1545 4060 1759 4115 etiamsi
1785 4060 1965 4114 omnia
1997 4075 2092 4114 sua
2126 4059 2267 4114 scri-

708 4158 794 4215 pta
841 4147 961 4201 Filii
1009 4148 1370 4215 appellatione
1420 4150 1741 4224 impleverit,
1771 4166 2038 4220 nusquam
2087 4160 2265 4205 tamen

708 4239 967 4304 genitura:
1002 4237 1326 4291 mentionem
1380 4238 1574 4293 fecisse
1626 4243 1961 4309 reperietur:
1990 4243 2130 4311 quod
2171 4258 2269 4297 no-

710 4342 831 4381 men
855 4327 943 4381 bic
980 4326 1089 4391 ille,
1122 4334 1375 4395 tanquam
1403 4328 1446 4380 si
1480 4327 1606 4381 illud
1630 4342 1694 4381 ex
1728 4328 1911 4382 divino
1943 4331 2271 4386 documento

710 4419 1027 4486 accepisset,
1061 4418 1379 4473 conﬁdentia
1409 4418 1571 4472 multa
1606 4417 1835 4487 profert.
1870 4418 1981 4472 Nec
2006 4421 2149 4472 enim
2184 4421 2268 4473 hic

2359 585 2455 657 τὴν
2502 586 2707 642 ἔννοιαν
2754 589 3041 660 παριστᾷν.
3094 584 3226 645 Εἶτα
3300 595 3504 658 τούτοις
3566 596 3923 656 ὲπισυνάπτει

2361 678 2531 747 λέγων
2554 695 2566 709 ·

2433 851 2588 905 ΕΥΝ.
2630 852 2876 921 Γέννημα
2904 852 3082 907 τοίνυν
3110 853 3199 907 τὸν
3230 854 3355 907 Υίόν
3416 877 3622 931 φαμεν,
3658 861 3803 914 κατὰ

2362 942 2467 993 τῶν
2519 941 2557 992 Γ
2562 944 2744 1011 ραφῶν
2790 941 3161 998 διδασκαλίανο
3212 944 3309 1014 οὐχ
3350 944 3534 1017 ἓτερον
3588 951 3691 1021 μέν
3731 968 3788 1004 τι
3832 953 3924 1022 τὴν

2361 1031 2545 1084 οὐσίαν
2586 1034 2857 1097 νοοῦντες,
2890 1033 3072 1102 ἕτερον
3101 1036 3156 1089 δέ
3188 1055 3240 1090 τι
3285 1038 3413 1108 παρ’
3442 1041 3610 1110 αὐτὴν
3633 1044 3697 1097 τὸ
3725 1060 3925 1115 σημαι-

2361 1122 2600 1192 νόμενον,
2633 1124 2746 1176 ἀλλ“
2782 1124 2949 1195 αὐτὴν
2994 1119 3127 1177 εἶναι
3155 1130 3252 1199 τὴν
3283 1127 3596 1192 ὑπόστασιν,
3624 1136 3695 1203 ῆν
3726 1134 3926 1206 σημαί-

2362 1228 2441 1264 νει
2484 1210 2718 1283 τούνομα
2810 1212 3241 1286 ὲπαλτηθευούσης
3281 1222 3345 1288 τῇ
3397 1216 3551 1289 οὐσίᾳ
3600 1222 3702 1290 τῆς
3767 1240 3925 1295 προσ-

2363 1301 2611 1371 ηγορίας.

2435 1392 2578 1444 ΒΑΣ.
2615 1395 2722 1447 Καὶ
2775 1396 2831 1448 ἐν
2868 1394 3076 1459 τούτοις
3116 1396 3294 1450 τοίνυν
3340 1404 3404 1472 τῇ
3444 1402 3540 1472 μὲν
3566 1401 3803 1475 ἀληθεία
3832 1425 3926 1475 φα-

2364 1483 2532 1555 νερῶς
2571 1484 2913 1558 διαμάχεται,
2966 1487 3140 1558 ἑαυτῷ
3171 1488 3227 1540 δὲ
3271 1490 3418 1559 ὅμως
3451 1494 3724 1549 ἀκόλουθα
3761 1497 3923 1564 λέγει.

2376 1579 2460 1641 Ὠς
2503 1578 2609 1650 γὰρ
2650 1579 2706 1630 ὲν
2732 1582 2846 1644 τοῖς
2897 1582 3007 1635 ἀνω
3047 1580 3223 1649 λόγοις
3258 1580 3318 1632 τὸ
3361 1583 3653 1657 ἀγένιητον
3701 1586 3796 1637 ἐπὶ
3840 1589 3925 1638 τοῦ

2365 1668 2497 1723 Θεοῦ
2526 1669 2634 1722 τῶν
2665 1670 2799 1723 ὅλων
2825 1672 2923 1741 τῆς
2952 1673 3136 1738 οὐσίας
3169 1672 3329 1727 αὐτοῦ
3360 1673 3639 1745 διωρίζετο
3663 1675 3807 1732 εἶναι
3836 1696 3925 1749 οη-

2371 1763 2624 1836 μαντικὺν
2646 1803 2659 1827 ,
2688 1762 2829 1816 οὕτω
2864 1765 2955 1817 καὶ
2998 1768 3227 1820 ἐνταῦθα
3256 1766 3315 1819 τὸ
3349 1767 3591 1840 γέννημα
3622 1775 3725 1845 τὴν
3748 1774 3928 1826 οὐσίαν

2300 1836 2340 1890 Β
2366 1855 2457 1908 τοῦ
2484 1854 2609 1908 Υίοῦ
2655 1855 2935 1925 σημαίνειν
2968 1856 3077 1929 (55)
3120 1858 3303 1927 λέγει’
3339 1858 3404 1911 ἵν’
3447 1836 3596 1933 ὲῖτῇ
3627 1836 3724 1918 τός
3750 1882 3930 1933 γεννη-

2369 1947 2457 1999 τοῦ
2494 1946 2627 2017 πρὸς
2655 1946 2716 2000 τὸ
2742 1946 3033 2018 ἀγέννητον
3064 1949 3325 2004 ἀντιθέσει
3349 1951 3603 2017 ἰναντίως
3637 1958 3834 2025 ἔχοντα

2366 2036 2539 2107 Πατρὶ
2569 2038 2659 2089 τὸν
2681 2038 2956 2109 Μονογενῆ
2978 2041 3117 2094 κατά
3140 2041 3236 2112 τὴν
3259 2041 3447 2094 οὐσίαν
3468 2045 3637 2115 αὐτὴν
3666 2049 3925 2118 ἐπιδείξῃ.

2364 2126 2460 2179 Διὰ
2498 2127 2670 2181 ταῦτα
2692 2128 2967 2198 νομοθετεῖ
2998 2134 3215 2204 ῥήματα
3252 2131 3355 2196 ἔξω
3388 2133 3486 2204 τῆς
3534 2136 3788 2206 χρήσεως
3809 2138 3929 2192 ὄντα

2364 2217 2455 2271 τοῦ
2485 2218 2627 2273 θείου
2667 2220 2998 2291 Πνεύματος,
3044 2225 3284 2296 γέννημα
3330 2224 3419 2279 τὸν
3454 2226 3581 2280 mu
3626 2226 3925 2297 ὀνομάζων.

2364 2310 2533 2364 Πόθεν
2556 2312 2762 2378 λαϐὡνς
2787 2314 2851 2367 ὲκ
2873 2317 3029 2379 ποίας
3050 2317 3394 2383 διδασκαλίας
3412 2336 3426 2384 ;
3445 2320 3591 2385 τίνος
3611 2323 3926 2391 προφήτου;

2362 2403 2505 2467 τίνος
2533 2404 2641 2456 τῶν
2666 2406 2974 2460 ἀποστόλων
3000 2407 3201 2477 ταύτην
3234 2411 3381 2479 αὐτῷ
3408 2413 3505 2481 τὴν
3542 2414 3927 2483 προσωνυμίαν

2364 2493 2823 2565 ὲπιφημίσαντοςς
2861 2496 3000 2565 Ἐγὼ
3037 2498 3134 2567 μὲν
3184 2498 3291 2568 γάρ
3323 2485 3559 2569 οὐδαμοῦ
3586 2503 3690 2570 τῆς
3712 2504 3928 2573 Γραφῆς

2364 2585 2620 2656 κειμένην
2640 2585 2780 2639 οὓτω
2806 2590 2903 2657 τὴν
2932 2588 3112 2656 φωνὴν
3142 2588 3340 2660 ταύτην
3374 2583 3555 2660 εὗρον.

2434 2676 2489 2731 7.
2515 2679 2702 2731 Καίτοι
2732 2679 3021 2750 οὐδαμόθεν
3043 2674 3193 2743 οὗτος
3218 2681 3249 2751 ἢ
3281 2684 3344 2734 ὲκ
3372 2683 3470 2752 τῆς
3487 2682 3583 2735 τοῦ
3611 2684 3757 2737 Πνεύ
3767 2703 3925 2756 ματος

2365 2769 2708 2836 διδασκαλίας
2740 2772 3012 2842 εἰληφέναι
3042 2773 3139 2837 τὰς
3165 2774 3529 2845 προσηγορίας
3562 2778 3770 2841 ταύτας
3806 2779 3929 2831 ἁλα-

2366 2860 2655 2925 ξονεύεται.
2681 2866 2890 2937 Μικρὸν
2929 2866 3037 2936 γὰρ
3070 2867 3215 2938 αὐτῷ
3246 2870 3359 2932 τοῖς
3401 2868 3715 2939 ἀνθρώποις
3749 2871 3926 2935 ἀγῶνα

2366 2956 2643 3024 παρέχειν,
2670 2958 2718 3008 εί
2753 2956 2825 3028 μὴ
2852 2958 2942 3011 καὶ
2966 2956 3127 3013 αὐτοῦ
3157 2960 3248 3013 τοῦ
3284 2960 3391 3029 ('56)
3424 2962 3747 3031 Πνεὺματος
3779 2979 3928 3015 κατα-

2363 3042 2670 3114 τολμήσειε.
2720 3044 3105 3118 Γεγεννηκέναι
3144 3051 3240 3119 μὲν
3278 3050 3385 3119 γὰρ
3420 3052 3506 3103 τὸν
3545 3053 3769 3122 Πατέρα
3810 3054 3927 3104 πιλ-

2363 3132 2528 3203 λαχοῠ
2556 3136 2909 3207 δεδιδάγμεθα
2928 3157 2940 3168 ·
2964 3140 3209 3210 γέννημα
3228 3141 3284 3194 δὲ
3306 3138 3441 3193 εἶναι
3464 3142 3553 3195 τὸν
3572 3143 3701 3195 Υἰδν
3728 3145 3927 3197 οὐδέπω

2369 3226 2461 3279 καὶ
2486 3227 2724 3299 τήμερον
2748 3230 3080 3302 ἀκηκόαμενο
3114 3230 3357 3286 Παιδίον
3391 3233 3520 3301 γὰρ,
3558 3235 3747 3303 φησὶν,
3775 3237 3927 3305 ἐγεν-

2366 3315 2518 3384 νήθη
2538 3318 2711 3386 ἡμῖν’
2743 3321 2873 3387 υἱὸς
2900 3323 2995 3375 καὶ
3017 3321 3193 3388 ἐδόθη
3227 3322 3395 3390 ἡμῖν·
3427 3324 3533 3391 (57)
3559 3326 3658 3377 καὶ
3692 3327 3928 3381 καλεῖται

2366 3411 2424 3461 τὸ
2453 3412 2620 3481 ὄνομα
2660 3413 2822 3466 αὐτοῦ
2853 3414 2972 3483 οὐχ).
3011 3415 3271 3483 γέννημα,
3322 3413 3456 3466 ἀλλὰ
3478 3416 3769 3485 Μεγάλης
3791 3420 3928 3483 ,ϐον-

2365 3500 2481 3568 λῆς
2500 3504 2770 3572 ἅγγελος.
2794 3504 2981 3556 Καίτοι
3005 3504 3121 3556 εἶπε
3129 3522 3160 3575 ρ
3179 3503 3237 3556 τὸ
3254 3504 3499 3574 γέννημα
3518 3508 3712 3573 οὐσίας
3728 3511 3925 3581 ὑπῆρχε

2368 3592 2712 3663 σημαντικὸν,
2734 3593 2833 3645 οὐκ
2856 3592 2922 3646 ἂν
2941 3593 3124 3666 ἕτερον
3137 3593 3307 3665 ὄνομα
3331 3596 3481 3667 παρὰ
3499 3596 3594 3648 τοῦ
3614 3599 3927 3670 magno;

2364 3683 2749 3753 ἐδιδάχθημεν,
2790 3683 2822 3753 ἢ
2884 3683 3020 3753 ὅπερ
3064 3684 3322 3754 ἐμφανῶς
3371 3685 3468 3756 τὴν
3520 3686 3713 3740 οὐσίαν
3772 3690 3927 3742 αὐτοῦ

2366 3776 2632 3845 παριστᾷν
2661 3773 2871 3844 ἔμελλε.
2907 3775 3016 3828 Καὶ
3040 3776 3199 3829 πάλιν
3219 3778 3250 3831 ὁ
3272 3778 3493 3848 Πέτρος,
3530 3779 3561 3830 ό
3591 3778 3681 3831 διὰ
3715 3781 3813 3851 τὴν
3841 3784 3927 3851 τῆς

2362 3865 2619 3935 ἀληθείας
2640 3866 2933 3934 ἐπίγνωσιν
2966 3865 3073 3918 τῶν
3108 3868 3467 3937 μακαρισμῶν
3509 3870 3740 3927 ἐκείνων
3773 3874 3925 3937 diam-

2366 3957 2498 4022 θεὶς,
2527 3958 2626 4011 οὐκ
2672 3953 2822 4022 εἷπε,
2862 3958 2933 4010 Σὺ
2975 3955 3024 4011 εἴ
3070 3960 3132 4012 τὸ
3176 3960 3450 4031 γέννημαο
3496 3962 3657 4028 ἀλλὰ,
3693 3966 3779 4019 Σὺ
3816 3963 3873 4019 εἴ
3901 3972 3927 4019 d

2365 4049 2616 4121 Xpw'tdc
2633 4052 2664 4103 ὀ
2685 4050 2813 4115 Υἱὸς
2835 4050 2941 4105 τοῦ
2968 4051 3112 4105 Θεοῦ
3136 4052 3239 4105 τοῦ
3266 4050 3493 4119 ζῶντος.
3520 4056 3633 4109 Καὶ
3657 4061 3687 4111 ὁ
3706 4059 3925 4121 Παῦλος,

2369 4146 2545 4198 πᾶσαν
2580 4143 2743 4197 αὐτοῦ
2777 4144 2872 4216 τὴν
2904 4147 3117 4217 γραφὴν
3144 4146 3242 4215 τῆς
3270 4145 3362 4199 τοῦ
3397 4146 3525 4201 Υίοῦ
3562 4152 3927 4221 προσηγορίας

2370 4236 2824 4310 καταπληρώσας,
2852 4239 3085 4308 οὐδαμοῦ
3118 4241 3413 4310 φανήσεται
3439 4244 3782 4312 γεννήματος
3806 4260 3927 4312 μνη-

2370 4329 2667 4401 μονεύσας·
2692 4331 2827 4400 ὅπερ
2865 4329 2975 4399 (58)
3008 4325 3157 4393 οὗτος
3191 4334 3252 4383 ἐκ
3294 4330 3493 4401 πολλῆς
3532 4332 3632 4403 τῆς
3674 4334 3926 4401 mete-ﬁtﬁ-

2374 4438 2527 4483 σεως,
2561 4420 2635 4483 ὠς
2665 4422 2728 4472 ἐκ
2760 4420 2851 4471 τοῦ
2874 4420 3014 4472 θείου
3046 4420 3219 4472 λαϐὼν
3244 4421 3581 4473 διδασκαλίου
3618 4422 3759 4490 (59),
3805 4441 3924 4492 προι

708 4509 757 4561 ci
788 4510 1203 4577 permittendum
1231 4519 1427 4576 est.,ut,
1458 4524 1606 4571 voce,
1637 4510 1838 4579 genuit,
1869 4523 1987 4578 qua:
2014 4508 2079 4563 de
2104 4507 2262 4563 Patre

2372 4512 2547 4581 φέρει.
2610 4510 2740 4562 Οὐδὲ
2768 4510 2875 4579 γὰρ
2908 4509 3139 4563 ἐνταῦθα
3185 4510 3559 4581 συγχωρητέον
3594 4512 3781 4583 αὐτῷ,
3816 4516 3921 4583 τὴν,

706 4598 922 4662 dicitur,
964 4607 1322 4653 transmutata
1352 4614 1417 4653 ac
1457 4598 1861 4663 transformata,
1897 4598 2126 4668 appellet
2168 4598 2259 4652 Dei

705 4689 900 4745 Filium
952 4693 1269 4761 genituram.
1320 4691 1432 4745 Non
1476 4691 1619 4745 enim
1667 4691 1919 4744 convenit
1978 4699 2035 4743 ut
2078 4692 2124 4745 is
2168 4690 2259 4760 qui

704 4782 885 4838 divino
917 4784 1106 4838 timore
1126 4784 1367 4838 eruditus
1404 4791 1505 4845 est,
1539 4783 1589 4835 in
1623 4782 1673 4835 id
1701 4780 1839 4851 quod
1876 4798 1941 4836 ex
1969 4781 2257 4836 verborum

703 4874 1082 4927 consecutione
1127 4874 1454 4943 apparuerit,
1501 4871 1661 4927 facile
1700 4872 1969 4925 transiliat
2002 4891 2014 4926 :
2049 4872 2142 4926 sed
2197 4881 2257 4926 ut

775 5007 819 5039 ³ο
842 5007 943 5063 lsa.
970 5024 1047 5072 ix,
1080 5008 1133 5064 6.
1209 5009 1251 5041 "
1285 5008 1472 5063 Matth.
1503 5022 1610 5073 ut,
1647 5007 1739 5063 l6.

703 5126 932 5183 faciente
969 5130 1478 5200 cognationemaEx
1508 5146 1624 5200 quo
1665 5132 1723 5183 lit
1751 5139 1807 5182 ttt
1833 5131 2023 5192 cuique
2068 5145 2251 5200 prom-

703 5212 850 5319 Bttllll
908 5200 977 5254 sit
1019 5198 1072 5253 et
1103 5199 1259 5254 facile
1294 5198 1561 5269 colligere,
1588 5198 1802 5255 Filium.
1850 5200 1893 5252 si
1928 5201 2133 5253 factura
2159 5199 2252 5261 sit,

745 5269 845 5319 atri
871 5270 1130 5319 muualem
1158 5284 1263 5319 non
1288 5285 1409 5319 esse
1439 5290 1450 5319 :
1493 5270 1544 5319 id
1570 5270 1711 5319 uuod
1735 5270 1786 5319 iit
1816 5272 2006 5319 urimis
2032 5272 2252 5319 suadere

745 5269 1130 5338 atrigequalem
1158 5284 1263 5322 non
1288 5285 1409 5323 esse
1439 5290 1450 5324 :
1493 5270 1544 5323 id
1570 5270 1711 5337 quod
1735 5270 1786 5321 itt
1816 5272 2006 5339 primis
2032 5272 2258 5324 suadere

704 5343 995 5391 conabatur
1032 5339 1344 5403 Eunomius.

769 5408 879 5479 (55)
921 5409 1096 5462 Codex
1124 5408 1275 5462 Colb.
1305 5407 1489 5459 οὐσίαν
1534 5407 1625 5460 τοῦ
1666 5406 1799 5459 Θεοῦ
1844 5409 2149 5479 σημαίνειν,
2187 5425 2265 5462 es-

697 5478 912 5531 sentiam
944 5478 1060 5533 Dei.

769 5547 877 5616 (56)
910 5548 997 5603 Sic
1028 5563 1155 5602 mss.
1183 5551 1375 5604 nostri.
1402 5548 1676 5602 Articulus
1709 5550 1757 5601 in
1790 5548 1949 5604 editis
1972 5552 2181 5603 deerat.

770 5618 1044 5690 l37)AEd_iti
1068 5633 1187 5690 cunt
1225 5616 1353 5690 Reg.
1386 5620 1557 5690 primo
1597 5617 1748 5687 ἐδόθη
1781 5622 1929 5688 ἡμῖν,
1965 5616 2023 5673 οὐ
2050 5621 2082 5690 ἡ
2108 5619 2248 5690 ἀρχὴ

698 5686 788 5738 ἐπὶ
830 5688 921 5740 τοῦ
959 5686 1107 5757 ὤμου
1129 5686 1323 5752 αὐτοῦ,
1358 5687 1527 5757 cujus_
1546 5686 1863 5752 principatus
1892 5706 2050 5755 super
2072 5686 2251 5742 lmine;

699 5772 810 5809 runt
850 5758 981 5825 ejus.
1010 5754 1125 5813 Sed
1157 5761 1239 5813 ha:
1267 5774 1444 5826 voces,
1474 5754 1533 5811 οὗ
1582 5759 1613 5826 ἡ
1659 5758 1799 5827 ἀρχὴ
1851 5754 2071 5812 ἐπἰντοῦ
2101 5758 2249 5828 ὤμου

2358 4602 2666 4670 ἐγέννησε,
2706 4601 2884 4673 φωνὴν
2935 4602 3026 4656 ἐπὶ
3067 4600 3162 4653 τοῦ
3200 4602 3411 4672 Πατρὸς
3457 4603 3724 4674 κειμένην
3769 4623 3923 4676 μετα-

2363 4711 2460 4764 σχη
2472 4693 2743 4763 ματίζοντι
2770 4694 2864 4746 καὶ
2893 4692 3343 4763 μεταπλάσσοντι,
3378 4694 3626 4765 γέννημα
3661 4714 3925 4767 προσ-ατε.

2363 4788 2536 4855 ρεύειν
2552 4784 2639 4838 τὸν
2658 4783 2781 4836 Υίὸν
2796 4784 2886 4837 τοῦ
2899 4783 3053 4839 Θεοῦ.
3068 4785 3141 4838 Οὐ
3159 4786 3264 4856 γὰρ
3275 4786 3409 4856 ὅπερ
3426 4785 3534 4856 (40)
3554 4785 3621 4839 ἂν
3636 4790 3704 4840 ὲκ
3718 4788 3816 4857 τῆς
3832 4788 3925 4841 τῶν

2358 4876 2616 4946 ῥημάτων
2646 4875 2962 4941 ἀκολουθίας
3010 4877 3370 4947 ὑποφαίνηται
3396 4876 3633 4941 εὐκόλως
3666 4880 3924 4951 taumatia

2362 5130 2553 5189 αὐτοῦ,
2581 5130 2773 5183 desunt
2827 5130 2880 5180 itt
2911 5126 3308 5195 antiquioribus
3353 5125 3652 5187 codicibus,
3706 5141 3805 5179 nec
3845 5140 3923 5176 eas

2367 5204 2764 5272 agnovitvetus
2815 5196 3313 5272 interpres.__Quare
3355 5197 3603 5264 su5picor
3641 5211 3921 5269 purttmpu-

2367 5265 2475 5328 tum
2504 5270 2926 5323 additamentum
2956 5280 3079 5320 esse
3111 5265 3452 5318 librariorum
3494 5282 3510 5318 :
3540 5280 3721 5331 eoque
3747 5268 3919 5327 magis,

2364 5341 2501 5411 quod
2528 5355 2681 5392 voces
2717 5337 3011 5406 peregrina:
3036 5336 3086 5389 in
3118 5332 3254 5405 Reg.
3280 5335 3455 5403 primo
3492 5350 3595 5388 non
3626 5349 3754 5386 raro
3786 5333 3917 5384 iure-

2366 5414 2602 5467 niantur.

2432 5481 2545 5547 (58)
2582 5481 2796 5547 Ὅπερ,
2815 5476 2952 5544 quod
2978 5492 3183 5547 nomen,
3211 5476 3468 5543 genitura:
3492 5474 3722 5529 scilicet.

2434 5542 2543 5621 (39)
2579 5542 3135 5621 Ειίὶιὶδιδασκαλείου,
3164 5562 3227 5597 ea:
3247 5547 3429 5621 dieina
3452 5547 3654 5621 schola,
3692 5554 3918 5621 norim:-

2360 5614 2451 5675 le.'
2479 5624 2548 5673 At
2590 5636 2717 5672 mss.
2754 5619 2989 5687 plerique
3027 5630 3213 5669 omnes
3253 5614 3618 5678 διδασκαλίου,
3658 5632 3725 5668 ex
3760 5614 3917 5665 (liuius

2359 5692 2617 5744 doctrina.
2671 5746 2681 5753 λη

2432 5759 2544 5829 (40)
2572 5758 2748 5813 Codex
2793 5772 2928 5812 unus
2963 5755 3092 5808 Οὐδὲ
3127 5754 3233 5825 γὰρ
3270 5756 3423 5821 ὅπερ.
