4084 6318
167 350 281 408 585

1289 342 1663 399 ADVERSUS
1696 344 2058 402 ΕυΝοιιιωι
2101 347 2227 402 LlB.
2266 345 2327 400 ll.

3284 350 3385 405 586

153 465 342 533 τούτῳ
368 461 456 515 τόν
477 478 538 527 γε
563 460 639 532 τῷ
664 460 791 529 θείῳ
818 458 964 530 φόϐῳ
994 460 1418 533 πεπαιδευμένον
1445 464 1728 534 προσήκει,

1834 472 2120 522 cantentus
2159 466 2231 523 sit
2289 462 2504 518 usitatis
2534 462 2586 517 in
2634 460 2912 533 Scriptura
2952 463 3277 528 nominibus,
3333 466 3385 519 in

158 552 283 607 ἀλλ’
312 552 549 623 ἀγαπᾷν,
591 555 699 613 τοῖς
742 552 799 602 ἑν
835 550 900 620 τῇ
943 549 1130 622 Γραφῇ
1174 552 1445 620 κειμένοις
1472 551 1728 621 ὀνόμασιν

160 642 526 715 ἐπιμένοντα,
564 642 653 698 διὰ
695 641 899 696 τούτων
944 640 1262 714 θεοπρεπῶς
1300 643 1397 712 τὴν
1423 643 1726 712 δοξολογίαν

158 732 533 808 ἀποπληροῦν.
587 732 649 785 Ei
682 732 792 803 γὰρ
824 734 873 785 οἱ
909 731 967 800 ἑξ
990 734 1163 805 ἀρχῆς
1184 732 1283 802 τὴν
1321 731 1583 804 Ἐϐραίων
1607 734 1725 788 διά-

158 822 354 880 λεκτον
385 829 465 889 είς
493 824 590 895 τὴν
625 825 845 880 Ἐλλάδα
868 827 1116 896 γλῶσσαν
1144 822 1534 893 μεταϐαλόντες
1563 826 1724 881 τινῶν

158 916 443 990 ὀνομάτων
471 917 569 987 τῆς
594 918 884 992 ἑρμηνείας
935 920 995 972 οὐ
1024 917 1453 989 κατετόλμησαν,
1485 920 1598 973 ἀλλ’
1629 920 1725 975 σύ-

158 1010 267 1081 τὴν
290 1009 387 1078 τὴν
420 1005 709 1081 Ἕσραῖκὴν
746 1011 925 1081 ’,ρωνὴν
973 1009 1082 1079 (Μ)
1133 1010 1523 1081 μετεκόμισαν·
1564 1013 1640 1077 ὡς
1664 1014 1726 1068 τὸ

159 1097 416 1167 Σαϐαὼθ,
451 1100 543 1154 καὶ
584 1102 645 1155 τὸ
704 1101 945 1167 ’Δδωναῖ,
992 1103 1085 1157 καὶ
1122 1106 1184 1157 τὸ
1233 1103 1408 1169 Ἐλωῖ,
1450 1106 1543 1158 καὶ
1586 1108 1637 1160 εί
1674 1126 1725 1162 τι

158 1189 423 1256 τοιοῦτον,
448 1193 545 1247 οὐκ
562 1194 654 1247 ἐπὶ
675 1194 779 1248 τῶν
799 1193 958 1247 θείων
973 1194 1248 1265 ὀνομάτων
1273 1195 1451 1266 μόνον,
1474 1197 1608 1253 ἀλλὰ
1634 1201 1727 1254 καὶ

161 1284 266 1337 ἑπὶ
298 1284 469 1339 ἀλλων
499 1286 755 1341 πλειόνων
781 1286 879 1357 τὴν
902 1285 1184 1343 εὐλάϐειαν
1205 1288 1408 1361 ταύτην
1428 1291 1726 1346 ἐπιδεικνύ-

164 1394 321 1446 μενοι
338 1393 361 1437 °.
382 1380 542 1435 πόσον
574 1381 694 1434 τινὰ
716 1380 989 1451 προσῆκεν
1015 1384 1164 1453 ἡμᾶς
1202 1382 1329 1456 περὶ
1358 1382 1465 1436 τῶν
1491 1383 1585 1437 τοῦ
1624 1385 1726 1437 Κυ-

166 1468 289 1538 ρίου
320 1471 595 1544 ὀνομάτων
618 1473 710 1525 τὸν
742 1470 903 1541 φόϐον
935 1473 1111 1544 ἑχεινς
1144 1474 1332 1529 Καίτοι
1362 1474 1492 1528 πότε
1524 1474 1633 1546 (42)
1660 1475 1726 1529 ἂν

161 1561 345 1617 ἐκεῖνο
390 1560 619 1637 [ἑκεῖνα]
656 1565 785 1635 παρ’
819 1566 1026 1620 ἑαυτῶν
1058 1584 1182 1621 τινα
1222 1567 1423 1622 πλάσαι
1455 1568 1564 1622 τῶν
1608 1568 1726 1621 ὀνο-

1831 555 2006 625 iisque
2037 565 2366 626 permaneat,
2397 565 2453 610 et
2492 569 2588 623 per
2613 555 2747 622 ipsa,
2774 563 2832 608 ut
2868 554 3032 609 Deum
3070 555 3247 620 decet,
3270 555 3384 626 gle-

1832 645 2185 701 rilicationem
2220 648 2510 719 persolvat.
2546 645 2680 699 Nam
2701 646 2746 700 si
2783 646 2835 700 bi
2861 646 2949 715 qui
2976 644 3128 700 initio
3156 644 3383 700 Hebrai-

1829 752 1947 793 cam
1995 736 2229 807 linguam
2279 740 2330 793 in
2388 738 2631 795 Graecam
2713 743 3117 800 converterunt,
3172 734 3385 789 nomina

1830 826 2076 897 quaedam
2106 827 2447 895 interpretari
2491 825 2607 882 ausi
2644 838 2750 879 non
2780 833 2925 890 sunt,
2953 824 3047 880 sed
3079 824 3244 894 ipsam
3278 821 3386 878 Hc-

1833 920 2072 976 braicam
2121 932 2307 973 vocem
2365 922 2666 985 retinuere,
2731 926 2789 972 ut
2840 916 3097 981 Sabaoth,
3159 915 3387 979 Μυσοί,

1836 1010 1972 1078 Eloi,
1999 1022 2055 1067 et
2088 1011 2132 1067 si
2166 1010 2296 1081 quid
2333 1008 2593 1078 ejusmodi
2636 1020 2740 1077 est,
2767 1024 2870 1065 non
2902 1008 2952 1063 in
2984 1008 3181 1063 divinis
3215 1007 3389 1064 solum

1835 1102 2168 1167 nominibus,
2209 1102 2301 1157 sed
2337 1102 2389 1157 in
2432 1101 2555 1155 aliis
2595 1104 2756 1156 etiam
2786 1102 3027 1173 pluribus
3071 1100 3209 1156 hanc
3240 1114 3396 1154 reve--

1836 1195 2068 1254 rentiam
2109 1196 2485 1260 ostendentes;
2534 1201 2791 1263 quantum
2843 1195 2998 1247 decet
3046 1194 3145 1248 nos
3187 1190 3393 1248 habere

1839 1294 2085 1347 timorem
2115 1288 2257 1343 circa
2292 1288 2507 1341 nomina
2536 1284 2743 1341 Domini
2767 1283 2791 1338 ἳ
2822 1283 3044 1350 Quando
3065 1295 3240 1338 autem
3266 1297 3385 1339 suo-

1834 1385 2116 1441 tinuissent
2154 1379 2230 1434 illi
2265 1394 2294 1433 a
2325 1379 2514 1446 seipsis
2544 1377 2794 1433 nonnulla
2817 1375 3031 1433 nomina
3059 1375 3386 1445 conﬁngere,

1832 1478 1920 1547 qui
1945 1492 2011 1532 ne
2050 1471 2394 1542 interpretari
2423 1470 2639 1540 quidem
2673 1471 2787 1525 ausi
2818 1480 2945 1524 sunt
2972 1468 3172 1538 aliqua,
3196 1481 3262 1521 ne
3287 1480 3392 1520 ex-

1834 1566 2129 1636 pressionis
2157 1561 2603 1635 perspicuitatem
2634 1560 2817 1628 inepto
2846 1559 3150 1628 signiﬁcatu
3189 1555 3385 1615 debili.-

165 1654 357 1723 μάτων
396 1654 700 1725 ἠνέσχοντο,
751 1657 863 1726 οἵγε
910 1658 1043 1729 μηδὲ
1090 1659 1187 1728 τῆς
1228 1660 1522 1731 ἑρμηνείας
1572 1661 1732 1715 τινῶν
1765 1661 1804 1716 Β
1835 1656 2051 1713 tarenti

163 1743 675 1816 καταθαῤῥήσαντες
691 1787 705 1809 ν
732 1746 803 1809 ὼς
830 1746 895 1799 ἂν
920 1747 993 1816 μὴ
1020 1748 1082 1799 τὸ
1106 1749 1331 1818 ἐναργὲς
1354 1751 1753 1823 τῆςὲμφάσεως
1780 1749 1857 1821 τῷ
1878 1744 2227 1816 ἀκαταλλήλῳ
2254 1739 2791 1815 τῶνήμαινομένων
2822 1738 3130 1805 ἐκλύσειανς

238 1862 291 1917 8.
342 1862 477 1916 Ἀλλ’
501 1865 548 1917 εί
573 1865 849 1935 ἐγέννησε,
894 1864 1089 1935 φησιν,
1116 1866 1144 1918 δ
1182 1865 1343 1933 Θεὸς,
1376 1866 1494 1931 πῶς
1537 1870 1597 1922 οὗ
1623 1871 1727 1943 χρὴ

160 1954 258 2006 τὸν
290 1955 611 2024 γεννηθέντα
637 1955 1058 2027 προσαγορεύειν
1091 1954 1331 2027 γέννημα
1358 1974 1372 2023 ;
1418 1959 1537 2011 ’Ότι
1572 1961 1729 2027 φοϐε-

166 2045 263 2116 ρὸν
287 2047 418 2116 ἡμῖν
458 2046 743 2118 ἡμετέροις
793 2048 952 2102 αὐτὸν
1000 2048 1222 2120 ὀνόμασι
1274 2054 1639 2122 προσφωνεῖν,
1686 2046 1730 2120 ᾧ

162 2140 458 2211 ἐχαρίσατο
495 2141 524 2195 ὁ
567 2140 696 2204 Θεὸς
729 2142 895 2211 ὄνομα
928 2144 988 2195 τὸ
1017 2144 1157 2214 ὑπὲρ
1208 2146 1314 2198 πᾶν
1357 2144 1543 2216 ὄνομα.
1600 2146 1731 2211 Υἱός

159 2248 282 2299 μου
311 2228 369 2285 ετ
385 2232 486 2297 σὺ,
511 2235 693 2305 φησὶν,
722 2234 1118 2303 ἐγὼισήμερον
1140 2237 1464 2306 γεγέννηκά
1483 2254 1568 2293 σε.
1596 2238 1731 2292 Καί-

164 2337 250 2374 τοι
279 2322 693 2394 ἀκολουθότερον
713 2320 779 2395 ἦν
821 2326 959 2379 κατά
987 2327 1077 2379 τὸν
1112 2326 1314 2389 τούτων
1346 2329 1521 2395 λόγον,
1554 2330 1639 2385 διὰ
1671 2332 1729 2384 τὺ

164 2412 547 2482 γεγεννῆσθαι,
565 2413 802 2485 γέννημα
825 2415 1343 2487 προσαγορευθῆναι,
1362 2419 1454 2469 καὶ
1469 2420 1565 2489 οὐχ
1581 2420 1725 2476 Υἱόν·

164 2499 284 2553 ἀλλ’
313 2500 412 2554 οὐκ
462 2502 690 2575 εἴρηται.
756 2506 952 2578 Διόπερ
1008 2507 1112 2579 χρὴ
1164 2507 1255 2560 τὸν
1294 2507 1397 2578 πρὸ
1440 2508 1733 2580 ὀφθαλμῶν

165 2591 360 2661 ἔχοντα
398 2593 456 2648 τὸ
478 2594 708 2667 Χριστοῦ
739 2596 847 2665 (45)
877 2596 1239 2669 δικαστήριον,
1276 2600 1368 2652 καὶ
1406 2599 1581 2653 εἰδότα
1610 2601 1731 2665 ὅσος

166 2687 198 2738 ό
224 2686 465 2753 κίνδυνος
486 2690 701 2758 ἀφελεῖν
732 2708 783 2744 τι
808 2691 840 2763 ῆ
874 2692 1184 2764 προσθεῖναι
1217 2697 1327 2756 τοῖς
1366 2694 1737 2767 παραδεδομέ-

170 2792 283 2830 νοις
318 2778 422 2831 ὑπὸ
444 2779 536 2832 τοῦ
560 2781 889 2851 Πνεύματος,
927 2783 1000 2852 μὴ
1046 2783 1174 2855 παρ’
1214 2784 1405 2838 ἑαυτοῦ
1438 2786 1731 2859 φιλπιμεῖο

169 2863 296 2918 σθαι
363 2873 726 2939 καινοτομεῖν,
781 2872 913 2927 ἀλλὰ
989 2877 1098 2937 τοῖς
1168 2880 1732 2948 προκατηγγελμένοις

167 2957 325 3027 παρὰ
379 2958 488 3013 τῶν
541 2962 708 3029 ἁγίων
770 2963 1153 3035 ἑφησυχάζειν.
1202 2965 1268 3019 Ὀ
1323 2967 1498 3021 τοίνυν
1536 2966 1729 3042 ούτεή

166 3046 325 3119 κοινὴ
374 3051 647 3123 συνήθεια,
680 3052 800 3109 οὔτε
823 3057 855 3129 ή
879 3056 987 3110 τῶν
1011 3056 1240 3129 Γραφῶν
1273 3060 1465 3131 χρῆσις
1507 3062 1735 3131 παραδέ-

1901 1867 1954 1924 8.
1994 1865 2101 1922 Sed
2130 1864 2196 1931 si,
2227 1862 2418 1932 inquit,
2455 1861 2593 1916 Deus
2625 1860 2830 1932 genuit,
2858 1859 3125 1929 quomodo
3147 1872 3247 1928 par
3278 1874 3385 1915 non

1830 1971 1917 2017 est
1947 1958 2189 2032 genitum
2228 1954 2530 2025 genituram
2560 1950 2863 2022 appellare?
2890 1948 3025 2018 Quia
3056 1950 3385 2005 horrendum

1828 2061 1911 2107 est
1948 2049 2101 2105 nobis
2137 2061 2280 2112 eum,
2318 2045 2400 2099 cui
2451 2042 2676 2113 largitus
2720 2051 2802 2098 est
2837 2041 2977 2096 Deus
3017 2056 3210 2096 nomen
3244 2038 3390 2110 quod

1830 2152 1913 2197 est
1942 2153 2104 2209 super
2130 2149 2290 2192 omne
2323 2147 2515 2190 nomen
2539 2133 2605 2198 ⁸¹,
2638 2132 2944 2188 nominibus
2970 2132 3171 2187 nostris
3197 2132 3386 2202 appel-

1829 2231 1959 2287 lare.
1992 2229 2166 2285 Filias
2193 2241 2336 2282 meus
2365 2241 2417 2280 es
2446 2233 2527 2290 tu,
2548 2223 2739 2292 inquit,
2764 2240 2857 2293 ego
2888 2222 3041 2277 hodie
3071 2221 3221 2293 genui
3253 2232 3301 2275 te
3317 2221 3385 2275 ³³.

1830 2322 1988 2392 Atqui
2014 2329 2133 2376 erat
2159 2317 2326 2388 magis
2360 2323 2788 2371 consentaneum
2820 2313 3114 2367 secundum
3160 2311 3385 2368 istorum

1833 2416 2117 2473 rationem,
2169 2421 2453 2479 propterea
2493 2406 2636 2478 quod
2699 2404 2911 2476 genitus
2947 2412 3047 2467 est,
3086 2407 3386 2473 genituram

1831 2502 2032 2569 vocari,
2074 2515 2179 2556 non
2237 2499 2462 2565 Filium;
2526 2510 2582 2553 at
2634 2509 2970 2567 nequaquam
3024 2495 3223 2549 dictum
3281 2502 3386 2549 est.

1833 2594 2063 2650 Proinde
2095 2599 2302 2661 oportet
2336 2605 2457 2646 eum
2480 2589 2569 2658 qui
2602 2586 2803 2643 Christi
2827 2585 3086 2657 judicium
3109 2586 3178 2641 ob
3202 2584 3387 2641 oculos

1832 2688 1992 2743 habet
2040 2685 2293 2753 novitque
2340 2697 2500 2754 quam
2559 2680 2921 2753 periculosum
2986 2678 3058 2734 sit
3113 2678 3387 2749 quidpiam

1829 2778 2147 2835 subtrahere
2199 2787 2291 2831 aut
2332 2774 2532 2829 addere
2580 2773 2647 2829 iis
2695 2787 2817 2843 quae
2864 2786 2894 2827 a
2932 2769 3135 2843 Spiritu
3189 2770 3395 2827 tradita

1830 2881 1976 2935 sunt,
2024 2885 2129 2925 non
2161 2868 2344 2923 conari
2378 2866 2671 2935 quidquam
2700 2879 2731 2918 a
2766 2865 2944 2933 seipso
2981 2865 3259 2929 innovare,
3293 2862 3395 2919 sed

1832 2964 1883 3017 in
1922 2963 1985 3016 iis
2031 2976 2150 3030 quae
2200 2958 2347 3029 prius
2377 2973 2405 3013 a
2438 2957 2638 3013 sanctis
2681 2955 2925 3010 nuntiata
2975 2966 3123 3022 sunt,
3170 2956 3389 3025 acquie-

1832 3068 2003 3109 scere.
2038 3052 2188 3121 Quod
2224 3051 2386 3123 igitur
2420 3066 2519 3106 nec
2566 3047 2869 3105 communis
2908 3046 3256 3112 consuetudo,
3288 3062 3389 3103 nec

162 3138 376 3205 δεκται,
433 3144 619 3198 τούτου
668 3148 1010 3220 κατατολμᾷν
1043 3148 1159 3213 πῶς
1200 3152 1318 3223 οὐχὶ
1363 3153 1461 3225 τῆς
1496 3155 1728 3227 ἑσχάτης

1835 3145 2237 3216 Scripturarum
2264 3160 2397 3199 usus
2427 3143 2673 3208 admisit;
2699 3141 2751 3196 id
2783 3140 3000 3203 audere.
3040 3155 3216 3196 nonne
3240 3155 3387 3195 sum-

164 3230 427 3297 ἀπονοίας
454 3236 602 3301 ὲστί;
631 3238 725 3300 Τίς
755 3239 863 3310 γὰρ
897 3242 1077 3313 πατὴρ
1104 3244 1135 3313 ἦ
1168 3246 1345 3316 μήτηρ
1373 3245 1615 3317 εὐμενῶς
1638 3249 1730 3301 καὶ

162 3324 393 3395 ἡμέρως
442 3327 577 3397 πρὸς
614 3329 704 3381 τὸν
746 3331 802 3397 ἐξ
848 3333 1009 3387 αὑτοῦ
1067 3335 1422 3406 διακείμενος,
1464 3341 1621 3409 ἀφεὶς
1669 3340 1730 3393 τὸ

164 3419 592 3489 προσαγορεύειν
646 3422 806 3476 αὐτὸν
859 3422 966 3494 (Μ)
1016 3426 1129 3479 υίὸν
1172 3427 1203 3497 ἢ
1254 3429 1456 3498 τέκνον,
1486 3432 1729 3503 γέννημα

161 3505 235 3560 ἂν
273 3511 586 3580 προσείποι;
628 3512 843 3568 Τέκνον
884 3516 1018 3589 γὰρ,
1058 3518 1239 3589 φησὶν,
1270 3518 1458 3589 ὕπαγε
1501 3526 1586 3588 εἰς
1625 3523 1730 3577 τὸν

162 3600 494 3668 ἀμπελῶνα
516 3621 528 3633 ·
562 3606 652 3658 καὶ
680 3605 913 3678 ἀλλαχοῦ
937 3625 953 3641 ο
1011 3609 1071 3662 '0
1116 3610 1258 3677 Θεὸς
1298 3611 1503 3679 ὄψεται
1542 3614 1730 3681 ἐαυτῷ

161 3689 465 3756 πρόϐατον
492 3698 578 3761 εις
613 3696 875 3766 σφαγὴν,
904 3698 1143 3753 τέκνον·
1167 3701 1259 3753 καὶ
1292 3702 1451 3755 πάλιν
1473 3704 1500 3755 ὁ
1517 3704 1695 3759 Ἰσαάκ
1712 3721 1726 3735 ⁶

169 3776 270 3842 Τίς
283 3774 616 3848 einen-or;
647 3786 759 3851 καὶ,
794 3786 905 3852 Υἱὲ,
924 3787 1009 3857 μὴ
1042 3788 1151 3861 (45)
1181 3790 1441 3860 ὀλιγώρει
1466 3792 1733 3860 παιδείας

161 3870 390 3938 κυρίου
410 3888 424 3903 ⁸
455 3875 568 3940 καὶ,
596 3876 722 3944 Υἱὸς
742 3881 934 3949 σοφὸς
957 3883 1257 3951 εὐφραίνει
1280 3883 1500 3952 πατέρα
1522 3902 1535 3915 ·
1560 3886 1651 3939 καὶ
1682 3888 1734 3940 εἴ

134 3978 218 4045 .τι
251 3964 505 4020 τοιοῦτον.
539 3967 785 4039 Ούδαμοῦ
817 3972 872 4026 δὲ
910 3974 1152 4046 γέννημα
1198 3976 1288 4030 τὸν
1325 3976 1383 4042 ἑξ
1414 3977 1575 4031 αὑτοῦ
1605 3979 1732 4030 ἕκα-

164 4066 295 4114 στος
335 4053 645 4123 προσειπὼν
696 4060 1074 4117 ἐπιδείκνυται.
1126 4066 1233 4119 Καὶ
1266 4068 1298 4138 ή
1342 4068 1488 4122 αίτία
1517 4070 1724 4140 σαφής·

159 4144 249 4196 ὅτι
283 4144 311 4196 ὁ
338 4144 436 4214 μὲν
458 4146 567 4209 υίὸς
588 4149 681 4202 καὶ
709 4150 767 4204 τὸ
790 4151 975 4206 τέκνον
1005 4155 1262 4227 ἐμψύχων
1300 4159 1434 4212 εἰσὶν
1468 4159 1725 4231 ὀνόματα,

160 4236 225 4289 τὸ
270 4236 516 4310 γέννημα
564 4241 620 4293 δὲ
644 4243 703 4294 οὐ
746 4244 979 4307 πάντως.
1036 4248 1285 4319 Γέννημα
1321 4250 1417 4321 μὲν
1442 4252 1547 4324 γὰρ
1580 4253 1730 4307 δύνα-

158 4343 254 4379 ται
292 4324 539 4394 λέγεσθαι
566 4330 660 4383 καὶ
701 4333 760 4385 τὺ
790 4334 893 4404 πρὸ
943 4334 1037 4389 τοῦ
1065 4335 1481 4410 ἑξεικονισθῆναι
1520 4342 1577 4394 ἑν
1611 4348 1728 4408 ταῖς

158 4416 505 4487 ἀμόλώσεσιν
530 4421 911 4494 ἐκϐαλλόμενον
930 4444 943 4457 ·
972 4428 1029 4479 οὐ
1058 4427 1161 4500 μὴν
1189 4432 1279 4483 καὶ
1304 4431 1400 4503 τῆς
1422 4431 1511 4485 τοῦ
1537 4434 1722 4489 τέκνου

159 4510 534 4581 προσηγορίας
566 4510 714 4576 ἀξιον
753 4491 814 4567 τὸ
841 4491 1095 4572 τοιοῦτον.
1120 4491 1251 4574 ’Καὶ
1283 4491 1595 4595 γεννήματα
1625 4527 1722 4598 μὲν
1755 4491 1798 4545 D

156 4599 441 4690 oixapmi.
472 4602 569 4673 τῆς
602 4605 723 4675 γῆς,
757 4607 921 4659 τέκνα
954 4607 1009 4660 δὲ
1054 4609 1223 4665 ταῦτα
1252 4614 1451 4667 οὐκέτι.
1490 4617 1570 4669 Οὐ
1612 4618 1719 4690 γὰρ

152 4687 245 4756 μὴ
287 4692 417 4758 πίω,
453 4696 635 4765 φησιν,
678 4697 746 4750 ἐκ
783 4697 889 4753 τοῦ
922 4700 1286 4772 γεννήματος
1320 4704 1426 4774 τῆς
1448 4687 1717 4778 ἀμπέλου

156 4780 403 4883 ταύτης.
444 4785 690 4852 Σπανίως
714 4789 769 4841 δὲ
805 4790 897 4844 ἐπὶ
930 4788 1186 4863 ἐμψύχων
1213 4795 1310 4867 τὴν
1350 4800 1719 4871 προσηγορίαν

154 4877 367 4941 ταύτην
405 4877 845 4950 παραληφθεῖσαν
884 4881 1114 4954 εὕρομεν
1131 4884 1263 4955 (46).
1315 4889 1425 4943 Καὶ
1467 4891 1600 4944 ὅπου
1656 4909 1718 4961 γε

1833 3254 1933 3294 ma
1967 3237 2253 3293 dementia;
2275 3235 2397 3289 est?
2432 3234 2561 3300 Quis
2613 3234 2756 3288 enim
2804 3242 2958 3303 pater
2983 3244 3077 3286 aut
3122 3242 3315 3299 mater,
3340 3232 3386 3289 si

1832 3328 2086 3385 benevole
2109 3343 2170 3384 ac
2201 3327 2395 3383 blande
2418 3340 2541 3394 erga
2577 3339 2699 3380 eum
2737 3324 2829 3393 qui
2856 3339 2921 3379 ex
2960 3337 3019 3379 se
3058 3332 3162 3389 est,
3191 3324 3384 3379 allicia-

1833 3430 1938 3486 tur,
1965 3421 2165 3476 omisso
2195 3419 2288 3473 lilii
2329 3427 2423 3472 aut
2455 3416 2563 3470 nati
2617 3414 2858 3479 nomine,
2886 3415 3184 3485 genituram
3215 3414 3388 3484 ipsum

1832 3512 2141 3569 vocaverit?
2168 3511 2327 3574 Nate,
2367 3510 2531 3574 enim,
2582 3509 2776 3578 inquit,
2805 3509 2935 3561 uade
2989 3508 3045 3562 in
3098 3505 3383 3561 vineam”.

1830 3605 1896 3660 Et
1928 3605 2053 3661 alibi
2086 3622 2100 3658 :
2127 3603 2267 3657 Deus
2295 3600 2485 3657 videbit
2520 3616 2659 3655 ovem
2688 3600 2756 3654 ad
2782 3600 3069 3664 victimam,
3096 3598 3295 3653 nale".
3324 3599 3389 3653 Et

1831 3714 2016 3755 rursus
2039 3697 2226 3753 Isaac:
2261 3695 2391 3762 Qui:
2422 3712 2499 3760 es,
2537 3694 2754 3748 nate“?
2777 3694 2840 3748 Et
2869 3712 2882 3747 :
2912 3691 3075 3765 2“
3110 3691 3239 3758 Fili,
3279 3693 3385 3745 noli

1831 3794 2087 3863 negligere
2120 3790 2449 3859 disciplinam
2492 3787 2701 3841 Domini
2724 3787 2788 3841 ".
2820 3785 2882 3840 Et
2914 3802 2927 3837 :
2964 3784 3137 3839 Filius
3182 3785 3387 3855 sapiens

1831 3886 2065 3955 laztiﬁcat
2119 3893 2321 3955 patrem
2341 3882 2406 3936 ³⁸.
2450 3880 2515 3934 Et
2558 3880 2601 3935 si
2634 3880 2759 3949 quid
2812 3879 2953 3933 aliud
3007 3876 3122 3948 ejus
3152 3880 3382 3947 generis.

1830 3978 1997 4033 Nemo
2054 3984 2229 4031 autem
2284 3988 2407 4029 eum
2462 3972 2553 4041 qui
2608 3984 2679 4025 es.
2737 3972 2851 4041 ipso
2914 3978 3032 4035 est,
3084 3969 3385 4038 genituram

1832 4068 2125 4139 appellasse
2188 4080 2412 4136 usquam
2478 4063 2811 4135 perhibetur.
2895 4061 2959 4116 Et
3040 4071 3225 4132 aperte
3285 4061 3388 4115 hoc

1829 4172 1913 4217 est
1974 4174 2186 4223 causa),
2242 4158 2383 4229 quod
2439 4157 2579 4212 lilius
2634 4156 2850 4226 quidem
2904 4170 2967 4209 ac
3018 4163 3214 4219 natus,
3274 4152 3388 4206 ani-

1831 4262 2096 4308 matorum
2148 4261 2274 4305 sunt
2311 4250 2549 4312 nomina,
2581 4248 2825 4319 genitura
2875 4254 3052 4300 autem
3114 4257 3219 4298 non
3255 4256 3386 4297 con-

1830 4344 1998 4399 tinuo.
2059 4340 2191 4396 Nam
2250 4340 2301 4394 id
2359 4339 2523 4394 etiam
2568 4337 2707 4408 quod
2750 4345 3035 4405 antequam
3086 4332 3388 4388 conforma-

1831 4445 1939 4490 tum
1993 4435 2084 4501 sit,
2136 4434 2187 4487 in
2232 4431 2511 4486 abortibus
2559 4429 2793 4499 ejicitur,
2836 4427 3094 4497 genitura
3120 4424 3384 4479 nominari

1829 4537 2023 4599 potest,
2059 4542 2156 4581 nec
2214 4536 2390 4581 tamen
2443 4525 2545 4580 hoc
2606 4525 2715 4578 nati
2764 4521 3125 4592 appellatione
3164 4521 3384 4590 dignum

1827 4633 1927 4680 est.
1972 4622 2274 4690 Quinetiam
2328 4631 2485 4676 terra:
2534 4620 2745 4674 fructus
2797 4626 3059 4672 vocantur
3094 4615 3383 4683 geniturae,

1829 4717 1934 4770 nati
1966 4731 2070 4770 non
2107 4719 2253 4769 item.
2283 4712 2405 4768 Non
2434 4713 2576 4767 enim
2609 4711 2800 4775 bibam,
2825 4708 3020 4779 inquit,
3039 4707 3102 4763 de
3130 4707 3387 4777 genitnine

1830 4810 1948 4862 vilis
1990 4808 2148 4877 hujus
2171 4806 2409 4859 ἐκ-ηοω
2438 4819 2565 4861 vero
2596 4805 2648 4858 in
2678 4801 2931 4857 animatis
2974 4801 3113 4855 hanc
3149 4798 3386 4871 appellao

1829 4901 2028 4955 tionem
2057 4898 2351 4955 adhibitam
2386 4897 2708 4951 invenimus.
2736 4892 2801 4947 Et
2834 4902 2978 4950 certe
3012 4891 3101 4947 ubi
3129 4899 3394 4962 usurpata.

231 5076 280 5107 "
309 5077 534 5162 Pili-lipp.
563 5099 623 5146 tt,
657 5086 709 5162 9_.
795 5088 839 5162 ff
872 5087 1016 5162 l_‘_sal.
1051 5105 1111 5152 ιι,
1140 5090 1190 5142 7.
1271 5092 1315 5162 ξ’
1362 5093 1544 5149 Matth.
1581 5112 1694 5162 xxi,

1896 5097 1939 5128 ³⁵
1969 5095 2102 5151 Ceu.
2140 5111 2271 5161 mi,
2302 5094 2353 5148 8.
2430 5092 2474 5124 ³⁶
2503 5092 2641 5148 Gen.
2670 5106 2839 5157 um,
2869 5089 2955 5145 l8.
3031 5089 3074 5121 "
3102 5085 3261 5143 Prov.
3297 5101 3379 5151 ιιι,

159 5150 249 5204 ll.
330 5148 376 5180 ³⁸
396 5148 553 5207 Ρτόν.
582 5169 637 5218 ι,
674 5156 722 5211 Ι.
798 5159 842 5189 ³⁹
875 5158 1061 5215 Matth.
1092 5148 1238 5227 sxw,
1262 5160 1350 5217 29.

233 5285 347 5367 (ξι)
379 5287 512 5367 Edidi
547 5305 672 5367 curn
694 5292 1359 5367 οὶὶσιιιοιίηιδεζξὸραϊκὴν
1385 5294 1712 5367 ἑκφώνησιν.

153 5357 342 5438 Codri}
560 5370 608 5438 et
640 5357 1546 5438 Reg.'tertius'EGpaiZziqv'(pwvﬁv.

233 5425 346 5564 (ιεζ
380 5427 516 5481 Editi
553 5430 692 5485 τότε.
721 5425 943 5500 λιιιίιμιί
977 5434 1093 5489 libri
1120 5425 1273 5489 ’πότεξ

233 5498 324 5564 (45
385 5497 521 5551 Editi
553 5502 613 5553 τὸ
637 5502 728 5555 τοῦ
756 5502 1011 5564 Χριστοῦ.
1047 5506 1108 5557 At
1148 5523 1273 5561 mss.

370 5497 521 5577 -ξῖιιίιί
553 5502 613 5553 τὸ
637 5502 728 5577 τού
756 5497 1011 5577 Χριστοῦ.
1047 5506 1108 5557 At
1148 5523 1273 5561 mss.
1300 5507 1359 5561 τὸ
1392 5506 1646 5577 Χριστοῦ.

155 5566 566 5691 (“ﬁas-orem
599 5573 759 5625 αὐτόν
790 5566 856 5627 ex
890 5574 1060 5629 tribus
1093 5577 1367 5632 codicibus
1411 5566 1589 5647 Regiis
1621 5577 1715 5630 ad-

236 5705 349 5773 (45)
378 5707 514 5762 ΕιΙίιί
666 5730 795 5787 μου.
835 5716 947 5768 Vox
979 5734 1079 5787 μου
1112 5717 1162 5770 ἰιι
1190 5729 1417 5785 quatuor
1462 5734 1592 5771 mss.
1628 5721 1719 5771 dc-

236 5730 349 5773 μυ)
378 5730 514 5762 ntltu
562 5730 578 5762 1
600 5730 645 5764 ιε
666 5730 795 5837 μου.
842 5730 947 5768 ἴοι
979 5734 1079 5787 μου
1112 5734 1162 5770 tn
1190 5730 1417 5785 quatuor
1462 5734 1592 5771 mss.
1628 5730 1713 5771 ιω·

153 5784 267 5837 est,
316 5792 411 5832 nee
455 5781 591 5842 apud
624 5780 679 5835 L.
718 5784 753 5837 Χ
809 5801 1019 5846 quoque
1053 5789 1264 5851 legitur,
1308 5788 1462 5846 Prov.
1507 5804 1587 5849 III.
1628 5789 1713 5842 Η-

1823 5300 1927 5356 Sed
1960 5311 2136 5356 tamen
2167 5316 2227 5355 ca
2253 5300 2569 5369 exprimitur
2594 5308 2645 5353 et
2681 5298 2732 5351 in
2762 5297 3007 5369 Vulgata,
3036 5297 3385 5369 Disciplinam

1826 5372 2047 5431 Domini,
2082 5371 2157 5438 fili
2186 5375 2279 5433 mi,
2305 5366 2367 5423 ne
2401 5369 2640 5439 abjiciaa,
2677 5366 2903 5439 etiapnd
2941 5367 3185 5439 Paulum,
3211 5366 3382 5421 Hebr.

1825 5457 1919 5499 xu.
1955 5440 2008 5498 5.
2040 5437 2149 5494 Fili
2175 5442 2263 5505 mi,
2290 5440 2396 5493 noli
2436 5437 2690 5508 negligere
2720 5437 3047 5507 disciplinam
3076 5437 3304 5508 Domini.

1901 5510 2012 5581 (46)
2044 5511 2222 5595 Codex
2252 5511 2404 5593 colb.
2428 5521 2481 5564 et
2502 5506 2637 5605 'lleg.
2668 5510 2855 5605 tertius
2890 5510 2987 5591 ἐπὶ
3006 5506 3247 5579 ἐμψύχου
3280 5506 3379 5577 τὴν

1828 5578 2189 5653 προσηγορίαν
2223 5579 2423 5649 ταύτην
2455 5578 2887 5649 μεταληφθεωαν
2934 5578 3163 5650 εὓρομεν
3194 5591 3208 5605 ’
3256 5591 3376 5643 qm-

1826 5651 1925 5734 hns
1958 5652 2007 5703 in
2055 5651 2333 5706 codicibus
2388 5667 2480 5704 ure
2542 5650 2755 5720 εἴρηται
2812 5649 3071 5733 scriptum
3110 5650 3377 5701 invenitur

1826 5738 2068 5792 ενρηται.
