4058 6320
154 382 266 438 589

1274 379 1634 434 ADVERSUS
1672 379 2041 436 EUNOMIUM
2083 381 2211 435 LIB.
2256 381 2317 436 ll.

3270 383 3372 437 590

146 495 292 550 ἀλλὰ
334 492 500 565 μόνην
547 494 643 563 τήν
691 493 823 562 πρὸς
866 493 1048 563 ἓτερον
1103 492 1281 560 σχέσιν
1332 492 1720 562 ἀποσημαίνει,

1838 495 2197 548 habitudinem
2255 501 2424 558 notat,
2469 495 2519 549 id
2576 495 2935 549 substantiam
2989 509 3111 550 esse
3141 499 3373 563 sancire,

147 588 314 642 τοῦτο
346 587 526 639 ούσίαν
559 583 695 639 εἶναι
728 586 1032 655 νομοθετεῖν
1079 585 1192 647 πῶς
1223 586 1282 637 ού
1332 587 1428 655 τῆς
1458 586 1718 638 ἀνωτάτω

148 679 539 750 παραπληξίας
570 678 716 741 ἐστί;
751 678 1006 744 Καίτοιγε
1052 676 1242 747 μικρὸν
1277 676 1581 747 ἔμπροσθεν
1603 676 1714 743 (54)

149 771 430 824 ἐδείκνυτο
475 771 602 841 παρ’
634 771 810 841 ἡμῶν,
862 771 941 822 ὃτι
981 770 1072 820 καὶ
1104 769 1168 821 τὰ
1213 768 1584 839 ἀπολελυμένα
1612 769 1719 820 τῶν

149 861 455 932 ὀνομάτων,
484 861 585 914 κᾶν
613 861 678 914 τά
727 861 960 932 μάλιστα
987 859 1115 929 δοκῇ
1150 859 1506 930 ὑποκείμενόν
1537 877 1589 912 τι
1624 859 1720 929 δη-

151 952 308 1015 λοῦν,
339 953 437 1005 οὐκ
468 953 636 1023 αὐτὴν
666 953 961 1024 παρίστησι
987 952 1084 1021 τήν
1111 951 1316 1014 ούσίαν,
1368 949 1629 1022 ἰδιώματα
1665 951 1722 1004 δέ

151 1061 282 1097 τινα
309 1046 436 1112 περὶ
467 1045 634 1112 αὐτὴν
660 1043 926 1115 ἀφορίζει.

234 1135 322 1192 10.
360 1134 495 1188 Ἀλλ’
537 1137 564 1186 ὁ
612 1133 936 1202 σοφώτατος,
991 1135 1084 1187 καὶ
1128 1137 1246 1197 ταῖς
1294 1136 1722 1205 ματαιοτεχνίαις

154 1227 378 1282 ἅπαντα
421 1228 510 1280 τὸν
543 1226 653 1295 βίον
685 1225 1016 1296 ὲσχολακὼς,
1055 1227 1152 1278 ούκ
1187 1226 1409 1298 ἐρυθριᾷ
1435 1228 1603 1299 αὐτὴν
1628 1228 1726 1297 τὴν

155 1321 353 1374 οὐσίαν
379 1319 488 1391 (55)
515 1316 606 1370 τοῦ
639 1318 969 1386 Μονογενοῦς
1003 1319 1285 1388 σημαίνειν
1322 1318 1491 1385 λέγων
1520 1318 1578 1370 τὸ
1605 1317 1725 1385 γέν-

156 1427 334 1480 νημα.
366 1407 534 1459 Τοῦτο
563 1407 617 1459 δὲ
646 1408 774 1476 ὅσην
801 1406 894 1477 τὴν
935 1407 1159 1460 ἀτοπίαν
1191 1407 1324 1476 ἔχει,
1361 1407 1629 1458 σκοπεῖτε.
1660 1406 1723 1456 Et

157 1503 278 1572 γὰρ
306 1504 336 1570 ή
375 1499 532 1552 ούσία
561 1500 823 1569 γέννημα,
855 1499 948 1552 καὶ
982 1499 1262 1560 ἀνάπαλιν,
1300 1499 1351 1550 ετ
1377 1515 1427 1548 τι
1464 1497 1724 1566 γέννημα,

159 1593 325 1646 τοῦτο
379 1591 569 1644 ούσία·
622 1590 883 1661 ὀμοούσια
933 1590 1001 1643 τὰ
1045 1590 1357 1658 γεννήματα
1406 1589 1582 1641 πάντα
1617 1588 1726 1657 (ὃὸ)

159 1677 413 1746 ἀλλήλοις
443 1676 611 1730 ἔσται.
643 1678 733 1728 Ἐκ
756 1675 819 1746 δὴ
845 1676 1027 1727 τούτου
1045 1674 1095 1726 τί
1127 1672 1454 1743 συμϐήσεται
1481 1672 1617 1725 κατὰ
1642 1673 1728 1724 τὸν

159 1767 358 1821 τούτου
402 1767 592 1836 λόγον;
654 1770 712 1820 'O
756 1764 1080 1836 δημιουργὸς
1132 1764 1238 1817 τῶν
1279 1765 1413 1818 ὅλων
1448 1767 1578 1818 πᾶσι
1618 1766 1728 1826 τοῖς

1820 598 1884 636 an
1916 599 2018 637 non
2055 599 2279 639 summa:
2306 586 2556 639 amentia:
2585 584 2706 639 est?
2743 584 2902 654 Atqui
2935 585 3092 654 paulo
3127 589 3376 657 stiperius

1819 696 1848 735 a
1881 681 2034 736 nobis
2055 681 2482 737 demonstratum
2515 691 2616 744 est,
2660 680 2901 736 absoluta
2931 681 3092 734 etiam
3132 684 3372 747 nomina,

1817 775 2024 829 etiamsi
2084 776 2317 828 maxime
2387 772 2686 842 subjectum
2758 776 3013 844 quiddam
3066 775 3375 845 signiﬁcare

1818 866 2120 930 videantur,
2155 881 2260 919 non
2293 875 2472 921 tamen
2506 868 2857 921 substantiam
2892 869 3058 936 ipsam
3099 868 3372 932 exhibere,

1820 958 1912 1011 sed
1937 957 2291 1026 proprietates
2320 958 2582 1026 quasdam
2619 959 2762 1013 circa
2799 958 2967 1028 ipsam
3001 961 3299 1029 designare.

1897 1134 1983 1188 10.
2029 1135 2130 1190 Sed
2166 1135 2594 1202 sapientissimus
2622 1139 2747 1201 'ille,
2775 1140 2865 1208 qui
2903 1140 2952 1194 in
2982 1141 3135 1193 vanis
3166 1140 3374 1194 artibus

1825 1224 1988 1278 vitam
2035 1233 2196 1278 totam
2230 1227 2581 1294 consumpsit,
2616 1227 2796 1281 dicere
2827 1243 2932 1281 non
2963 1228 3250 1291 erubescit,
3283 1243 3374 1295 ge-

1825 1315 2000 1369 nitura
2025 1316 2380 1369 substantiam
2409 1317 2576 1384 ipsam
2602 1314 2873 1384 Unigeniti
2899 1317 3206 1388 signiﬁcari.
3230 1317 3381 1383 Quod

1825 1420 1984 1473 quam
2037 1402 2329 1460 absurdum
2363 1406 2450 1468 sit,
2479 1421 2681 1476 quaaso,
2711 1408 3137 1461 animadvertite.
3171 1407 3382 1461 Etenim

1827 1499 1872 1552 si
1927 1497 2225 1552 substantia
2276 1498 2517 1566 genitura
2564 1499 2655 1563 sit,
2705 1507 2759 1552 ct
2797 1498 2910 1553 vice
2958 1514 3132 1562 versa,
3163 1499 3208 1552 si
3239 1501 3382 1568 quod

1828 1587 2072 1655 genitura
2132 1595 2233 1648 est,
2279 1588 2380 1640 hoc
2429 1586 2728 1640 substantia
2775 1587 2864 1651 sit,
2907 1589 3165 1656 geniturae
3195 1602 3384 1642 omnes

1828 1685 1987 1730 erunt
2028 1677 2168 1729 inter
2208 1692 2265 1730 se
2306 1673 2813 1732 consubstantiale's.
2851 1678 2986 1733 Hinc
3025 1677 3133 1746 jam
3193 1693 3386 1734 secun-

1830 1768 1953 1821 dum
2009 1765 2165 1834 hujus
2218 1767 2475 1819 rationem
2520 1769 2647 1835 quid
2711 1770 2959 1826 eveniet?
3016 1768 3386 1838 Comperietur

161 1859 471 1928 γεννήσεως
512 1857 854 1928 μετειληφόσι
889 1856 984 1925 τὴν
1017 1856 1186 1926 αὐτὴν
1219 1856 1355 1925 ἔχων
1388 1857 1572 1908 οὐσίαν
1601 1856 1727 1908 ἀνα-

1838 1857 2199 1911 uuiversorum
2228 1857 2412 1926 opifex
2441 1859 2685 1913 eamdem
2720 1873 2840 1914 cum
2871 1862 3122 1916 omnibus
3152 1875 3384 1932 genera-

163 1951 486 2020 φανήσεται.
524 1949 595 2002 Ού
626 1949 730 2018 γὰρ
753 1949 815 2018 δὴ
845 1948 935 1998 ὲπ).
963 1947 1059 2017 μὲν
1086 1946 1180 1999 τοῦ
1206 1947 1334 2000 Υίοῦ
1364 1949 1548 2002 οὐσίαν
1573 1949 1730 2017 φήσει

165 2040 455 2112 σημαίνειν
482 2039 540 2090 τὸ
575 2038 840 2108 γέννημα,
871 2037 960 2089 ἐπὶ
989 2037 1043 2089 δὲ
1086 2038 1191 2089 τῶν
1225 2038 1424 2090 λοιπῶν
1453 2038 1558 2088 τῶν
1602 2054 1729 2106 μετ-

162 2135 400 2204 εχόντων
444 2131 706 2200 γενέσεως
751 2132 930 2184 ούκέτι
971 2131 1067 2200 τὴν
1094 2131 1261 2201 αὑτήν
1286 2132 1490 2183 ἔννοιαν
1521 2129 1732 2184 ἀποσώ-

166 2225 287 2290 ζειν
316 2225 445 2295 (57).
487 2224 635 2276 Ἐπεὶ
666 2224 872 2292 λεγέτω
901 2225 1021 2278 τινὰ
1049 2227 1224 2279 αἰτίαν
1267 2226 1408 2294 σαφῆ
1449 2223 1540 2276 καὶ
1573 2226 1732 2276 ἀναν-

164 2319 426 2388 τίρρητον
458 2316 550 2368 τοῦ
583 2317 679 2387 τὴν
708 2317 872 2388 αὐτὴν
903 2317 1266 2389 προσηγορίαν
1297 2316 1368 2385 μὴ
1404 2317 1494 2369 ἐπὶ
1519 2317 1733 2371 πάντων

165 2408 373 2478 ὁμοίως
400 2407 459 2460 τὸ
489 2409 599 2462 ἴσον
631 2409 903 2462 δύνασθαι.
947 2409 1082 2458 Ἀλλ’
1117 2409 1212 2460 οὐκ
1237 2408 1299 2461 ἂν
1332 2408 1463 2478 ἔχοι.
1502 2412 1597 2463 Ὃν
1624 2411 1734 2482 γὰρ

167 2500 240 2551 ἂν
295 2501 557 2574 ἐπινοήσῃ
586 2500 694 2569 (58)
756 2500 1086 2570 γεννήματος
1140 2498 1313 2568 λόγον,
1369 2496 1518 2565 οὗτος
1574 2504 1735 2554 πᾶσιν

166 2589 376 2660 ὁμοίως
421 2593 532 2653 τοῖς
583 2593 856 2658 γεννητοῖς
898 2591 1214 2660 ἐφαρμόσει.
1253 2592 1522 2659 Μέγιστον
1555 2593 1610 2644 δὲ
1652 2611 1737 2644 τε-

171 2683 410 2752 κμήριον
446 2684 541 2751 τῆς
585 2680 839 2750 ἀληθείας
884 2680 977 2732 τοῦ
1024 2681 1180 2749 λόγου
1219 2685 1250 2753 ή
1296 2683 1457 2736 αὑτοῦ
1510 2683 1736 2736 ἑκάστου

172 2772 285 2824 τῶν
311 2771 612 2824 ἀκουόντων
636 2769 860 2825 διάνοια.
908 2771 1190 2842 Ἐρωτάτω
1223 2772 1330 2843 γὰρ
1359 2773 1584 2836 ἕκαστος
1612 2774 1736 2824 ἐαυ-

170 2866 289 2930 τὸν,
326 2862 542 2916 ἐπειδὰν
572 2861 775 2933 ἀκούσῃ
801 2862 930 2933 (59),
975 2863 1031 2914 '0
1064 2863 1208 2916 δεῖνα
1239 2863 1329 2916 τοῦ
1362 2863 1528 2926 δεῖνος
1553 2863 1740 2932 γέννη-

177 2971 279 3022 μα,
322 2952 437 3005 τίνα
496 2950 697 3004 ἔννοιαν
734 2951 1072 3005 ὲντυποῦται.
1103 2947 1246 3023 Ἀρα
1289 2954 1366 3005 ὃτι
1399 2954 1428 3003 ὁ
1467 2952 1740 3023 γεννηθεὶς

172 3043 338 3095 οὐσία
379 3041 471 3095 τού
511 3043 894 3114 γεγεννηκότος
920 3043 1098 3108 ὲστίνς
1146 3045 1215 3096 ’Ἠ
1251 3043 1405 3094 τοῦτο
1434 3042 1531 3111 μὲν
1569 3061 1738 3096 κατα-

171 3135 460 3203 γέλαστον,
491 3135 664 3185 έκεῖνο
689 3134 744 3185 δὲ
772 3133 985 3204 ἀληθὲς,
1017 3134 1097 3186 ὅτι
1128 3133 1252 3202 παρ’
1282 3131 1441 3185 αὑτοῦ
1471 3134 1740 3203 γεννητῶς

174 3229 260 3290 είς
294 3225 357 3278 τὸ
394 3221 543 3278 εἶναι
576 3225 848 3295 παρήχθη.
881 3225 1047 3276 Τοῦτο
1091 3222 1268 3274 τοίνυν
1309 3224 1507 3292 ὁμοίως
1546 3225 1634 3277 ἐπί
1679 3243 1738 3278 τε

175 3319 276 3371 τού
305 3319 415 3387 (60)
445 3317 777 3385 Μονογενοῦς
819 3317 911 3368 καὶ
944 3317 1027 3382 ἐφ’
1068 3315 1372 3369 οὑτινοσοῦν
1417 3317 1522 3369 τῶν
1554 3336 1742 3389 γεννη-

178 3410 388 3462 θέντων
423 3409 649 3477 ἁρμόσει
681 3407 949 3474 λέγεσΘαι.
982 3407 1090 3460 Καὶ
1120 3408 1303 3478 μηδεὶς
1336 3409 1542 3479 (ἐπειδὴ
1567 3410 1738 3461 κοινὸν

175 3499 245 3552 τὸ
270 3497 368 3565 τῆς
398 3496 650 3565 σχέσεως)
680 3497 993 3568 καθαίρεσιν
1019 3494 1156 3551 εἶναι
1203 3502 1302 3569 τῆς
1335 3499 1486 3564 ἀξίας
1514 3499 1605 3552 τοῦ
1630 3501 1742 3552 Μο-

175 3585 433 3656 νογενοῦς
455 3587 736 3657 νομιζέτω.
764 3589 836 3641 Ού
869 3589 975 3660 γὰρ
1003 3591 1058 3642 ὲν
1085 3589 1159 3658 τῷ
1189 3590 1322 3659 πρός
1363 3589 1413 3640 τί
1457 3607 1571 3651 πως
1601 3589 1739 3659 ἔχειν

180 3683 219 3750 ἡ
255 3679 484 3749 διαφορὰ
519 3679 596 3750 τῷ
627 3680 737 3752 Υἱῴ
770 3682 902 3752 πρὸς
935 3681 999 3732 τὰ
1024 3681 1174 3744 ἄλλα,
1207 3681 1320 3734 ἀλλ’
1347 3683 1404 3735 ὲν
1428 3683 1493 3751 τῇ
1523 3682 1740 3752 ἰδιότητι

178 3771 285 3839 τῆς
319 3770 501 3833 cinia;
587 3771 824 3841 ὑπεροχὴ
852 3769 942 3822 τοῦ
987 3770 1118 3821 Θεοῦ
1160 3770 1294 3839 πρὸς
1323 3771 1389 3822 τὰ
1432 3770 1598 3841 θνητὰ
1627 3771 1739 3823 δια--

181 3862 455 3930 φαίνεται.
489 3864 744 3915 Σκοπεῖτε
788 3864 966 3933 μέντοι
993 3863 1091 3915 ποῦ
1119 3864 1213 3932 τῆς
1243 3862 1467 3924 ἀτοπίας
1491 3865 1518 3915 ὁ
1541 3864 1741 3918 τούτων

178 3955 346 4020 λόγος
378 3954 612 4023 ἐκρέρει.
642 3954 703 4004 Ei
733 3954 792 4005 τὸ
816 3954 1053 4022 γέννημα
1082 3954 1266 4022 ἐτέρου
1311 3953 1523 4021 λέγεται
1556 3956 1743 4026 γέννη-

186 4061 290 4116 μα,
321 4043 447 4114 ὠςῆ
478 4062 535 4096 τε
561 4043 710 4114 κοινὴ
742 4042 995 4112 συνήθεια
1021 4043 1240 4111 βεϐαιοῖ,
1275 4046 1365 4095 καὶ
1406 4045 1576 4110 οὐδεὶς
1620 4049 1742 4100 ἀντ·

180 4132 329 4200 ερεῖ,
351 4132 512 4183 ταυτὸ
533 4133 590 4184 δὲ
618 4132 772 4184 τοῦτο
805 4130 897 4182 καὶ
924 4131 1120 4182 ἐπὶτοῦ
1141 4132 1267 4182 Υίοῦ
1297 4134 1405 4198 (6|)
1433 4134 1616 4187 οὐσίαν
1648 4153 1744 4206 ση·

187 4224 373 4294 μαίνει
405 4223 541 4274 κατὰ
569 4225 657 4278 τὸν
696 4224 896 4276 τούτων
929 4222 1111 4291 λόγον·
1141 4225 1345 4276 ἐκείνου
1390 4225 1535 4276 ἔσται
1568 4227 1741 4292 οὐσία,

181 4307 252 4370 οὗ
301 4315 393 4366 καὶ
430 4313 668 4384 γέννημα
697 4314 933 4381 λέγεται.
970 4316 1155 4367 Ἔσται
1190 4315 1364 4368 τοίνυν
1390 4320 1451 4368 ἐκ
1483 4318 1579 4385 τῆς
1618 4320 1745 4371 ἀκο-

183 4407 411 4469 λουθίας
434 4407 633 4478 ταύτης
668 4406 847 4459 ούκέτι
885 4406 978 4458 τοῦ
1007 4407 1339 4474 Μονογενοῦς
1361 4407 1457 4478 τήν
1481 4410 1666 4462 ούσίαν
1709 4411 1742 4481 ἡ

1832 1950 2030 2002 tionem
2087 1949 2537 2018 participantibus
2592 1951 2950 2005 substantiam
2998 1951 3222 2007 habere.
3277 1951 3387 2006 Nec

1830 2041 1974 2095 enim
2024 2040 2266 2094 dicturus
2293 2050 2375 2094 est
2408 2042 2709 2111 genituram
2763 2043 2816 2096 in
2856 2043 2991 2098 Filio
3033 2043 3388 2098 sobstantiam

1831 2131 2155 2201 signiﬁcare,
2191 2132 2240 2184 in
2285 2131 2506 2201 reliquis
2552 2147 2680 2187 vero
2720 2133 3081 2203 generationis
3115 2133 3387 2203 participi-

1831 2222 1932 2277 bus
1959 2237 2061 2275 non
2095 2223 2341 2276 eamdem
2384 2224 2617 2292 amplius
2656 2226 2924 2280 notionem
2956 2227 3208 2280 retinere.
3239 2226 3388 2279 Alio-

1831 2311 1920 2380 qui
1950 2311 2187 2381 proferat
2210 2310 2407 2364 claram
2443 2312 2727 2380 quamdam
2755 2327 2972 2366 causam
3008 2313 3092 2365 cui
3127 2327 3230 2364 non
3266 2326 3390 2378 pos-

1836 2405 1906 2458 sit
1941 2403 2260 2466 contradici,
2293 2419 2389 2458 cur
2416 2404 2700 2473 appellatio
2729 2405 2915 2458 eadem
2962 2403 3202 2458 eamdem
3237 2401 3388 2455 simi-

1836 2494 1958 2548 liter
1981 2493 2032 2547 in
2066 2494 2316 2547 omnibus
2357 2493 2462 2545 vim
2495 2507 2597 2545 non
2647 2492 2860 2547 habeat.
2891 2492 2960 2544 At
2987 2499 3133 2543 certe
3163 2503 3268 2541 non
3294 2501 3389 2555 po-

1836 2585 1981 2638 terit.
2011 2583 2393 2651 Quamcunque
2438 2582 2580 2636 enim
2623 2583 2880 2652 geniturae
2917 2581 3178 2635 rationem
3233 2592 3392 2634 exco-

1838 2675 2105 2744 gitaverit,
2157 2689 2217 2727 ea
2255 2673 2503 2728 omnibus
2548 2674 2796 2728 similiter
2856 2671 3050 2741 genitis
3112 2679 3390 2740 congruet.

1840 2765 2033 2819 Verum
2075 2775 2253 2818 autem
2305 2779 2426 2817 esse
2472 2765 2611 2833 quod
2647 2765 2898 2826 dicimus,
2929 2764 2980 2816 id
3013 2764 3153 2830 quod
3200 2762 3394 2829 cuique

1838 2855 2166 2909 audientium
2225 2856 2274 2908 in
2324 2865 2556 2910 mentem
2603 2858 2768 2921 venit,
2834 2856 3124 2910 maximum
3181 2854 3391 2924 signum

1839 2955 1942 3002 est.
2007 2946 2303 3016 lnterroget
2364 2946 2507 3005 enim
2554 2948 2929 3017 unusquisque
2991 2947 3248 3015 seipsutn,
3303 2942 3391 2997 ubi

1841 3039 2112 3093 audierit:
2145 3038 2240 3092 llic
2291 3039 2448 3108 hujus
2479 3041 2725 3110 genitura
2764 3049 2865 3103 est,
2893 3039 3020 3107 quid
3059 3038 3237 3091 animo
3266 3051 3398 3090 con-

1846 3128 2030 3198 cipiat.
2069 3127 2202 3181 Nutn
2243 3128 2444 3197 cogitat
2484 3130 2722 3196 genitum
2760 3128 3016 3197 genitoris
3042 3125 3400 3182 substantiam

1843 3219 2006 3277 esse?
2039 3220 2216 3284 Certe,
2247 3231 2301 3274 ut
2330 3221 2431 3274 hoc
2464 3221 2746 3276 ridiculum
2776 3229 2880 3286 est,
2920 3219 2991 3274 ita
3025 3219 3154 3274 illud
3184 3232 3397 3279 verum,

1839 3315 1981 3384 quod
2016 3315 2082 3368 ab
2119 3328 2185 3369 eo
2222 3329 2315 3383 per
2347 3315 2712 3382 generationis
2755 3314 2968 3369 modum
3012 3311 3077 3365 ad
3120 3326 3229 3365 esse
3267 3325 3396 3379 pro-

1839 3404 2030 3459 ductus
2066 3405 2155 3458 sit.
2192 3404 2302 3459 Hoc
2333 3408 2512 3475 itaque
2562 3421 2658 3474 par
2706 3405 2870 3459 fuerit
2916 3403 3167 3458 similiter
3222 3411 3278 3455 et
3331 3402 3398 3454 de

1840 3495 2127 3567 Unigenito
2158 3496 2295 3551 etde
2321 3511 2644 3566 quocunque
2677 3497 2856 3568 genito
2888 3495 3087 3551 dicere.
3122 3495 3186 3548 Et
3217 3509 3395 3555 nemo,

1842 3593 2093 3660 quoniam
2125 3587 2426 3644 communis
2464 3589 2681 3644 habitus
2732 3597 2837 3652 est,
2874 3585 3142 3656 Unigeniti
3173 3584 3400 3653 dignita-

1844 3694 1948 3738 tem
1986 3684 2188 3738 destrui
2217 3682 2506 3736 existimet.
2541 3681 2655 3735 Non
2686 3681 2829 3736 enim
2860 3679 3028 3734 Filius
3059 3679 3110 3733 in
3133 3693 3197 3734 eo
3224 3677 3400 3734 dill'ert

1841 3774 1908 3828 ab
1943 3773 2085 3838 aliis,
2116 3772 2257 3842 quod
2305 3785 2424 3826 sese
2469 3772 2534 3826 ad
2574 3771 2774 3840 aliquid
2800 3774 2948 3828 Certo
2973 3772 3216 3841 quodam.
3239 3770 3399 3822 modo

1841 3866 2037 3922 habeat
2064 3881 2080 3917 :
2108 3864 2199 3919 sed
2233 3864 2322 3918 Dei
2358 3865 2662 3934 praestantia
2697 3879 2800 3933 qua
2831 3877 2916 3918 res
2947 3859 3200 3916 mortales
3233 3874 3394 3925 supe-

1843 3965 1948 4023 rat,
1982 3957 2034 4010 in
2078 3955 2395 4012 substantiae
2439 3955 2772 4026 proprietate
2812 3953 3126 4010 ostenditur.
3159 3951 3221 4005 At
3264 3965 3404 4004 cou-

1843 4050 2073 4103 siderate
2100 4049 2164 4103 ad
2189 4063 2344 4117 quam
2368 4047 2617 4118 ineptiam
2648 4047 2890 4102 doctrina
2922 4047 3112 4099 horum
3141 4043 3397 4098 deducat.

1845 4142 1900 4196 Si
1930 4142 2194 4211 genitura,
2221 4142 2439 4196 alterius
2471 4141 2712 4211 genitura
2747 4142 2976 4204 dicatur,
3013 4139 3223 4193 sicutet
3248 4151 3396 4189 com-

1846 4233 2018 4285 munis
2032 4231 2353 4286 consuetudo
2369 4233 2784 4296 couﬁrmat,nec
2815 4231 3092 4298 quisquam
3126 4225 3397 4280 contradi-

1844 4324 2080 4385 cet,b:ec
2109 4324 2217 4392 ipsa
2250 4334 2424 4375 autem
2454 4324 2692 4391 genitura
2725 4325 2775 4376 in
2799 4322 2932 4376 Filio
2963 4335 3175 4390 quoque
3203 4334 3399 4374 secun-

1844 4412 1968 4466 dum
1984 4415 2170 4467 horum
2185 4414 2475 4468 doctrinam
2492 4414 2840 4468 substantiam
2857 4415 3138 4484 signiﬁcet,
3155 4413 3401 4468 substan—

183 4497 287 4548 τοῦ
321 4499 652 4567 γεννήματος
683 4496 1016 4568 προσηγορία
1062 4499 1412 4567 σημαίνουσα,
1443 4502 1576 4572 ὅπερ
1603 4497 1736 4555 οὗτοι

1849 4505 1917 4558 tia
1941 4505 2040 4559 erit
2063 4504 2383 4576 illius,cujus
2410 4510 2646 4578 genitura
2667 4508 3052 4579 diciturnaw
3069 4509 3138 4561 Ex
3166 4508 3265 4561 hac
3300 4508 3399 4558 ita-

189 4587 490 4665 βιάζονται,
521 4589 654 4641 ἀλλὰ
690 4588 779 4642 τοῦ
806 4586 938 4639 Θεοῦ
970 4588 1082 4641 τῶν
1103 4589 1254 4643 ὅλων.
1292 4590 1351 4641 Εἰ
1378 4591 1482 4659 γάρ
1511 4593 1604 4661 οὐχ
1637 4587 1745 4646 οἷόν

185 4699 250 4733 τε
278 4681 461 4739 ἕτερον
490 4681 584 4751 μέν
607 4699 657 4734 τι
690 4682 786 4751 τὴν
815 4681 1000 4734 οὐσίαν
1045 4682 1203 4746 νοεῖν,
1235 4681 1415 4753 ἕτερον
1444 4682 1499 4734 δέ
1532 4700 1580 4734 τι
1618 4687 1745 4754 παρ’

267 4872 630 4947 (ὅθβιιίιῖεῑ
660 4876 791 4943 Reg.
827 4882 1018 4947 sextus
1055 4875 1243 4928 Καίτοι
1293 4877 1486 4946 μικρὸν
1529 4875 1739 4946 ἐμπρο-

192 4943 344 5002 σθεν.
376 4943 473 4996 Alii
502 4946 736 5013 quinque
767 4953 982 5013 msstut
1008 4945 1056 4996 in
1085 4943 1358 4999 contextu.

268 5013 587 5088 (55)Ει1ἰιίο
635 5012 857 5088 ut_ra_que
883 5012 1087 5088 _Par_is._
1142 5023 1195 5068 et
1225 5014 1376 5088 _Veu_.
1432 5031 1551 5069 cum
1586 5015 1740 5088 diog.

190 5082 390 5157 quinto
432 5094 485 5157 et
515 5082 815 5157 cumColb.
844 5084 941 5157 τὴν
971 5083 1175 5157 ούσίαν.
1222 5084 1366 5136 Reuii
1397 5086 1664 5157 secundus
1691 5095 1745 5139 et

196 5152 397 5212 tertius
422 5153 520 5225 τὴν
549 5152 864 5225 ὑπόστασιν.
895 5152 950 5205 lu
1003 5153 1131 5222 Reg.
1160 5163 1352 5221 quarto
1396 5155 1445 5206 iu
1487 5166 1742 5210 contextu

197 5222 514 5296 Ιεκὶῑιιιξτῆν
565 5222 909 5296 ὑπόστασινς
957 5225 1008 5296 in
1058 5225 1295 5296 margine
1338 5237 1463 5296 vero
1497 5226 1630 5296 ᾃτὴνγ
1661 5225 1750 5277 ού-

198 5298 348 5349 σίαν.
385 5291 507 5346 Μίιὶι
543 5305 718 5348 autem
753 5291 1039 5346 verisimile
1073 5293 1150 5356 ﬁt,
1182 5293 1465 5360 scripsisse
1496 5291 1746 5347 Ba'siliuut

195 5364 642 5435 τὴννὺπόστασιν,
678 5362 992 5435 hypostasiut
1035 5360 1298 5430 Unigenili
1348 5373 1366 5412 :
1405 5377 1586 5435 vocem
1621 5379 1748 5435 vero

197 5432 393 5489 ουσίαν
453 5435 679 5502 primunt
716 5432 773 5486 in
828 5432 1065 5496 margine
1124 5435 1410 5502 ascriptum
1468 5432 1636 5488 fuisse
1682 5432 1749 5485 ab

201 5509 412 5573 aliquo,
453 5500 541 5572 qui
592 5518 808 5556 monere
859 5503 1033 5565 vellet,
1068 5500 1596 5556 νοεειιιὺπόστασιν
1647 5520 1750 5558 nou

202 5579 295 5630 hic
322 5574 505 5626 stricte
539 5574 676 5626 sumi
731 5588 825 5640 pro
873 5574 1179 5642 liypostasi,
1217 5587 1309 5624 seu
1354 5587 1448 5640 pro
1500 5588 1750 5640 persona,

202 5646 303 5700 sed
338 5644 581 5708 usurpari
624 5643 809 5696 latiore
834 5641 1017 5703 sensu,
1048 5641 1296 5693 videlicet
1331 5657 1425 5708 pro
1478 5644 1590 5709 ipsa
1621 5648 1744 5696 sub-

205 5716 431 5767 stantia.
475 5709 600 5764 Utut
625 5713 737 5771 ιιαιε
771 5721 914 5777 sunt,
955 5712 1082 5766 nihil
1111 5711 1161 5765 in
1192 5721 1442 5766 contextu
1476 5714 1753 5767 immutan-

205 5789 334 5839 dum
357 5781 676 5837 censuimus.

1849 4609 1953 4664 que
1978 4597 2354 4652 consecutioue
2387 4598 2711 4660 conﬁcietur,
2747 4609 2804 4652 ut
2833 4600 3087 4665 genitura:
3119 4597 3402 4666 appellatio

1863 4701 1966 4738 non
2012 4688 2246 4755 amplius
2303 4688 2568 4756 Unigeniti
2623 4690 2978 4744 substantiam
3038 4687 3324 4756 signiﬁcet,
3350 4689 3400 4740 id

1923 4859 2032 4935 (56)
2070 4859 2199 4930 Reg.
2241 4873 2462 4931 quartus
2511 4864 2768 4935 όμοούσια
2810 4862 2878 4914 τά
2928 4863 3176 4935 γεννητὰς
3201 4863 3405 4925 πάντα,

1854 4934 2031 5004 omnia
2083 4948 2401 5004 qua’cunque
2451 4934 2693 5004 generum
2753 4941 2895 4994 sunt,
2963 4944 3113 4986 erunt
3154 4934 3295 5004 inter
3350 4950 3403 4985 se

1852 5001 2335 5055 consubstantialia’.
2371 5001 2565 5057 lbiilem
2604 5020 2730 5057 mss.
2769 5013 2998 5070 quatuor
3028 5004 3118 5055 Ἐκ
3147 5001 3226 5058 δέ.
3262 5003 3408 5056 Ειιίιι

1852 5084 2102 5143 couinno
2132 5088 2257 5125 mss.
2303 5075 2395 5127 Ἐκ
2414 5075 2496 5143 δή.

1922 5141 2033 5208 (57)
2069 5141 2245 5196 Codex
2277 5161 2410 5198 unus
2439 5141 2826 5196 ἀναποσώσειν.

2061 5211 2193 5284 Reg.
2226 5214 2413 5266 tertius
2446 5213 2509 5284 ἂν
2534 5213 2844 5284 ἐπινοήσεις.

1924 5271 2033 5353 (59)
2059 5271 2195 5336 Ειιῆἰ
2221 5284 2356 5336 ἐπάν
2380 5282 2585 5353 ἀκούσῃ
2637 5271 2717 5353 At.
2740 5271 2867 5353 nias.
2899 5278 3364 5353 έ-πειδάνὲἀκούσῃ.

1924 5341 2035 5420 (60)
2070 5353 2290 5406 Codices
2322 5353 2522 5421 aliquot
2553 5341 2645 5406 ἶς’πί
2675 5369 2732 5404 τε
2753 5352 2865 5406 τοῦ.
2901 5350 3036 5404 Editi
3063 5350 3156 5404 ἐπὶ
3183 5347 3296 5402 τοῦ.

1927 5423 2034 5492 (tit)
2078 5422 2246 5476 Voces
2288 5422 2410 5488 illae,
2445 5423 2537 5476 ἐπὶ
2562 5422 2655 5476 τού
2706 5422 2853 5484 Υἱοῦ,
2892 5437 2995 5472 non
3037 5421 3406 5492 solutn__eras;e

1856 5489 2052 5546 suntin
2087 5493 2217 5559 Reg.
2248 5493 2424 5554 tertio,
2454 5499 2544 5547 sed
2574 5496 2793 5546 omnino
2830 5493 3026 5544 desunt
3056 5491 3110 5544 in
3152 5489 3274 5559 aliis
3304 5491 3402 5559 tri—

1857 5565 1957 5618 bus
1991 5558 2264 5616 codicibus
2312 5562 2493 5618 itidem
2541 5562 2721 5631 Regiis
2758 5579 2768 5612 :
2807 5571 2981 5631 tamen
3035 5576 3127 5615 eas
3184 5558 3403 5631 retinui-

1858 5648 1993 5694 mus,
2027 5633 2166 5700 quod
2195 5632 2245 5683 iu
2275 5632 2391 5688 aliis
2440 5627 2659 5690 totidem
2691 5648 2816 5688 mss.
2849 5638 2903 5686 et
2939 5630 2990 5686 in
3035 5627 3310 5699 impressis
3342 5627 3407 5683 li:

1856 5706 1965 5758 bris
1990 5703 2252 5773 legantur.
