4058 6320
697 349 803 405 595

2026 363 2082 417 S.
2126 362 2369 418 BASILII
2411 364 2624 419 MAGNI

3813 371 3897 426 59ίὲ

693 480 873 535 opera:
919 470 1144 536 pretium
1175 483 1293 540 est,
1324 475 1466 544 quod
1512 477 1637 531 dum
1674 492 1738 532 ex
1782 495 1886 533 non
1918 484 2247 536 exstantibus

2357 501 2448 535 σαι
2478 482 2644 547 ἀξιον,
2685 483 2744 534 οὑ
2782 483 3076 546 συνιέντας,
3119 483 3221 547 ὅτι,
3252 485 3314 537 ἐκ
3355 486 3429 555 μὴ
3463 485 3634 539 ὄντων
3676 487 3901 554 λέγοντες

692 572 817 611 esse
861 556 1040 612 dicunt
1085 560 1317 626 Filium,
1370 577 1704 634 nequaquam
1753 567 2062 638 intelligunt
2113 575 2254 638 quod

695 664 816 702 eum
863 667 965 704 non
1005 653 1162 707 Patre
1208 655 1405 716 solum,
1455 659 1548 711 sed
1589 672 1650 711 ea
1681 659 1843 712 etiam
1883 676 1940 714 re
1973 677 2068 730 per
2097 679 2254 730 quam

699 741 1039 811 Unigenitum
1065 761 1092 796 a
1121 745 1274 798 Patre
1301 757 1576 815 separant,
1605 750 1960 818 posteriorem
1992 761 2250 807 statuant.

690 833 822 884 Nam
854 851 1075 890 necesse
1101 849 1206 898 est.
1231 839 1273 892 si
1303 839 1427 907 quid
1454 839 1523 892 sit
1548 840 1685 894 inter
1717 841 1929 895 Patrem
1958 853 2009 895 et
2035 844 2252 908 Filium,

691 925 742 976 id
781 924 901 977 Filii
933 927 1242 982 exsistentia
1284 931 1555 1000 antiquius
1595 947 1732 986 esse.
1779 933 1917 998 Quid
1954 935 2112 1002 igitur
2147 938 2248 989 hoc

688 1030 810 1069 esse
836 1019 1065 1086 poterit?
1093 1019 1354 1085 Quidnam
1384 1023 1526 1076 aliud
1558 1025 1657 1077 nisi
1686 1036 1778 1076 aut
1804 1041 1974 1077 azvum
1997 1037 2089 1079 aut
2117 1037 2251 1079 tem-

689 1110 826 1179 pus?
851 1110 947 1176 Qui
983 1113 1124 1166 enim
1157 1113 1332 1169 Patris
1360 1117 1523 1170 vitam
1552 1117 1656 1170 vita
1694 1115 1964 1185 Uuigeuiti
1999 1119 2244 1188 intelligit

689 1203 1044 1267 anteriorem,
1079 1221 1184 1275 qua
1214 1221 1271 1260 re
1311 1207 1416 1261 alia
1448 1223 1608 1276 quam
1640 1209 1957 1262 sazculorum
1991 1219 2082 1264 aut
2117 1221 2250 1264 tem-

687 1307 876 1360 porum
932 1297 1289 1364 quorumdam
1351 1299 1526 1368 spatio
1581 1301 1898 1363 admetieus,
1961 1317 2242 1356 exceSSum

689 1385 959 1441 invenisse
986 1402 1044 1441 se
1081 1387 1315 1444 dixerit?
1350 1392 1492 1460 quod
1530 1391 1575 1444 si
1620 1391 1720 1443 hoc
1760 1407 1945 1444 verum
1977 1402 2081 1454 est,
2118 1391 2252 1446 falsa

689 1476 969 1545 Scriptura
1010 1489 1124 1546 est,
1151 1497 1269 1548 qme
1309 1483 1442 1535 dicit
1489 1482 1627 1535 facta
1657 1497 1774 1536 esse
1809 1498 1904 1552 per
1944 1485 2118 1553 ipsum
2158 1501 2256 1537 επι-

686 1564 804 1618 cnla
827 1566 892 1630 Μ;
923 1583 1147 1636 quaeque
1177 1572 1332 1625 docet
1357 1571 1493 1624 l'acta
1521 1584 1639 1623 esse
1663 1585 1755 1638 per
1780 1571 1950 1638 ipsum
1977 1574 2156 1625 omnia
2184 1575 2250 1639 ³³,

689 1674 812 1712 cum
844 1672 987 1713 certe
1021 1661 1071 1713 in
1097 1663 1336 1718 omnium
1390 1679 1611 1716 nmnero
1652 1663 1849 1716 saecula
1906 1666 2067 1718 etiam
2107 1682 2252 1720 com-

687 1751 1111 1822 prehendantur.
1150 1753 1203 1806 Si
1237 1769 1362 1807 vero
1401 1754 1591 1807 dicturi
1629 1767 1748 1807 sunt
1799 1769 1858 1806 se
1897 1771 2002 1807 nou
2054 1772 2250 1826 negare

2356 571 2446 624 τὸν
2482 572 2627 635 Υίὸν,
2656 574 2716 624 οὑ
2747 571 2839 624 τοῦ
2873 572 3083 644 Πατρὸς
3112 573 3266 641 μόνον
3295 573 3546 646 νεώτερον
3580 577 3901 644 ἀποφαίνου-

2361 680 2462 727 σιν,
2495 664 2551 715 ἀ)
2563 663 2628 715 λὰ
2660 665 2752 717 καὶ
2779 663 2890 728 τοῦ,
2925 658 2968 731 ᾧ
2993 665 3080 716 τὸν
3103 665 3378 734 Μονογενῆ
3407 666 3515 736 (75)
3537 668 3651 720 ἀπὸ
3677 666 3772 720 τοῦ
3808 669 3900 721 Ha-

2359 757 2482 826 τρὸς
2516 757 2853 827 διορίζουσιν.
2911 759 3143 826 ’Λνάγκη
3188 757 3312 828 γὰρ,
3366 757 3519 827 εἴπερ
3568 777 3626 811 τι
3688 760 3774 828 εἴη
3821 779 3901 827 με-

2357 845 2489 910 ταξὺ
2519 846 2627 915 (76)
2652 846 2860 917 Πατρὸς
2893 847 2982 898 καὶ
3013 846 3162 906 Υἱοῦ,
3195 847 3554 918 πρεσϐύτερον
3587 846 3736 901 εἶναι
3766 851 3902 901 τοῦτο

2357 937 2453 1006 τῆς
2498 938 2776 1009 ὑπάρξεως
2824 937 2915 991 τοῦ
2960 938 3107 991 Υἱοῦ.
3155 938 3219 989 Τί
3265 934 3356 990 οῦν
3388 939 3452 991 ἂν
3490 939 3569 1010 εἴη
3616 941 3810 1004 τοῦτο;
3852 943 3902 992 ΤΞ

2359 1029 2484 1082 ἄλλο
2516 1046 2577 1097 γε
2606 1031 2636 1100 ἢ
2663 1030 2794 1084 αἰὼν
2823 1031 3037 1094 πάντως
3063 1031 3095 1101 ἦ
3121 1031 3340 1099 χρόνος;
3380 1033 3438 1084 '0
3469 1033 3572 1103 γάρ
3604 1050 3694 1084 τοι
3725 1049 3894 1102 περισ-

2360 1121 2580 1191 σοτέραν
2608 1124 2704 1190 τὴν
2746 1123 2840 1175 τοῦ
2873 1122 3083 1193 Πατρὸς
3132 1121 3272 1192 ζωὴν
3317 1123 3411 1193 τῆς
3451 1123 3541 1176 τοῦ
3576 1125 3900 1190 Μονογενοῦς

2356 1213 2550 1266 ἐννοῶν
2599 1213 2732 1282 (77),
2778 1213 2881 1266 τίνι
2917 1231 2978 1281 γε
3028 1213 3170 1283 ἄλλῳ
3204 1215 3582 1284 παραμετρῶν,
3619 1215 3900 1285 εὑρηκέναι

2355 1301 2419 1354 ἂν
2449 1303 2588 1354 εἴποι
2617 1301 2676 1353 τὸ
2711 1303 2978 1372 περισσὸν,
3012 1303 3043 1371 ἢ
3087 1304 3204 1372 οὑχὶ
3250 1303 3358 1371 (78)
3393 1303 3594 1356 αἰώνων
3630 1305 3664 1373 ἢ
3712 1304 3899 1375 χρόνων

2355 1393 2514 1446 τινῶν
2541 1392 2863 1463 διαστήματι
2886 1410 2899 1456 ;
2934 1395 2994 1445 El
3031 1395 3087 1446 δὲ
3113 1394 3266 1446 τοῦτο
3293 1395 3501 1465 ἀληθὲς,
3531 1395 3739 1465 ψευδὴς
3771 1397 3802 1464 ή
3828 1395 3899 1445 λέ-

2356 1497 2523 1546 γουσα
2567 1480 2752 1551 Γραφή
2780 1481 2904 1542 τοὺς
2933 1482 3127 1544 αἰῶνας
3157 1482 3222 1534 δι’
3251 1483 3411 1535 αὑτοῦ
3438 1484 3787 1553 γεγενῆσθαι,
3819 1486 3900 1537 καὶ

2357 1571 2389 1641 ἡ
2433 1570 2783 1635 διδάσκουσα,
2839 1572 2920 1624 ὅτι
2977 1573 3148 1627 πάντα
3193 1574 3257 1626 δι’
3296 1575 3454 1628 αὑτοῦ
3506 1576 3758 1644 ἐγένετο·
3801 1581 3898 1638 τοῖς

2358 1662 2509 1724 πᾶσι,
2544 1661 2804 1731 δηλονότι,
2846 1663 3381 1734 ὲμπεριειλημμένων
3415 1666 3642 1719 καὶτῶν
3677 1665 3895 1718 αἰώνων.

2357 1752 2418 1804 Εἰ
2445 1752 2500 1804 δὲ
2533 1755 2760 1824 φήσουσι
2802 1753 2874 1824 μή
2905 1755 3258 1825 ἀπαρνεῖσθαι
3288 1757 3393 1826 πρὸ
3425 1757 3527 1811 τῶν
3569 1756 3784 1810 αἰώνων
3819 1759 3898 1808 τὸν

690 1840 886 1899 Filium
912 1853 1036 1897 ante
1064 1845 1252 1898 strcnla
1285 1846 1446 1918 248
1473 1849 1707 1918 genitum
1735 1865 1873 1911 esse,
1893 1850 2083 1912 sciant,
2109 1851 2246 1917 quod

2353 1844 2476 1895 Υίὸν
2527 1845 2899 1916 γεγεννῆσθαι,
2957 1846 3029 1917 μὴ
3099 1846 3514 1917 λανθανέτωσαν,
3560 1849 3586 1902 ὃ
3637 1849 3719 1918 τῷ
3770 1849 3896 1919 λόγῳ

689 1934 868 1987 verbis
899 1937 1214 2000 concedunt,
1237 1937 1285 1990 id
1307 1954 1487 1992 revera
1513 1941 1578 1992 ab
1596 1940 1724 2008 ipsis
1743 1940 1873 1992 tolli.
1891 1939 2248 2010 Interrogabi-

689 2038 810 2078 mus
847 2025 986 2077 enim
1021 2043 1134 2090 eos,
1169 2029 1257 2095 qui
1289 2043 1353 2082 ex
1390 2045 1493 2082 non
1527 2030 1863 2084 exstantibus
1894 2032 2244 2085 substantiam

688 2115 988 2182 producunt
1029 2115 1291 2186 Unigcniti
1353 2137 1364 2170 :
1409 2121 1630 2184 Quando
1666 2137 1766 2174 non
1799 2133 1930 2187 crat,
1969 2133 2025 2176 ut
2051 2125 2243 2186 dicitis,

685 2205 815 2274 quid
838 2215 955 2259 erat
997 2207 1118 2259 illud
1155 2211 1527 2263 intervallum?
1561 2227 1717 2278 quam
1754 2214 1800 2266 ci
1837 2214 2242 2282 appellationmu

687 2296 1099 2365 cxcogitabitis?
1134 2299 1264 2351 Nam
1307 2304 1603 2356 communis
1635 2307 1970 2358 consuetudo
2007 2307 2239 2373 spatium

685 2403 846 2442 omne
903 2401 994 2442 aut
1048 2393 1376 2461 temporibus
1424 2405 1514 2448 aut
1560 2397 1769 2450 saeculis
1821 2397 2057 2463 subjicit.
2110 2399 2242 2450 Nam

688 2481 831 2547 quod
865 2482 914 2534 in
954 2485 1296 2537 sensibilibus
1327 2499 1408 2540 est
1447 2498 1677 2555 tempus,
1711 2490 1811 2541 hoc
1837 2492 2014 2543 surculi
2041 2501 2120 2544 est
2155 2508 2248 2541 na-

689 2580 809 2623 tura
842 2572 892 2623 in
925 2575 1081 2627 rebus
1106 2578 1304 2628 mundo
1332 2580 1720 2646 superioribus.
1748 2580 1835 2633 Isti
1863 2596 2014 2645 vero,
2046 2583 2088 2636 si
2122 2583 2244 2650 quid

686 2665 903 2717 tertium
936 2682 1031 2732 pro
1059 2683 1151 2719 sua
1185 2670 1446 2736 sapientia
1484 2672 1991 2739 cammiuiscuntur,
2031 2675 2237 2730 dicant.

685 2754 792 2809 Sed
829 2759 951 2810 dum
986 2761 1255 2821 laet-bunt.
1287 2762 1424 2817 haud
1459 2764 1702 2834 ignorent
1728 2781 1786 2819 se
1817 2764 2083 2836 Unigeniti
2120 2770 2246 2823 sub-

687 2848 942 2901 stantiam
981 2852 1191 2906 stcculis
1238 2856 1588 2920 posteriorem
1645 2859 2000 2912 constituere.
2036 2859 2242 2914 Etenim

686 2937 732 2991 si
767 2942 906 3006 quod
935 2943 1166 3009 spatium
1202 2945 1302 2995 fuit
1331 2944 1466 2997 Filio
1494 2947 1787 3013 antiquius,
1821 2949 1962 3015 quod
1999 2949 2246 3001 videlicet

686 3047 745 3087 se
783 3047 936 3100 mque
967 3048 1029 3084 ac
1063 3033 1240 3086 Patris
1275 3035 1380 3086 vita
1413 3037 1746 3100 extenderit,
1793 3038 1978 3104 utique
2016 3038 2242 3090 altermn

685 3140 750 3178 ex
782 3123 864 3178 bis
899 3133 1038 3179 erat.
1093 3124 1195 3180 Sed
1244 3143 1341 3182 nec
1374 3137 1491 3195 est,
1535 3144 1634 3185 nec
1682 3129 1785 3182 erit
1828 3131 2082 3199 cogitatio
2121 3131 2240 3183 Filii

684 3217 952 3269 exstantia
993 3219 1285 3288 antiquior.
1323 3219 1456 3273 Nam
1491 3222 1634 3276 omni
1674 3237 1748 3284 re,
1784 3237 1900 3289 qua:
1935 3223 2125 3276 ordine
2155 3241 2245 3273 au-

688 3306 950 3375 tiquitatis
980 3312 1270 3379 excogitari
1301 3323 1492 3380 potest,
1535 3313 1776 3367 anterior
1809 3315 2113 3368 invenietur
2160 3316 2246 3368 illa

687 3398 780 3450 Dei
825 3397 982 3452 Verbi
1010 3401 1154 3468 quod
1184 3405 1321 3471 apud
1352 3404 1517 3457 Deum
1559 3421 1587 3458 a
1628 3406 1894 3472 principio
1933 3415 2069 3468 erat,
2106 3407 2248 3460 exsi-

686 3488 899 3542 stentia.
935 3488 1044 3543 Etsi
1070 3491 1211 3544 enim
1236 3506 1293 3544 se
1316 3492 1428 3560 ipsa
1458 3495 1732 3561 decipiens
1764 3511 1911 3550 mens
1947 3496 2246 3551 innumeris

691 3581 1202 3648 imaginationibus,
1255 3599 1419 3652 seque
1462 3601 1642 3639 rerum
1691 3603 1794 3640 non
1841 3588 2243 3642 subsistentium

688 3675 1006 3727 commentis
1045 3690 1331 3744 occupans,
1363 3693 1422 3730 ea
1459 3693 1576 3746 qua:
1611 3693 1715 3730 non
1756 3687 1880 3730 sunt
1907 3680 2245 3746 excogitare-

693 3763 790 3823 rit;
839 3766 1035 3816 nullam
1079 3769 1297 3820 omnino
1339 3770 1576 3823 inveniet
1617 3779 1824 3830 artem.
1877 3784 1978 3836 qua
2016 3771 2245 3837 scipsam

693 3855 864 3922 possit
905 3854 1042 3907 ultra
1089 3855 1356 3925 Uuigeuiti
1411 3861 1730 3928 principium
1780 3861 2100 3922 extendere,
2155 3869 2247 3912 aut

690 3947 852 3999 vitam
887 3946 1002 4015 ejus
1035 3951 1124 4016 qui
1160 3965 1254 4018 per
1284 3964 1342 4003 se
1375 3951 1478 4002 vita
1512 3963 1613 4015 est,
1664 3968 1761 4004 suo
1788 3955 1953 4020 ipsius
1988 3965 2132 4006 motu
2167 3956 2244 4007 in-

693 4035 939 4089 l'criorem
989 4040 1311 4109 relinquere,
1349 4049 1442 4094 aut
1489 4056 1584 4093 sua
1619 4043 1942 4110 cogitatione
1986 4043 2242 4109 originem

690 4125 783 4182 Dei
825 4131 980 4185 Verbi
1014 4137 1414 4199 transcendere,
1442 4146 1532 4188 aut
1561 4135 1756 4188 smcula
1796 4133 1904 4187 Deo
1931 4134 2244 4188 smculut'um

690 4219 941 4274 destituta
968 4223 1067 4277 sibi
1101 4224 1316 4294 lingere.

757 4401 799 4431 “
827 4400 987 4456 IIebr.
1022 4421 1057 4466 ι,
1094 4405 1146 4458 9..

761 4520 874 4590 (75)
926 4520 1098 4572 Editio
1155 4528 1380 4586 utraque
1445 4524 1576 4577 Ven.
1629 4532 1682 4578 et
1736 4523 1905 4576 Paris.
1972 4524 2106 4577 ἀλλά
2160 4524 2253 4577 καὶ

689 4591 866 4661 τούτῳ
898 4591 990 4642 τὸν
1031 4591 1332 4661 Μονογενῆ.
1366 4604 1640 4661 corrupte.
1701 4595 1853 4661 Regii
1906 4598 2171 4647 Secundus
2200 4604 2253 4649 et

691 4657 915 4731 quartus
941 4660 1074 4735 ἀλλά
1111 4657 1219 4735 καὶ,
1248 4657 1364 4724 τοῦ,
1389 4657 1431 4728 ᾧ
1477 4657 1565 4714 τὸν
1617 4657 1918 4732 Μονοῂνῆ,
1950 4666 2248 4735 emendate.

695 4734 859 4800 Igitur
892 4733 1080 4784 horum
1115 4734 1403 4786 verborum
1437 4737 1706 4787 sententia
1744 4737 1854 4786 Ιιειτυ
1891 4746 1973 4786 est
2005 4751 2016 4785 :
2067 4733 2248 4787 Mirari

693 4802 840 4856 subit
893 4801 1279 4864 Eunomianos,
1317 4803 1406 4871 qui
1471 4819 1575 4854 non
1637 4806 1938 4870 intelligunt
1992 4806 2142 4870 sequi
2186 4821 2258 4858 ex

695 4873 809 4924 suis
837 4872 1036 4933 verbis,
1089 4872 1282 4926 Filium
1316 4889 1419 4926 non
1470 4873 1628 4926 Patre
1685 4876 1852 4926 solum
1904 4878 2249 4939 posteriorem

694 4956 834 5005 csse,
861 4943 952 4994 sed
981 4957 1101 4994 eum
1139 4944 1300 4995 etiam
1355 4944 1710 5012 posteriorem
1744 4959 1862 4996 esse
1890 4964 1949 4997 ea
2001 4947 2110 5011 ipsa
2171 4960 2248 5005 rc,

697 5025 790 5077 per
845 5026 1002 5076 quam
1053 5015 1223 5079 ipsum
1284 5031 1312 5065 a
1370 5014 1528 5065 Patre
1591 5028 1866 5080 separant.
1917 5015 2074 5076 Illud,
2133 5013 2247 5074 τοῦ,

701 5080 1312 5152 oplinteintciprelalus
1336 5096 1419 5136 cst
1457 5085 1710 5136 librarius
1744 5085 1792 5134 in
1829 5087 2066 5152 margine
2099 5084 2249 5152 Iiegii

698 5151 944 5224 secundi,
982 5167 1101 5202 cum
1141 5153 1208 5224 ita
1245 5154 1480 5221 scripsit,
1514 5153 1544 5221 ἢ
1592 5153 1841 5222 αἰῶνοςῆ
1893 5151 2104 5224 χρόνου.
2143 5151 2252 5206 IIoc

698 5230 802 5284 est,
838 5219 1154 5273 Eunomiani
1181 5219 1412 5274 eiliciuiit
1436 5219 1650 5290 quoque
1675 5219 1865 5276 It‘ilium
1895 5219 2247 5288 posteriorem

702 5291 818 5361 ipso
849 5306 985 5352 tero,
1019 5304 1110 5343 aut
1138 5293 1250 5358 ipso
1276 5305 1534 5360 tempore,
1563 5310 1789 5361 quorum
1821 5294 2101 5348 intervallo
2129 5309 2250 5347 cum

701 5377 729 5412 a
763 5359 919 5411 Patre
948 5361 1251 5428 seiungunt.

905 5430 1079 5506 (ante;
1110 5448 1324 5506 unus}:
1418 5435 1637 5504 μεταξύ.

772 5500 885 5568 (77)
925 5499 1061 5552 Editi
1091 5503 1335 5554 ἐπινοῶν.
1363 5499 1434 5556 λι
1465 5499 1589 5559 mss.
1627 5505 1778 5558 multi
1811 5504 2023 5561 ἐννοῶν.

775 5571 886 5646 (iis)
923 5573 1014 5646 Sic
1038 5571 1154 5646 libri
1189 5582 1416 5646 veteres.
1449 5575 1586 5646 Editi
1624 5573 1882 5646 περισσὸν
1914 5579 2004 5628 καὶ
2039 5575 2177 5644 οὐχί.

776 5642 886 5710 (79)
919 5641 1206 5714 Editioi:es.
1229 5641 1333 5714 Ven
1382 5657 1433 5698 et
1459 5641 1630 5700 Paris.
1671 5641 2245 5714 Sicplianaeaquecum

705 5711 833 5778 ιιι-α.
868 5713 1052 5782 quinto
1082 5713 1144 5762 ἐκ
1184 5713 1255 5782 μή
1278 5713 1464 5768 όντων.
1500 5717 1672 5770 Codex
1711 5716 1861 5768 (ὲοΙΙι.
1904 5727 1952 5768 et
1979 5711 2088 5782 Reg
2141 5727 2248 5767 ter-

709 5782 809 5837 tius
837 5785 897 5836 ἐκ
931 5780 1001 5849 μὴ
1033 5780 1200 5848 ὄντος.
1243 5780 1340 5840 Alii
1367 5797 1593 5852 quatuor
1626 5803 1752 5843 mss.
1774 5788 1833 5838 ἐκ
1856 5786 1944 5838 τοῦ
1978 5780 2247 5852 ιιῆῦντος.

1226 4405 1270 4437 δ’
1297 4405 1453 4459 Joan.
1497 4423 1532 4470 l,
1560 4410 1612 4462 5.

2347 1938 2704 2008 συγχωροῦσι,
2745 1940 2882 1992 κατὰ
2914 1938 3165 2010 ἀλήθειαν
3205 1941 3605 2011 ἀφαιρούμενοι.
3665 1943 3884 2013 Ἐρωτή-

2347 2045 2526 2098 σωμεν
2554 2029 2663 2099 γὰρ
2693 2031 2882 2094 αὐτοὺς
2914 2032 3038 2094 τοῦς
3073 2032 3136 2082 ὲκ
3182 2032 3254 2101 μὴ
3284 2032 3446 2084 όντων
3491 2034 3597 2102 (79)
3634 2033 3896 2103 παράγων

2343 2138 2440 2183 τας
2477 2120 2570 2173 τοῦ
2605 2123 2937 2189 Μονογενοῦς
2979 2124 3077 2195 τὴν
3114 2125 3296 2178 οὐσίαν
3322 2142 3334 2154 ·
3383 2126 3504 2177 Ὅτε
3546 2128 3646 2179 οὑκ
3692 2121 3782 2196 ἦν,
3831 2125 3894 2186 ὥς

2345 2231 2499 2280 φατε,
2527 2216 2580 2266 τί
2605 2211 2670 2285 ἦν
2694 2216 2868 2267 ἐκεῖνο
2899 2216 2956 2268 τὸ
2981 2216 3280 2288 διάστημα;
3309 2216 3427 2269 τίνα
3457 2219 3598 2287 αὑτῷ
3636 2234 3894 2290 προσηγο-

2347 2303 2464 2370 ρίαν
2488 2305 2832 2374 ὲπινοήσετες
2877 2305 2937 2356 Ἦ
2976 2307 3072 2376 μὲν
3103 2308 3210 2376 γὰρ
3249 2305 3398 2376 κοινὴ
3433 2307 3745 2377 συνήθειαῆ
3781 2309 3894 2377 χρὸ-

2346 2412 2452 2456 νοις
2501 2398 2531 2466 ἢ
2581 2398 2771 2450 αἰῶσιν
2816 2399 2958 2452 ἀπαν
3025 2399 3291 2471 διάστημα
3345 2399 3657 2452 ὑποϐάλλει·
3721 2402 3894 2470 ἐπειδὴ

2345 2487 2478 2555 ὅπερ
2513 2490 2568 2539 ἐν
2601 2492 2710 2552 τοῖς
2741 2491 3014 2562 αἰσθητοῖς
3045 2493 3073 2545 ὁ
3101 2493 3307 2561 χρόνος,
3337 2491 3490 2546 τοῦτο
3521 2493 3574 2543 ὲν
3600 2495 3715 2554 τοῖς
3745 2495 3875 2562 ὑπερ

2347 2578 2592 2647 κοσμίοις
2629 2583 2660 2649 ἡ
2692 2582 2783 2632 τοῦ
2830 2582 3022 2646 αἰῶνος
3054 2582 3214 2652 φύσις
3251 2583 3415 2637 ἐστίν.
3453 2577 3604 2635 Οὗτοι
3639 2581 3736 2645 δὲ,
3772 2584 3823 2634 εί
3852 2600 3893 2633 τι

2343 2671 2523 2741 τρίτον
2567 2673 2629 2722 ὲκ
2657 2672 2754 2740 τῆς
2790 2673 2993 2724 ἑαυτῶν
3033 2675 3221 2742 σοφίας
3251 2675 3536 2738 ἐπινοοῦσι,
3573 2673 3890 2741 λεγέτωσαν.

2347 2759 2490 2822 Ἕως
2545 2758 2588 2810 δ’
2644 2759 2710 2812 ἂν
2769 2759 3030 2824 σιωπῶσι,
3084 2763 3155 2829 μὴ
3204 2763 3602 2817 λανθανέτωσαν
3645 2764 3894 2834 δευτέραν

2344 2849 2552 2902 αἰώνων
2580 2851 2678 2922 τήν
2704 2850 2795 2903 τοῦ
2824 2852 3154 2918 Μονογενοῦς
3176 2853 3360 2904 οὐσίαν
3388 2856 3677 2923 τιθέμενοι.
3707 2856 3769 2907 Ei
3798 2856 3893 2924 γάρ

2342 2939 2414 3013 ἦν
2440 2943 2547 3012 (80)
2584 2962 2634 2996 τι
2663 2945 2933 3015 διάστημα
2954 2943 3316 3016 πρεσϐύτερον
3355 2945 3444 2996 τοῦ
3471 2946 3615 3006 Υίοῦ,
3655 2963 3885 3015 συμπαρ-

2345 3035 2709 3105 εκτεινόμενον
2766 3040 2830 3107 τῇ
2869 3035 2977 3108 ζωῇ
3019 3036 3113 3089 τοῦ
3150 3037 3381 3107 Πατρὸς,
3419 3037 3476 3088 ἓν
3509 3054 3560 3088 τι
3590 3037 3795 3088 τούτων
3834 3033 3893 3105 ἦν

2347 3123 2602 3192 δηλονότι.
2663 3126 2798 3178 Ἀλλ’
2836 3126 2943 3179 οὔτ’
2978 3127 3140 3191 ἔστιν,
3192 3125 3314 3179 οὕτε
3368 3125 3440 3198 μὴ
3468 3126 3690 3196 γένηται
3731 3126 3892 3178 ἔννοια

2351 3214 2689 3283 πρεσϐυτέρα
2729 3217 2828 3284 τῆς
2859 3216 2951 3268 τοῦ
2987 3217 3320 3284 Μονογενοῦς
3354 3216 3723 3279 ὑποστάσεως.
3761 3217 3892 3268 Παν-

2346 3303 2435 3365 τὸς
2467 3305 2571 3373 γὰρ
2601 3304 2692 3355 τοῦ
2736 3305 3026 3374 δυναμένου
3071 3309 3149 3367 εἰς
3191 3308 3542 3379 ἀρχαιότητος
3587 3309 3746 3376 λόγον
3790 3310 3884 3359 ἐπι-

2345 3396 2578 3452 νοεῖσθαι
2609 3396 2852 3466 ἀνωτέρα
2889 3398 2921 3464 ή
2970 3395 3196 3465 ῦπαρξις
3227 3399 3318 3450 τοῦ
3351 3399 3484 3452 Θεοῦ
3517 3400 3692 3466 Λόγου
3721 3401 3812 3452 τοῦ

2345 3489 2482 3559 ἀρχῇ
2510 3487 2658 3550 ὄντος
2684 3488 2815 3558 πρὸς
2840 3487 2930 3538 τὸν
2956 3487 3086 3538 Θεὸν
3115 3488 3482 3557 εὑρεθήσεται.
3514 3491 3654 3554 Κάν,
3689 3493 3890 3562 μυρίαις

2344 3580 2660 3647 φαντασίαις
2691 3578 2878 3632 ἑαυτὸν
2911 3577 3253 3648 ἐξαπατήσας
3285 3581 3312 3630 ὁ
3354 3580 3494 3643 νοῦς,
3529 3583 3621 3633 καὶ
3654 3587 3767 3646 τοῖς
3801 3583 3890 3633 τῶν

2353 3674 2707 3744 ἀνυπάρκτων
2757 3673 3125 3742 ἀναπλασμοίς
3178 3670 3498 3734 ἐπιϐάλλων,
3543 3674 3613 3725 τὰ
3656 3675 3730 3745 μή
3780 3675 3894 3727 ὄντα

2353 3768 2570 3834 περινοῇ
2607 3764 2736 3834 (81),
2766 3764 3015 3834 οὐδεμίαν
3048 3763 3153 3816 τῶν
3183 3762 3370 3816 πασῶν
3403 3765 3646 3833 μηχανὴν
3688 3766 3893 3832 ἐξευρή-

2354 3873 2456 3921 σει,
2485 3857 2548 3908 δι’
2572 3852 2638 3927 ἦς
2666 3857 2947 3927 δυνήσεται
2979 3856 3077 3926 τῆς
3108 3855 3278 3928 ἀρχῆς
3311 3854 3403 3907 τοῦ
3433 3856 3766 3924 Μονογενοῦς
3793 3859 3895 3908 ἐαυ-

2351 3947 2440 3999 τὸν
2474 3946 2780 4017 ὑπεροεῖναι
2803 3965 2816 3978 ·
2853 3947 2943 4000 καὶ
2980 3948 3288 4018 κατωτέραν
3320 3946 3410 4000 τοῦ
3451 3947 3578 3999 ἰδίου
3617 3951 3893 4017 κινήματος

2351 4041 2446 4110 τὴν
2493 4040 2635 4109 ζωήν
2686 4040 3001 4093 καταλιπεῖν
3039 4040 3134 4107 τῆς
3171 4039 3477 4110 αὑτοζωῆς·
3525 4041 3621 4093 καὶ
3669 4041 3745 4110 τῷ
3795 4040 3895 4107 ἰδίῳ

2351 4133 2488 4202 λόγῳ
2533 4132 2624 4184 τοῦ
2672 4131 2803 4183 Θεοῦ
2864 4131 3036 4197 Λόγου
3077 4130 3174 4199 τὴν
3220 4131 3391 4201 ἀρχὴν
3433 4132 3764 4202 ὑπερϐῆναι·
3813 4132 3894 4183 nl

2351 4224 2550 4286 αἰῶνας
2585 4221 2910 4275 ἐποπτεῦσαι
2939 4221 3048 4291 (89.)
3081 4221 3312 4291 ἐρήμους
3355 4222 3445 4273 τοῦ
3474 4222 3608 4275 Θεοῦ
3640 4224 3748 4276 τῶν
3779 4224 3892 4275 αἰώ-

2283 4303 2324 4356 D
2353 4332 2476 4368 νων.

2424 4518 2531 4589 (80)
2563 4517 2696 4571 Editi
2723 4519 2891 4591 Εἴπερ
2917 4518 3020 4592 γάρ
3042 4516 3129 4593 ἦν.
3162 4521 3230 4573 Αι
3262 4537 3390 4574 nise.
3429 4523 3490 4575 Εἰ
3517 4523 3624 4593 γὰρ
3655 4519 3742 4593 ἦν.
3783 4523 3890 4575 Sta-

2356 4577 2449 4662 tim
2482 4577 2609 4642 niss.
2651 4577 2888 4644 nonnulli
2927 4577 3077 4644 ὀὐδέ
3103 4593 3270 4656 ἐστιν,
3298 4593 3417 4645 οὑδὲ
3594 4577 3887 4658 Interpres:

2355 4661 2459 4715 Sed
2489 4675 2578 4711 nec
2599 4670 2696 4723 est,
2734 4678 2823 4714 nec
2856 4662 2956 4714 erit
2983 4661 3248 4725 antiquior
3270 4678 3450 4715 sensus
3481 4661 3750 4728 Unigeuiti
3784 4667 3891 4715 sub-

2353 4731 2612 4784 sistentia.
2647 4730 2774 4792 Sed,
2812 4732 2916 4784 nisi
2943 4730 3096 4783 valde
3125 4731 3304 4794 fallor,
3330 4748 3428 4784 vox
3462 4732 3762 4795 ὑπόστασις
3795 4744 3889 4786 tum

2357 4803 2484 4859 hoc.
2515 4809 2624 4854 tum
2658 4801 2927 4872 similibus
2962 4799 3116 4872 locis,
3150 4816 3252 4855 non
3301 4802 3488 4854 stricte
3519 4803 3772 4864 sumitur,
3808 4820 3889 4872 pro

2355 4886 2580 4938 persona
2638 4870 2906 4924 videlicet.
2964 4869 3215 4923 Arbitror
3251 4871 3410 4936 igitur
3445 4884 3628 4924 vocem
3668 4869 3888 4926 ὑπόστα-

2357 4957 2439 5002 σις
2468 4940 2552 4994 liic
2592 4941 2731 4995 sumi
2756 4939 2952 5011 debere
2983 4939 3294 5011 Iatius,qpro
3325 4939 3646 4999 substantia.
3682 4955 3773 4996 aut
3807 4960 3888 5011 pro

2355 5021 2567 5080 natura.
2604 5012 2682 5064 sic
2718 5009 2913 5080 nt_lioc
2940 5009 3055 5080 loco
3089 5009 3383 5072 ὑπόστασις
3414 5011 3548 5064 idem
3576 5009 3889 5080 valeatquod

2355 5079 2633 5143 σύστασις,
2667 5088 2759 5131 aut
2784 5075 3034 5149 ὖπαρξις,
3069 5081 3384 5141 constitutio,
3419 5075 3892 5142 subsistentiafna-

2351 5163 2491 5211 tura,
2530 5161 2636 5203 etc.
2669 5149 2965 5201 Notandum
3019 5151 3184 5202 etiam
3237 5165 3418 5203 vocem
3463 5153 3796 5204 subsistentia
3831 5154 3888 5201 ila

2355 5221 2670 5273 familiarem
2705 5217 2870 5272 fuisse
2900 5220 3202 5285 interpreti,
3241 5232 3296 5273 ut
3327 5222 3536 5288 quoties
3562 5236 3664 5272 Vox
3714 5222 3889 5274 συστα-

2355 5308 2438 5353 σις
2484 5291 2741 5359 occttrril,
2778 5291 3016 5342 occurrit
3061 5301 3238 5343 autem
3287 5292 3501 5355 saepius,
3531 5303 3650 5342 eam
3698 5308 3889 5359 semper

2353 5361 2542 5415 reddat
2575 5357 2765 5412 Latine
2807 5360 3199 5429 subsistentinm
3232 5377 3248 5414 :
3282 5359 3422 5426 quod
3482 5374 3660 5424 nemo,
3697 5357 3891 5429 opinor.

2353 5432 2511 5485 homo
2540 5428 2871 5498 probaverit,
2914 5445 3034 5481 cum
3067 5429 3131 5482 iis
3173 5430 3224 5482 in
3277 5431 3411 5482 locis
3445 5444 3546 5480 non
3579 5428 3807 5485 obscure
3835 5432 3889 5480 si-

2351 5502 2571 5569 gniticet
2603 5498 2826 5569 aliquid,
2867 5499 3008 5565 quod
3042 5498 3185 5552 Patri
3213 5515 3363 5566 :eque
3408 5515 3471 5549 ac
3521 5499 3676 5562 Filio,
3714 5514 3888 5554 conve-

2353 5567 2461 5623 niat
2501 5588 2512 5621 :
2545 5568 2686 5636 quod
2712 5567 2777 5622 de
2807 5569 3158 5639 subsistentia
3187 5571 3292 5621 dici
3326 5581 3429 5619 non
3468 5585 3629 5639 posse
3672 5580 3890 5623 consul.

2421 5641 2529 5707 (8|)
2565 5640 2692 5709 Ileg.
2735 5649 2960 5709 quartus
2999 5636 3070 5707 μὴ
3093 5639 3221 5692 ὄντα
3253 5641 3460 5709 ἐπινοῇ.

2424 5711 2533 5776 (8'3)
2566 5708 2704 5761 Editi
2761 5719 2813 5760 et
2867 5707 3068 5775 aliquot
3116 5725 3242 5764 mss.
3281 5707 3640 5766 ὑποπτεῦσαι.
3671 5712 3772 5765 Alii
3801 5722 3891 5765 tres

2352 5797 2478 5835 mss.
2514 5776 2860 5845 ἐποπτεῦσαι,
2889 5780 3100 5833 rectius.
