4058 6320
173 385 282 442 597

252 495 340 549 η.
394 493 815 566 Ἀφαιρούμενος
842 494 896 547 δὲ
930 493 1027 564 τὴν
1056 493 1407 566 ὀφειλομένην
1449 494 1525 564 τῷ
1561 497 1734 548 Μονο-
1765 502 1806 558 Α

172 589 326 656 γενεί
369 587 555 654 δόξαν,
590 588 836 638 σκοπεῖτε
867 588 1039 648 ποίοις
1074 586 1232 638 αὑτὸν
1261 585 1620 656 ἀποσεμνύνει
1651 586 1736 638 λό-

172 697 317 748 τοις.

245 773 407 827 ΕΥΝ.
441 773 594 823 Ἔστι
614 771 689 832 δὲ,
715 774 896 843 φησιν.
924 773 955 838 ἡ
982 770 1136 824 οὐσία
1157 770 1247 823 τοῦ
1271 771 1397 825 Υἱοῦ
1422 771 1736 840 γεννηθεῖσα

169 865 284 935 πρὸ
328 865 561 922 πάντων,
601 861 788 932 γνώμῃ
816 861 907 913 τοῦ
937 860 1068 914 Θεοῦ
1103 862 1196 914 καὶ
1231 861 1459 935 Πατρός.

247 954 394 1007 HAS.
432 953 597 1006 Τοῦτο
627 954 767 1024 μέγα
792 951 1108 1021 προστίθησι
1139 949 1216 1020 τῷ
1245 951 1376 1021 Υἱῷ,
1411 951 1471 1002 τὸ
1503 949 1736 1022 πρεσϐύ-

167 1060 335 1111 τερον
381 1041 516 1097 εἶναι
543 1047 642 1115 τῆς
682 1042 938 1108 κτίσεως,
973 1044 1066 1096 καὶ
1101 1042 1204 1095 τῶν
1238 1043 1550 1114 ποιημάτιον
1578 1045 1736 1095 αὑτὸν

169 1135 286 1188 τῶν
333 1137 524 1189 ἑαυτοῦ
560 1135 950 1207 προῦπάρχειν,
993 1133 1193 1204 ἀρκοῦν
1226 1136 1304 1198 εἰς
1347 1133 1501 1196 δόξαν
1533 1135 1609 1204 τῷ
1633 1138 1738 1205 Δη-

173 1227 428 1298 μιουργῷ
454 1227 559 1280 τῶν
587 1229 721 1279 ὅλων
755 1227 1028 1294 τιθέμενος
1065 1224 1125 1277 τὸ
1155 1225 1465 1296 κτισμάτων
1498 1227 1606 1294 (85)
1643 1227 1738 1278 αύ-

168 1323 269 1374 τὸν
311 1323 420 1375 τῶν
464 1322 654 1375 ἑαυτοῦ
708 1320 1088 1391 προτετάχθαι.
1149 1322 1258 1389 Τῆς
1310 1318 1420 1389 γὰρ
1469 1321 1602 1392 πρὸς
1648 1320 1738 1372 τὸν

167 1413 310 1466 Θεὸν
347 1418 438 1468 καὶ
473 1415 691 1484 Πατέρα
721 1413 1000 1477 κοινωνίας
1027 1415 1085 1466 τὸ
1120 1415 1198 1475 εἰς
1239 1404 1397 1465 αὑτὸν
1423 1407 1555 1486 ἧκον
1588 1413 1740 1466 ἁλλο-

165 1504 414 1576 τριώσας
445 1505 574 1572 (84),
612 1505 668 1555 ὲν
698 1507 762 1574 τῇ
803 1504 908 1557 τῶν
948 1504 1260 1572 κτισμάτων
1290 1505 1610 1575 προτιμήσει
1641 1504 1738 1574 τὴν

163 1597 333 1662 δόξαν
358 1596 502 1664 αὐτῷ
542 1601 826 1668 μαρτυρεῖ.
861 1593 991 1650 Εἶτα
1016 1595 1149 1665 πρὸς
1178 1595 1236 1648 τὸ
1266 1596 1610 1666 ἀναίσχυντον
1641 1598 1740 1666 τὴν

169 1687 520 1757 βλασφημίαν
546 1689 789 1760 ἐκφέρων
818 1692 935 1751 ταῖς
964 1687 1222 1754 ἀφύκτοις
1254 1690 1420 1758 ἡμᾶς,
1447 1689 1519 1750 ὡς
1548 1690 1736 1754 οἴεται,

167 1773 281 1825 τῶν
308 1774 578 1847 λογισμῶν
600 1779 864 1843 ἀνάγκαις
894 1777 1364 1847 περιστοιχίζεται.

1267 365 1635 437 ADVEiiSUS
1675 381 2034 436 summa.“
2069 382 2196 438 LIB.
2243 379 2302 432 ιι.

3286 375 3389 430 598

1910 495 1994 548 M.
2067 496 2330 550 Cmterum
2390 489 2475 542 ubi
2532 486 2764 542 debitam
2825 483 3111 555 Unigenito
3165 484 3387 553 gloriam

1840 587 2089 653 abstulit,
2121 583 2530 642 animadvertite
2566 581 2757 649 quibus
2783 596 2902 632 eum
2933 577 3110 633 verbis
3142 587 3386 630 exornet.

1910 772 2042 825 Eua.
2085 770 2177 826 Est
2218 779 2432 831 autem,
2464 748 2659 832 inquit,
2693 760 2992 818 substantia
3041 760 3161 814 Filii
3205 760 3384 831 genita

1839 873 1961 919 ante
1994 864 2194 926 omnia,
2224 865 2497 916 voluntate
2531 858 2618 911 Dei
2651 866 2704 910 et
2734 855 2927 908 Patris.

1910 957 2032 1009 Bas.
2076 954 2208 1007 Filio
2242 957 2340 1008 hoc
2381 951 2567 1006 tribuit
2603 948 2814 1016 magni,
2857 944 2996 1012 quod
3026 942 3293 1009 antiquior
3323 946 3391 993 sit

1837 1049 2116 1108 creaturis,
2146 1056 2198 1099 et
2224 1055 2345 1096 ante
2374 1061 2433 1097 ea
2457 1059 2574 1113 qua:
2605 1041 2720 1108 ipse
2753 1035 2909 1099 fecit;
2944 1043 3088 1086 ratus
3111 1034 3240 1086 satis
3270 1046 3392 1084 esse

1839 1144 1902 1196 ad
1931 1141 2152 1211 gloriam
2178 1137 2482 1191 Conditoris
2515 1136 2912 1190 universorum,
2942 1127 2983 1178 si
3014 1127 3081 1179 sit.
3106 1135 3226 1178 ante
3258 1139 3385 1176 suas

1839 1234 2007 1301 ipsius
2040 1239 2317 1284 creaturas
2342 1223 2653 1278 collocatus.
2687 1221 2819 1275 Nam
2855 1222 3199 1284 posteaquam
3233 1230 3388 1273 eum,

1837 1331 2094 1391 quantum
2129 1321 2179 1372 in
2209 1334 2266 1372 se
2300 1317 2417 1380 fuit,
2447 1329 2475 1366 a
2513 1314 2889 1381 conjunctione
2925 1325 3084 1380 quam
3121 1322 3240 1360 cum
3279 1307 3386 1359 Deo

1836 1424 1890 1469 et
1935 1413 2091 1467 Patre
2125 1411 2312 1473 habet,
2342 1404 2623 1467 alienavit;
2664 1404 2711 1454 ei
2747 1404 2796 1454 in
2829 1419 2892 1456 eo
2922 1399 3094 1455 defert
3124 1397 3381 1466 gloriam,

1837 1504 1978 1575 quod
2012 1503 2181 1572 ipsum
2209 1497 2478 1552 creaturis
2508 1494 2775 1563 praeferat.
2807 1493 3002 1545 Deinde
3028 1489 3094 1545 ad
3122 1501 3388 1544 summam

1839 1595 2222 1667 impudentiam
2265 1588 2492 1644 elierens
2535 1583 2941 1653 blasphemiam,
2983 1581 3296 1648 inevitabili,
3330 1585 3389 1632 ut

1839 1695 2006 1755 putat,
2041 1683 2468 1753 syllogismorum
2505 1677 2554 1729 vi
2580 1689 2676 1729 nos
2701 1670 3088 1727 circumvallat.

249 1865 414 1928 EI‘N.
453 1846 605 1919 Ἤτοι
636 1867 743 1937 γὰρ
781 1865 906 1918 ὄντα
927 1906 940 1928 ,
969 1846 1145 1935 (φησιν
1166 1908 1180 1931 ,
1215 1867 1498 1936 ἐγέννησεν
1533 1867 1560 1918 ὁ
1607 1865 1733 1929 Θεὸς

1908 1864 2040 1917 Eua.
2079 1860 2182 1912 Aut
2215 1857 2356 1910 enim
2385 1856 2754 1914 exsistentcm,
2796 1848 2988 1918 inquit,
3028 1847 3210 1917 genuit
3249 1846 3386 1901 Deus

169 1955 264 2008 τὸν
305 1957 448 2018 Υἰον,
482 1958 511 2025 ἢ
545 1958 641 2008 οὐκ
670 1957 814 2013 ὂντα.
858 1958 993 2010 Ἀλλ’
1024 1960 1071 2009 εί
1109 1958 1203 2027 μὲν
1228 1957 1326 2010 οὐκ
1357 1957 1501 2019 ὄντα,
1550 1957 1735 2028 μηδείς

169 2064 284 2115 μοι.
317 2048 468 2114 φησὶ,
494 2047 692 2119 τόλμαν
721 2051 1089 2118 ὲπεγκαλείτω
1123 2050 1231 2118 (85)
1255 2066 1267 2079 ·
1299 2050 1345 2101 εί
1379 2048 1432 2100 δὲ
1462 2048 1607 2108 ὅντα,
1636 2049 1733 2100 οὐκ

163 2136 400 2199 ἀτοπίας
427 2139 582 2208 μόνον
613 2141 704 2192 καὶ
746 2141 1106 2212 βλασφημίας,
1138 2141 1270 2194 ἀλλά
1295 2141 1387 2193 καὶ
1414 2140 1592 2210 πάσης
1623 2139 1731 2210 (86)

163 2226 426 2296 εὐηθείας
458 2230 761 2300 ὑπερϐολὴν
795 2233 821 2281 ὁ
853 2233 1005 2298 λόγος
1033 2233 1163 2300 ἔχει’
1193 2233 1272 2301 τῷ
1301 2233 1407 2302 γὰρ
1432 2233 1544 2286 ὄντι
1566 2234 1626 2285 ού
1653 2231 1733 2284 δεῖ

162 2322 480 2390 γεννήσεως
517 2321 649 2390 (87).

244 2411 390 2464 ΒΑΣ.
418 2413 490 2464 Τὸ
517 2413 611 2482 μὲν
645 2409 735 2466 οὖν
770 2413 1197 2485 πολυθρύλλητον
1238 2413 1492 2484 σόφισμα,
1528 2414 1587 2466 τὸ
1632 2414 1734 2466 πά-

163 2500 261 2555 ὶιει
309 2503 404 2572 μὲν
444 2505 721 2576 ὲξευρεθὲν
770 2506 899 2576 παρ’
943 2506 1162 2577 ἑτέρων,
1206 2506 1426 2568 τελείως
1459 2506 1513 2557 δὲ
1551 2505 1643 2560 νῦν
1676 2508 1733 2558 ὲν

161 2589 292 2650 ταῖς
341 2590 876 2663 ἀπηρυθριασμέναις
923 2595 1015 2646 καὶ
1055 2594 1424 2664 ἀναισχύντοις
1468 2593 1733 2662 γλώσσαις

167 2677 280 2730 ὑπὸ
336 2680 536 2732 τούτων
583 2683 929 2753 ἐξεργασθὲν,
981 2684 1138 2737 τοῦτό
1192 2687 1357 2738 ἐστιν.
1439 2685 1626 2754 Ἡμεῖς
1677 2685 1733 2737 δὲ

167 2784 387 2877 πρῶτον
420 2774 593 2824 ἐκεῖνο
618 2777 742 2838 τοὺς
774 2779 1043 2847 ἀκροατὰς
1074 2779 1454 2848 ὑπομνήσωμεν
1489 2778 1618 2847 (88)’
1655 2779 1733 2831 δτι

160 2860 329 2921 οὗτός
360 2863 502 2914 ἐστιν
533 2866 560 2915 ὁ
591 2864 677 2916 διὰ
709 2868 806 2930 τὴν
838 2868 944 2921 τῶν
975 2868 1180 2921 πολλῶν
1210 2870 1427 2937 ἄγνοιαν
1460 2870 1730 2940 ἀνθρωπι-

167 2965 286 3012 κως
325 2950 679 3014 ὲξακουόντων
707 2960 805 3027 τῆς
834 2961 1132 3028 γεννήσεως
1163 2961 1254 3013 τοῦ
1292 2961 1418 3013 Υίοῦ
1452 2962 1530 3022 είς
1565 2962 1734 3027 ἀνάγ-

165 3057 276 3109 κην
317 3043 581 3113 ἐληλυθὼς
623 3046 729 3098 τῶν
786 3049 956 3117 λόγων
989 3049 1192 3102 τούτων
1216 3067 1229 3080 ’
1262 3046 1410 3114 οὗτος
1439 3051 1467 3101 ὁ
1497 3049 1601 3102 ἀπὸ
1628 3050 1733 3102 τῶν

167 3139 498 3205 σωματικῶν
518 3141 732 3194 ἐννοιῶν
758 3143 847 3194 ἐπὶ
868 3143 964 3212 τὴν
992 3144 1360 3215 πνευματικὴν
1384 3143 1613 3214 θεωρίαν
1637 3142 1735 3205 τὰς
1761 3193 1800 3215 η

165 3226 528 3292 ἀπαιδεύτους
552 3231 726 3301 ψυχας
755 3235 1075 3302 ἐπανάγων·
1108 3237 1189 3298 ὃς,
1221 3237 1402 3306 ἐπειδὴ
1432 3237 1498 3289 τὰ
1533 3234 1733 3304 γεννώ-

169 3333 317 3383 μενα
363 3319 474 3380 ζῶα
511 3322 608 3372 οὐκ
640 3322 764 3372 ὄντα
813 3323 1094 3393 πρότερον,
1133 3322 1249 3376 εἶτα
1277 3329 1547 3392 γεννᾶται,
1578 3328 1668 3378 καὶ
1705 3327 1732 3377 ὁ
1763 3350 1770 3359 ·

169 3415 414 3485 σήμερον
446 3417 721 3486 γεννηθεὶς
750 3419 873 3488 χθὲς
902 3422 997 3490 οὐχ
1026 3422 1250 3491 ὑπῆρχε,
1281 3421 1482 3492 ταύτην
1505 3423 1595 3475 καὶ
1621 3422 1729 3493 (89)

167 3506 268 3558 ἐπὶ
323 3510 421 3578 τὴν
467 3508 558 3561 τοῦ
596 3511 930 3576 Μονογενοῦς
989 3514 1334 3577 ὑποστάσεως
1381 3513 1478 3584 τὴν
1530 3515 1732 3566 ἔννοιαν

172 3599 490 3671 μεταφέρει.
556 3602 664 3654 Καὶ
721 3603 903 3672 ἐπειδὴ
975 3605 1327 3673 γεγέννηται,
1389 3604 1582 3674 φησιν,
1637 3605 1732 3672 οὐχ

169 3688 388 3758 ὑπῆρχε
426 3692 529 3761 πρὸ
695 3694 1016 3762 γεννήσεως.
1053 3694 1205 3748 Οὕτω
1238 3694 1589 3764 μεγαλοφυῶς
1635 3696 1732 3765 τὴν

167 3780 420 3850 γέννησιν
448 3785 574 3853 ἡμῖν
599 3785 688 3836 τοῦ
713 3783 1038 3853 Μονογενοῦς
1055 3787 1307 3855 θεολογεῖ,
1337 3789 1435 3839 καὶ
1461 3787 1547 3840 διὰ
1570 3785 1735 3838 τοιού-

165 3889 283 3924 των
308 3873 473 3940 λόγων
500 3875 565 3928 τὰ
595 3877 995 3949 ἀρρωστήματα
1053 3879 1158 3932 τῶν
1190 3880 1431 3948 ἀδελφῶν
1455 3883 1486 3950 ὴ
1498 3879 1612 3950 μῶν
1643 3882 1730 3931 ἐττ-

165 3965 511 4036 ανορθοῦται,
545 3969 689 4032 ἄξιος
718 3968 984 4041 ῶν,είπερ
1021 3989 1122 4035 τις,
1160 3972 1382 4025 ἀκοῦσαι
1419 3974 1515 4042 τῆς
1543 3990 1731 4042 παροι-

173 4057 329 4124 μίας,
362 4058 439 4110 ὃτι
479 4059 672 4124 Ἰατρὲ,
701 4060 1071 4128 θεράπευσον
1096 4062 1370 4116 σεαυτόν.
1397 4063 1524 4113 Τίνα
1554 4063 1730 4130 μέντοι

170 4149 272 4200 καὶ
302 4150 646 4219 παραμυθίαν
688 4152 787 4220 τῆς
829 4152 1028 4204 ἀτόπου
1062 4151 1261 4220 ταύτης
1305 4153 1457 4204 νόσου
1494 4153 1600 4202 τῶν
1643 4152 1729 4202 λο-

169 4239 389 4306 γισμῶν
420 4239 566 4309 αὐτῷ
609 4241 1055 4311 προσενέγκωμεν
1089 4240 1120 4311 ἢ
1169 4241 1237 4293 τὰ
1269 4240 1418 4312 παρά
1455 4241 1547 4293 τοῦ
1580 4242 1729 4307 ἁγίου

169 4330 490 4400 Πνεύματος
533 4332 620 4384 διὰ
665 4333 757 4386 τοῦ
806 4333 1072 4403 μακαρίου
1143 4333 1385 4385 Ἰωάννου
1440 4331 1731 4402 λαληθέντα

171 4426 328 4493 ἡμῖν,
365 4425 443 4476 ὅτι
487 4426 585 4477 Ἐν
620 4424 775 4495 ἀρχῇ
823 4423 900 4495 ἦν
932 4429 963 4478 ὁ
990 4425 1197 4494 Λόγος,
1243 4424 1338 4477 καὶ
1371 4427 1402 4476 0'
1438 4426 1623 4492 Λόγος
1655 4420 1730 4492 ἦν

1834 1957 2048 2017 Filium,
2079 1962 2170 2005 aut
2197 1967 2300 2004 non
2329 1952 2699 2003 exsistentem.
2735 1944 2892 2012 Atqui
2922 1941 2964 1996 si
2993 1958 3095 1995 non
3125 1941 3389 1993 exsislen—

1836 2059 1963 2112 tem,
1995 2059 2172 2107 nemo,
2203 2042 2393 2111 inquit,
2420 2040 2627 2093 incuset
2653 2051 2734 2089 uie
2764 2035 3100 2090 temeritatis.
3126 2032 3220 2086 Sin
3243 2031 3387 2085 exsi-

1831 2149 2082 2198 stentem,
2119 2149 2222 2188 non
2248 2132 2636 2185 absurditatem
2669 2129 2863 2191 solum,
2897 2138 2948 2180 et
2973 2125 3383 2192 blasphemiam,

1832 2233 1922 2287 sed
1951 2229 2297 2284 steliditatem
2329 2224 2490 2276 etiam
2527 2236 2742 2274 omnem
2779 2220 2862 2274 hic
2903 2233 3083 2273 sermo
3119 2217 3329 2270 excedit
3368 2237 3381 2270 :

1830 2324 2024 2378 etenim
2050 2321 2135 2390 qui
2174 2326 2272 2382 est,
2301 2315 2645 2386 generatione
2677 2329 2778 2366 non
2814 2313 3034 2382 indiget.

1900 2416 2024 2468 Bas.
2068 2415 2191 2468 llarc
2216 2422 2298 2466 est
2323 2407 2537 2480 quidem
2571 2407 2656 2460 illa
2687 2405 3053 2474 vulgatissima
3087 2402 3382 2464 cavillatio.

1833 2508 1900 2560 ab
1928 2505 2046 2560 aliis
2085 2506 2212 2558 olim
2261 2504 2542 2555 adinventa
2579 2513 2592 2550 :
2639 2513 2781 2550 nunc
2821 2511 2947 2549 vero
2989 2493 3386 2564 impudentibus

1833 2606 1886 2649 et
1919 2590 2291 2648 inverecundis
2323 2589 2544 2640 istorum
2578 2585 2774 2652 linguis
2799 2582 3040 2637 absolute
3071 2592 3230 2651 atque
3254 2596 3380 2650 per-

1832 2689 1968 2742 fecte
2011 2683 2240 2753 expleta.
2289 2678 2486 2734 Verum
2535 2692 2629 2731 nos
2668 2675 2793 2729 illud
2834 2675 3060 2743 primum
3112 2673 3384 2725 auditores

1833 2777 2260 2838 admonebimus,
2304 2773 2445 2825 hunc
2489 2770 2634 2823 illum
2675 2781 2830 2833 esse,
2867 2765 3032 2837 249
3073 2765 3197 2835 qui,
3241 2763 3383 2833 quod

1833 2887 1938 2926 non
1969 2868 2125 2938 pauci
2149 2881 2215 2919 ex
2249 2861 2547 2933 ignorantia
2574 2861 2974 2929 generationem
3001 2859 3119 2912 Filii
3152 2858 3388 2910 humano

1830 2975 1983 3016 more
2021 2958 2344 3028 acciperent,
2391 2964 2610 3008 coaetus
2642 2953 2691 3006 ia
2724 2953 2820 3005 hos
2850 2964 3127 3005 sermones
3157 2945 3341 3002 incidit
3372 2963 3386 2997 :

1834 3056 1974 3110 hune
2000 3052 2146 3104 illum
2177 3063 2314 3113 esse,
2345 3047 2486 3114 quia
2520 3045 2792 3113 corporeis
2829 3041 3136 3096 notionibus
3176 3040 3238 3092 ad
3268 3038 3381 3105 spi-

1835 3144 2073 3198 ritualem
2113 3138 2615 3209 contemplationem
2658 3135 2934 3204 imperitas
2967 3133 3176 3187 animas
3225 3145 3381 3184 revo-

1837 3247 1922 3291 cat
1947 3254 1958 3288 :
1988 3235 2097 3303 qui,
2122 3235 2262 3301 quod
2290 3231 2563 3292 animalia,
2591 3245 2710 3281 cum
2736 3229 2882 3296 prius
2910 3242 3012 3280 non
3041 3227 3168 3289 sint,
3196 3223 3387 3276 deinde

1836 3334 2180 3397 generantur,
2209 3332 2259 3374 et
2289 3321 2425 3389 quod
2460 3319 2548 3388 qui
2586 3319 2741 3371 hodie
2767 3317 2980 3386 genitus
3006 3326 3106 3378 est,
3142 3315 3254 3368 heri
3282 3329 3386 3365 non

1835 3431 1970 3483 erat,
1994 3421 2127 3472 hanc
2146 3416 2416 3468 notionem
2444 3414 2494 3464 in
2527 3409 2793 3478 Unigeniti
2826 3406 3178 3462 substantiam
3210 3415 3388 3457 trans-

1837 3512 1955 3566 fert.
2001 3511 2064 3564 Et
2091 3508 2344 3577 quoniam
2377 3505 2590 3574 genitus
2625 3512 2736 3565 est,
2776 3501 2969 3570 inquit,
3002 3508 3126 3552 ante
3158 3512 3383 3568 genera-

1837 3605 2032 3655 tionem
2085 3618 2187 3654 non
2236 3608 2370 3652 erat.
2421 3596 2569 3650 Adeo
2626 3593 2909 3663 magniﬁce
2964 3605 3057 3645 ceu
3115 3589 3388 3655 theologus

1843 3692 2102 3761 linigeniti
2151 3689 2300 3742 nobis
2332 3686 2729 3756 generationem
2762 3682 3004 3751 exponit,
3048 3691 3207 3748 atque
3248 3678 3389 3744 ejus-

1837 3784 1976 3838 modi
2009 3781 2184 3835 verbis
2219 3778 2442 3832 fratrum
2476 3787 2781 3830 nostrorum
2837 3771 3239 3826 inﬁrmitatibus
3278 3785 3388 3819 tne-

1836 3878 2024 3932 detur:
2057 3875 2266 3941 dignus,
2296 3873 2339 3924 si
2370 3870 2490 3938 quis
2519 3868 2673 3928 alius,
2700 3867 2787 3933 qui
2815 3864 2998 3917 audiat
3025 3859 3386 3931 proverbium,

1838 3967 2054 4029 Medica,
2090 3979 2214 4015 cura
2243 3963 2460 4028 teipsum
2485 3958 2553 4010 ".
2581 3956 2741 4024 Atqui
2783 3969 2944 4023 quam
2970 3953 3019 4007 ei
3051 3948 3308 4004 medelam
3335 3947 3385 3998 in

1837 4059 1938 4112 hoc
1986 4053 2215 4106 absurdo
2256 4051 2417 4104 animi
2470 4048 2659 4101 morbo
2706 4045 3028 4106 alieremus,
3079 4039 3180 4093 nisi
3227 4037 3388 4090 verba

1837 4162 1952 4215 qum.
1996 4143 2227 4211 Spiritus
2261 4149 2478 4193 Sanetus
2523 4152 2617 4205 per
2667 4137 2878 4189 beatum
2924 4131 3180 4185 Joannem
3233 4128 3387 4179 nobis

1837 4237 2044 4291 locutus
2071 4243 2152 4287 est
2194 4251 2206 4286 :
2243 4231 2307 4285 lu
2342 4229 2595 4298 principio
2634 4238 2742 4281 erat
2789 4224 3029 4287 Verbum,
3063 4231 3110 4274 et
3167 4218 3388 4272 Verbum

1836 4340 1942 4383 erat
1970 4327 2105 4394 apud
2129 4326 2314 4386 Deum,
2341 4335 2384 4376 et
2416 4323 2550 4376 Deus
2574 4330 2682 4375 crat
2725 4319 2942 4372 Verbum
2971 4316 3049 4366 “1’
3067 4314 3158 4367 llis
3184 4310 3388 4364 duabus

1837 4422 2156 4478 dictionibus
2175 4421 2314 4472 hunc
2341 4416 2505 4469 animi
2525 4416 2766 4468 morbum
2791 4408 3019 4464 exclusit
3041 4403 3386 4474 evangelista,

169 4517 325 4584 πρὸς
343 4515 447 4569 τὸν
465 4517 628 4581 Θεὸν,
654 4519 748 4570 καὶ
770 4517 909 4582 Θεὸς
922 4515 998 4586 ἦν
1016 4521 1046 4571 o'
1060 4519 1244 4586 Λόγος
1256 4534 1273 4578 ;
1301 4518 1396 4568 Διὰ
1413 4517 1609 4569 τούτων
1626 4516 1729 4568 τῶν

1836 4532 1954 4570 cum
2002 4514 2224 4567 alteram
2277 4510 2686 4571 transcendere,
2735 4504 2958 4557 alteram
3010 4498 3218 4566 assequi
3280 4511 3386 4548 non

168 4608 266 4662 δύο
318 4610 524 4680 ῥήσεων
571 4608 886 4662 ἀπέκλεισεν
925 4611 952 4660 ὁ
995 4608 1409 4680 εύαγγελιστὴς,
1457 4610 1581 4679 μιᾶς
1631 4608 1724 4664 ἀν,-

247 4787 295 4818 ⁸³
324 4786 452 4843 Luc.
484 4802 556 4852 tv,
596 4787 685 4841 25.
760 4787 805 4817 ⁵³
832 4788 985 4841 Joan.
1025 4805 1064 4852 ι,
1099 4789 1150 4842 1.

244 4962 518 5046 (83.)‘Editi
544 4973 596 5018 et
627 4979 756 5046 mss.
787 4965 1027 5019 nonnulli
1060 4964 1340 5046 τιθέμενος
1364 4963 1468 5016 τῶν
1495 4963 1726 5032 κτισμά-

168 5050 303 5113 των.
334 5031 482 5102 Regii
538 5035 805 5089 secundus
852 5044 906 5090 et
939 5045 1164 5104 quartus
1187 5031 1476 5104 τιθέμενος
1510 5035 1569 5086 τὸ
1615 5031 1730 5087 κτι-

179 5118 420 5171 σματων,
451 5114 612 5157 recte.

199 5244 210 5254 υ
246 5173 355 5240 (84)
398 5171 1098 5254 hlonetvireruditissimus
1146 5175 1728 5254 [iacteristanathema-

173 5244 393 5323 tismtim
431 5244 480 5321 iu
509 5244 736 5323 concilio
760 5246 1088 5300 Ariminensi
1108 5247 1198 5323 _ab
1222 5248 1438 5323 Ariauis
1461 5249 1726 5313 prolatum

173 5314 253 5397 sic
281 5310 453 5397 el'l‘erri
483 5314 623 5397 apud
650 5313 1295 5397 Hieronyntu‘medveraus
1321 5310 1684 5376 Luciferianos
1709 5330 1728 5368 :

176 5382 237 5436 Si
263 5383 379 5450 quis
401 5381 586 5434 dixerit
620 5381 913 5438 creatura'm
948 5384 1144 5437 Filium
1171 5384 1283 5449 Dei,
1311 5397 1363 5438 ut
1392 5397 1507 5440 sunt
1530 5399 1730 5440 uetera:

172 5463 451 5514 creatum,
477 5455 760 5505 anathema
799 5457 886 5510 sit.
939 5455 1129 5508 Filium
1155 5466 1461 5509 creaturam
1495 5472 1598 5510 non
1637 5471 1730 5508 ne-

176 5521 534 5605 gab’ali\t.ns.e_d.
553 5523 782 5605 similem
819 5526 1028 5577 caeteris
1053 5526 1337 5577 creaturis.

172 5591 632 5678 ‘A(§5)I_Editiﬁet
681 5595 783 5645 duo
833 5609 962 5674 mss.
998 5593 1312 5678 exulat-co).
1352 5595 1502 5678 quin,
1532 5596 1723 5648 ἐπικα-

172 5661 506 5733 λείτωηιιρε.
545 5663 770 5733 primus,
815 5665 896 5715 eui
950 5664 1307 5733 sulfragautur
1338 5666 1425 5718 alii
1454 5667 1556 5718 duo
1589 5682 1716 5720 lll:S.

174 5732 637 5811 secundamanu,‘
654 5732 1044 5798 ἐπεγκαλείτω.

245 5799 359 5855 (86)
391 5799 526 5854 Ειὶίιί
555 5800 690 5853 ἀλλᾶ
723 5803 919 5863 πάσης-
959 5807 1024 5859 At
1056 5820 1182 5862 mss.
1222 5805 1352 5859 ἀλλὰ
1399 5806 1487 5857 καὶ
1536 5805 1727 5869 πάσης.

1832 4607 2117 4676 possimus.
2165 4601 2344 4671 Neque
2391 4601 2531 4654 enirn
2571 4597 2686 4651 ﬁeri
2736 4603 2930 4664 potest,
2974 4601 3030 4646 ut
3098 4587 3386 4660 quidquam

1910 4961 2022 5032 (87)
2055 4961 2154 5014 Pro
2202 4959 2513 5032 γεννήσεωςΔ
2546 4955 2596 5008 in
2627 4954 2780 5032 __Reg._
2814 4950 2972 5032 tertia
3013 4947 3207 5017 legitur
3235 4943 3387 5032 γενέ-

1841 5017 1977 5093 σεως
2007 5017 2026 5063 ί
2052 5047 2169 5100 qua:
2199 5017 2362 5082 varia.
2388 5017 2654 5082 scribendi
2682 5017 2820 5077 ratio
2849 5022 2918 5074 ita
2946 5020 3198 5100 frequens
3224 5024 3305 5094 est
3336 5017 3386 5066 in

1839 5086 1995 5156 libris
2024 5086 2132 5155 lu'm
2174 5102 2388 5153 excusis
2421 5108 2528 5149 tum
2567 5111 2721 5148 manu
2754 5091 3007 5153 exaratis,
3043 5086 3099 5140 ut
3131 5101 3222 5139 eos
3251 5086 3388 5137 inter

1836 5189 1893 5226 se
1929 5172 2254 5233 consentire,
2283 5185 2401 5222 cum
2434 5167 2695 5219 alterutra
2721 5160 3136 5233 vox_occurrit,‘
3161 5157 3246 5207 vix
3285 5171 3384 5233 un-I

1837 5259 1995 5311 quam
2032 5224 2357 5293 videasallie
2389 5239 2538 5311 locus
2578 5236 2734 5286 aliter
2763 5231 2933 5311 editus
2967 5224 3387 5311 ittv'eulitur'apud

1842 5295 2013 5372 virum
2035 5311 2401 5364 doctissimum
2432 5307 2691 5359 Joannem
2721 5295 3382 5372 AlhertumFabricium.:

1842 5361 2032 5435 sedrita
2066 5361 2270 5440 tamen,
2297 5388 2352 5430 ut
2399 5379 2586 5429 eadem
2626 5371 2891 5426 sententia
2944 5368 3222 5440 etiiciatur.
3278 5361 3388 5414 lllic

1837 5434 1997 5518 igitur
2047 5451 2124 5502 sic
2180 5434 2403 5516 legimus
2444 5464 2455 5498 :
2501 5442 2589 5512 Τῷ
2617 5443 2722 5512 γὰρ
2769 5439 2954 5492 δντιτί
2986 5437 3062 5488 δεῖ
3104 5434 3384 5503 γενέσεως,

1836 5512 1972 5585 Quid
1998 5522 2130 5572 enim
2175 5512 2304 5586 opius
2331 5525 2404 5567 est
2433 5526 2568 5586 ortu,
2605 5515 2647 5566 ei
2665 5513 2752 5580 qui
2785 5512 2900 5563 est?

1908 5593 2020 5656 (88)
2051 5583 2273 5641 Codices
2301 5587 2501 5652 aliquot
2526 5583 2941 5656 ὑπομνήσωμεν,

1910 5600 2020 5656 (88)
2051 5600 2273 5641 (iudices
2301 5600 2501 5652 attqu0t
2526 5600 2628 5634 υπο
2675 5600 2941 5651 νησωμεν.

1910 5662 2021 5730 (89)
2051 5659 2140 5710 Sic
2168 5659 2297 5723 Heg.
2328 5665 2570 5725 quartus.
2611 5600 2804 5707 δίκαια
2845 5649 2935 5701 καί
2967 5647 3115 5703 deest
3149 5644 3202 5698 in
3227 5639 3388 5696 editis

1840 5744 1888 5784 et
1921 5735 1968 5784 in
2002 5730 2114 5782 aliis
2137 5744 2261 5781 mss.
