4084 6318
191 350 297 404 604

1286 348 1649 401 ADVERSUS
1683 347 2048 403 EUNOMIUM
2093 353 2216 405 LIB.
2260 353 2319 403 ll.

3317 354 3421 411 60‘2

194 467 314 529 σοῖς
342 462 662 535 οἰκειότερον
708 444 840 535 προς
882 461 940 512 σὲ
974 461 1241 532 χρήσομαι
1277 463 1532 532 ῥήμασιν,
1581 463 1661 515 ὃτι
1696 462 1757 514 οὑ

1874 474 1935 515 :St
1983 462 2181 524 dicere,
2230 462 2335 517 tuis
2383 460 2667 515 ativcrsnm
2723 471 2775 517 te
2824 464 3004 519 verbis
3061 464 3235 534 aptius
3278 477 3420 532 utar,

198 555 549 626 βλασφημίας
580 558 757 627 μόνον,
786 554 919 607 ἀλλὰ
951 556 1044 607 καὶ
1074 554 1374 626 παρανοίας
1400 556 1701 629 ὑπερϐολὴν
1737 557 1765 608 6

196 648 355 715 λόγος
384 646 515 717 ἔχει,
542 645 857 717 ἀνθρώπους
892 648 1140 701 ἀπαιτεῖν
1165 647 1272 700 τῶν
1297 646 1465 715 λόγων
1486 648 1579 700 τοῦ
1606 648 1769 703 [1νεὺ-

201 756 378 808 ματος
405 740 501 805 τάς
527 738 772 801 εὐθύνας,
807 738 900 792 καὶ
932 739 1175 811 μαθητὴν
1225 740 1321 809 μὲν
1360 736 1493 793 εἶναι
1526 740 1631 794 τῶν
1666 743 1770 795 Εὑ-

196 832 469 900 αγγελίων
506 830 805 901 ὁμολογεῖν,
846 833 1023 887 αὑτῶν
1060 834 1116 887 δὲ
1147 833 1347 886 τούτων
1390 834 1769 898 κατεξανιστα-

200 923 347 978 σθαι.
378 921 576 988 Σκόπει
613 922 719 994 γὰρ
750 921 847 988 τὰς
872 924 1020 989 θείας
1057 923 1258 995 φωνὰς,
1289 924 1364 987 ὼς
1402 925 1641 998 ἀκριϐῶς
1676 927 1769 981 καὶ

199 1017 392 1087 σαφῶς
419 1018 484 1087 τῇ
519 1016 622 1087 πρὸ
660 1016 868 1072 αἰώνων
901 1018 1111 1087 γενέσει
1143 1017 1253 1087 (97)
1280 1017 1373 1074 τοῦ
1405 1018 1534 1072 Υἱοῦ
1571 1035 1770 1089 μαρτυ-

200 1110 409 1183 ροῦσιν.
453 1108 667 1180 Ἐπειδὴ
696 1111 804 1181 γὰρ
831 1112 859 1164 6
892 1110 988 1180 μὲν
1011 1109 1282 1174 Ματθαῖος
1308 1112 1405 1183 τῆς
1436 1109 1575 1164 κατὰ
1598 1112 1770 1181 σάρκα

198 1201 506 1270 γεννήσεως
527 1202 793 1273 ἐξηγητὴς
814 1202 1055 1270 γέγονεν,
1074 1200 1149 1265 ῶς
1174 1202 1335 1267 αὑτός
1364 1217 1525 1271 φησι·
1555 1203 1772 1268 Βίϐλος

200 1291 496 1362 γενέσεως
535 1296 730 1363 Ἰησοῦ
773 1293 1027 1362 Χριστοῦ
1079 1296 1212 1352 υἱοῦ
1235 1295 1409 1352 Δαόίδ
1456 1296 1597 1367 (98)·
1657 1299 1685 1349 6
1715 1294 1769 1347 δὲ

200 1384 430 1455 Μάρκος
459 1386 630 1459 ἀρχὴν
658 1387 750 1439 τοῦ
781 1384 1108 1453 Βὺαγγελίου
1133 1388 1193 1442 τὺ
1231 1387 1475 1442 Ἰωάννου
1505 1388 1770 1458 πεποίηκε

201 1476 489 1549 κήρυγμα,
538 1477 737 1531 είπώνο
779 1476 959 1546 Ἀρχὴ
1010 1478 1116 1533 τοῦ
1155 1478 1517 1546 Εὐαγγελίου
1568 1476 1769 1543 Ἰησοῦ

200 1568 482 1637 Χριστοῦ,
526 1566 716 1633 καθὼς
746 1568 1059 1639 γέγραπται
1085 1572 1152 1623 ἐν
1196 1570 1394 1635 Ἡσαΐᾳ
1438 1569 1515 1635 τῷ
1541 1568 1768 1638 προφήο

199 1676 279 1730 τῃ
302 1661 447 1733 (99)·
472 1658 640 1735 οξωνὴ
657 1658 927 1730 ,ϐοῶντος
954 1663 1024 1716 ἐν
1053 1661 1127 1730 τῇ
1154 1659 1348 1730 ἐρήμῳ
1366 1678 1382 1691 ·
1421 1663 1450 1715 6
1472 1662 1528 1716 δὲ
1558 1662 1770 1723 Λουκᾶς

203 1755 300 1808 καὶ
341 1754 502 1816 αὑτὸς
538 1753 627 1808 διὰ
664 1754 770 1811 τῶν
809 1755 1131 1826 σωματικῶν
1182 1754 1362 1827 ἀρχῶν
1408 1760 1472 1828 τῇ
1529 1754 1771 1825 θεολογία

1867 554 2009 623 quod
2042 568 2145 606 non
2174 556 2519 626 blasphemia:
2554 556 2743 618 solum,
2783 558 2874 611 sed
2914 557 3223 612 stoliditatis
3261 560 3421 613 etiam

1868 644 2081 697 modum
2118 658 2334 712 superat
2378 649 2462 703 hic
2506 661 2709 713 sermo,
2752 648 2995 702 homines
3029 649 3273 703 videlicet
3301 666 3423 704 ver-

1868 733 2055 787 borum
2096 732 2328 804 Spiritus
2370 741 2633 794 rationem
2665 752 2977 807 exposcere,
3013 749 3066 793 ct
3099 740 3334 807 prollteri
3368 756 3425 796 se

1868 826 2137 896 Evangelii
2173 826 2509 897 discipulum,
2540 842 2597 888 et
2650 842 2824 885 tamen
2877 832 2928 885 in
2982 832 3154 899 ipsum
3188 831 3427 901 Evange-

1868 918 1994 974 linm
2016 921 2314 989 insurgere.
2340 922 2570 979 Adverte
2592 928 2735 981 enim
2756 941 2915 998 qnam
2940 924 3243 994 diligenter,
3264 942 3424 995 quam

1869 1023 2054 1081 aperte
2102 1012 2297 1069 divime
2340 1028 2499 1068 voces
2543 1020 2944 1085 generationem
2984 1017 3127 1083 Filii,
3159 1034 3276 1086 qua:
3330 1018 3429 1072 fuit

1869 1111 1993 1156 ante
2020 1102 2235 1164 sarcula,
2266 1104 2571 1159 testimonio
2600 1122 2695 1159 suo
2727 1109 3098 1181 comprobent.
3134 1108 3263 1163 Nam
3295 1124 3429 1179 quo-

1872 1194 2011 1245 niam
2040 1192 2321 1248 Mattitzeus
2348 1196 2562 1265 quidem
2591 1202 2953 1266 generationis
2986 1204 3275 1258 secundum
3310 1215 3429 1257 car-

1872 1295 1988 1335 nem
2021 1282 2193 1338 faetus
2221 1292 2303 1338 est
2335 1283 2624 1354 interpres,
2658 1296 2714 1341 ut
2742 1286 2855 1357 ipse
2884 1290 2956 1341 ait
2991 1309 3004 1344 :
3035 1291 3187 1346 Liber
3215 1305 3431 1358 genera—

1872 1376 2026 1429 tionis
2070 1376 2198 1431 Jesu
2253 1376 2450 1431 Christi
2497 1378 2595 1445 ﬁlii
2650 1378 2820 1433 David
2860 1381 2927 1447 l‘°;
2982 1382 3189 1437 Marcus
3251 1392 3427 1439 autem

1867 1462 2088 1521 Joannis
2150 1469 2584 1535 [medicationem
2652 1469 2864 1525 initium
2921 1471 3195 1542 Evangelii
3264 1476 3426 1540 fecit,

1871 1556 2093 1612 dicens:
2126 1558 2341 1613 Initium
2392 1562 2663 1632 Evangelii
2698 1561 2825 1616 Jesu
2874 1563 3088 1625 Christi,
3123 1566 3257 1618 sicut
3299 1572 3428 1620 scri-

1869 1661 2010 1715 ptum
2038 1660 2109 1703 est
2145 1651 2195 1704 in
2246 1650 2395 1705 Isaia
2428 1657 2674 1723 propheta
2714 1670 2732 1709 :
2765 1653 2877 1708 Vox
2921 1658 3196 1711 clamantis
3242 1660 3298 1711 in
3343 1659 3432 1710 de-

1870 1752 2007 1795 serto
2044 1743 2109 1807 5';
2144 1741 2318 1797 Lucas
2349 1760 2474 1799 vero
2501 1754 2552 1799 et
2587 1747 2698 1815 ipse
2727 1762 2823 1818 per
2849 1748 3147 1818 corporalia
3184 1749 3335 1804 initia
3366 1752 3433 1805 ad

204 1842 450 1914 προσέϐη
467 1859 481 1873 '
510 1844 821 1915 ἀναγκαίως
844 1846 871 1896 6
894 1843 1277 1918 εὑαγγελιστὴς
1308 1847 1578 1917 Ίωάννης,
1600 1844 1772 1897 τελευ-

1878 1832 2195 1902 theologiam
2220 1834 2466 1900 accessit,
2497 1838 2804 1892 necessario
2827 1839 3156 1909 evangelista
3174 1837 3429 1907 Joannes,

200 1938 355 1997 ταῖος
392 1935 558 1990 ἐλθὼν
612 1939 690 1998 εἰς
736 1936 796 1987 τὸ
835 1935 1086 2007 γράφειν,
1125 1940 1320 2003 παντὸς
1360 1936 1637 2008 αἰσθητοῦ,
1684 1939 1775 1990 καὶ

204 2027 400 2098 χρόνου
425 2028 513 2082 τοῦ
536 2030 644 2091 τοῖς
677 2028 936 2094 τοιούτοις
974 2033 1373 2103 παρεπομένου,
1402 2034 1500 2105 τὴν
1538 2032 1773 2087 διάνοιαν

205 2119 510 2192 ὑπεράρας,
570 2118 766 2189 μᾶλλον
811 2120 867 2173 δὲ
918 2121 1147 2188 ὑψωθεὶς
1176 2123 1249 2191 (1)
1293 2126 1357 2192 τῇ
1405 2124 1626 2194 δυνάμει
1682 2123 1773 2176 τοῦ

206 2210 543 2281 Πνεύματος,
571 2211 716 2283 αὑτῷ
739 2211 979 2282 προσέϐη
1008 2211 1085 2282 τῷ
1117 2212 1329 2264 πάντων
1363 2214 1635 2280 ἐπέκεινα,
1677 2234 1759 2285 μο-

203 2303 423 2372 νονουχὶ
448 2302 944 2374 διαμαρτυρόμενος
971 2304 1062 2357 καί
1088 2304 1265 2370 αὑτὸς,
1293 2306 1393 2367 ὅτι,
1430 2307 1476 2357 εἰ
1502 2306 1593 2357 καὶ
1614 2305 1775 2374 ἐγνώ-

204 2410 388 2462 καμεν
444 2395 584 2447 κατά
636 2395 811 2466 σάρκα
854 2394 1105 2468 Χριστὸν,
1161 2395 1297 2451 ἀλλά
1344 2398 1435 2451 νῦν
1475 2398 1653 2451 οὐκέτι
1695 2416 1777 2467 γι-

204 2482 507 2555 νώσκομεν.
543 2486 849 2558 Λαϐόμενος
874 2489 981 2561 γὰρ
1020 2490 1187 2561 αὑτῆς
1213 2490 1310 2561 τῆς
1340 2490 1531 2562 ἀρχῆς,
1560 2491 1652 2543 καὶ
1676 2491 1778 2543 πά-

207 2592 311 2641 σας
340 2577 437 2641 τὰς
468 2582 781 2651 σωματικάς
813 2600 871 2635 τε
904 2584 997 2636 καὶ
1024 2583 1275 2652 χρονικάς
1304 2584 1509 2648 ἐννοίας
1539 2584 1775 2638 κατωτὲο

210 2684 313 2735 ρας
348 2667 447 2735 τῆς
480 2670 670 2721 ἑαυτοῦ
717 2669 991 2737 θεολογίας
1037 2670 1336 2734 ἀπολιπὼν,
1390 2674 1775 2746 ὑπερεφώνησε

202 2754 278 2806 τὰ
305 2756 639 2825 προλαϐόντα
670 2757 996 2827 κηρύγματα
1027 2761 1092 2830 τῇ
1122 2760 1457 2832 μεγαλοφυῖᾳ
1505 2762 1602 2831 τῆς
1635 2762 1774 2831 γνὼ-

204 2862 370 2908 σεως.
410 2845 520 2899 Οὑκ
557 2848 663 2901 ἀπὸ
697 2850 930 2919 Μαρίας,
996 2854 1178 2922 φησὶν,
1223 2854 1255 2924 ή
1300 2853 1461 2926 ἀρχὴ,
1512 2854 1629 2906 οὑδὲ
1672 2855 1779 2909 ἀπὸ

203 2936 379 2989 τῶνδε
408 2938 512 2990 τῶν
546 2939 769 3009 χρόνων.
817 2941 976 2995 Ἀλλά
1005 2943 1094 3009 τί;
1140 2945 1235 2998 Ἐν
1260 2944 1413 3015 ἀρχῇ
1461 2942 1540 3016 ἦν
1586 2949 1619 3000 ό
1666 2948 1776 3001 Λό-

204 3046 337 3096 γος,
368 3030 461 3083 καὶ
489 3032 521 3084 ό
545 3034 733 3101 Λόγος
760 3030 838 3102 ἦν
865 3034 1012 3102 πρὸς
1043 3035 1150 3089 τὸν·
1175 3039 1337 3105 Θεὸν,
1385 3040 1480 3092 καὶ
1518 3040 1660 3106 Θεὸς
1699 3036 1777 3110 ἦν

204 3123 241 3171 ό
268 3122 487 3189 Λόγος·
521 3123 617 3193 τὴν
651 3122 709 3186 ἐξ
741 3124 909 3176 ἀϊδίου
953 3125 1203 3196 ὓπαρξιν,
1234 3128 1331 3197 τὴν
1362 3129 1543 3199 ἀπαθῆ
1587 3131 1773 3201 γέννη-

1874 1938 1992 1977 cum
2039 1927 2258 1981 ultimus
2301 1928 2366 1981 ad
2411 1927 2753 1981 scribendum
2790 1934 3045 1996 venisset,
3082 1942 3314 1988 mentem
3346 1950 3435 1987 su-

1875 2031 1969 2085 per
1992 2033 2149 2072 onmc
2183 2021 2453 2084 sensibile,
2487 2036 2548 2073 ac
2593 2030 2799 2089 tempus
2848 2024 2989 2091 quod
3034 2026 3306 2080 sensibilis
3348 2042 3435 2080 sc-

1874 2110 2074 2177 quitur,
2108 2110 2378 2177 attollens,
2412 2112 2516 2166 imo
2553 2111 2745 2167 virtute
2786 2114 3017 2181 Spiritus
3064 2126 3296 2181 erectus,
3338 2131 3432 2171 ac-

1874 2200 2038 2255 cessit
2069 2201 2132 2254 ad
2177 2218 2297 2255 eum
2350 2202 2543 2271 ipsum,
2570 2206 2659 2273 qni
2694 2215 2774 2260 est
2808 2206 2947 2260 ultra
2981 2207 3183 2272 omnia,
3230 2217 3433 2262 tantum

1874 2306 1980 2344 non
2008 2300 2269 2347 attestans
2294 2303 2348 2347 et
2380 2294 2512 2365 ipse,
2544 2297 2686 2365 quod
2715 2296 2813 2350 etsi
2840 2296 3113 2352 Christum
3141 2299 3431 2353 secundum

1875 2396 2091 2435 carnem
2122 2386 2491 2453 cognovimus,
2529 2391 2762 2442 nomium
2798 2401 2973 2444 tamen
3012 2405 3131 2444 eum
3177 2406 3316 2445 nunc
3343 2406 3435 2447 cu-

1877 2475 2179 2541 gnoscimus
2208 2478 2274 2528 ⁸¹.
2308 2476 2439 2529 Nam
2478 2490 2740 2548 occupato
2781 2482 2898 2549 ipso
2947 2484 3231 2550 principio.
3263 2486 3437 2536 omni-

1878 2562 2089 2630 busqne
2123 2565 2395 2631 corporeis
2425 2576 2479 2619 et
2511 2569 2896 2635 temporalibus
2942 2570 3246 2626 notionihus
3294 2573 3433 2626 infra

1877 2668 2027 2708 suam
2090 2655 2406 2727 theologiam
2463 2657 2686 2723 relictis,
2738 2676 2828 2716 cas
2879 2677 2999 2731 qua:
3053 2675 3439 2730 pra‘cesserant

1875 2740 2287 2807 praedicationes
2330 2743 2723 2810 magniﬁcentia
2771 2747 3094 2814 cognitionis
3140 2752 3434 2816 superavit.

1877 2829 1991 2884 Non
2044 2846 2073 2883 a
2125 2832 2315 2896 Maria,
2374 2834 2566 2902 inquit,
2620 2836 2960 2905 principium,
3004 2855 3176 2908 neque
3232 2844 3298 2895 ab
3355 2842 3437 2896 his

1879 2924 2225 2990 temporibus.
2253 2924 2359 2979 Sed
2390 2926 2554 2995 quid?
2582 2924 2645 2979 In
2683 2928 2937 2996 principio
2975 2942 3087 2984 erat
3120 2932 3363 2999 Verbum,
3388 2946 3435 2987 et

1888 3013 2112 3068 Verbum
2154 3026 2263 3069 erat
2303 3018 2441 3084 apud
2487 3018 2674 3082 Deum,
2705 3030 2752 3073 et
2784 3018 2923 3075 Deus
2957 3034 3067 3075 erat
3115 3023 3333 3078 Verbum
3370 3026 3432 3078 ⁵³.

1878 3105 2248 3163 Substantiam
2311 3120 2605 3176 aeternam,
2660 3114 3064 3181 generationem
3141 3115 3438 3173 atl‘ectionis

207 3228 319 3275 σιν,
342 3212 399 3263 τὸ
426 3213 666 3283 συμφυὲς
694 3213 770 3282 τῷ
792 3215 983 3285 Πατρὶ,
1016 3216 1077 3268 τὸ
1113 3218 1393 3288 μεγαλεῖον
1417 3218 1517 3288 τῆς
1546 3220 1772 3287 φύσεως,

1881 3207 2179 3267 expertem,
2212 3215 2329 3255 eam
2361 3214 2519 3269 quam
2555 3216 2675 3256 cum
2709 3200 2868 3257 Patre
2913 3203 3073 3261 habet
3115 3206 3439 3274 conjunctio-

205 3305 392 3357 πάντα
420 3307 478 3357 ἐν
503 3308 613 3369 τοῖς
638 3304 833 3375 ὀλίγοις
859 3308 1062 3378 ῥήμασι
1092 3308 1385 3375 συλλαϐὼν,
1412 3312 1505 3364 καὶ
1529 3314 1592 3382 τῇ
1618 3328 1782 3383 προσ-

206 3394 359 3467 θήκῃ
402 3396 493 3449 τοῦ
518 3392 628 3449 ’Ἦν
671 3398 961 3467 ἀναγαγὼν
999 3399 1074 3473 (2)
1106 3402 1186 3465 είς
1237 3402 1335 3474 τήν
1366 3402 1558 3474 ἀρχὴν,
1594 3403 1780 3476 ῶσπερ

204 3487 569 3557 ἀποεέρᾶττων
602 3490 666 3541 τὰ
701 3491 939 3561 στόματα
969 3493 1096 3559 τῶν,
1136 3495 1215 3549 ὅτι
1258 3498 1368 3549 οὐκ
1399 3492 1495 3567 ἦν,
1542 3495 1780 3567 βλασφη-

210 3578 479 3648 μούντων,
512 3580 606 3633 καὶ
641 3581 919 3651 πόρρωθεν
955 3585 1051 3647 τὰς
1081 3586 1189 3639 τῶν
1218 3587 1473 3642 τοιούτων
1516 3590 1780 3660 σοφισμά-

204 3685 321 3719 των
356 3668 730 3739 παρεισδύσεις
774 3672 1203 3744 ὑποτεμνόμενος
1237 3678 1333 3746 (3).
1387 3676 1517 3732 Εἶτα
1554 3680 1639 3733 διὰ
1682 3680 1778 3751 τῆς

207 3760 488 3828 θεολογίας
524 3755 633 3815 οἷον
675 3762 995 3835 ὑπογραφὴν
1036 3782 1157 3821 τινα
1201 3769 1403 3839 ἐναργῆ
1437 3772 1533 3839 τῆς
1570 3772 1781 3840 φύσεως

204 3850 306 3904 τοῦ
336 3852 668 3920 Μονογενοῦς
696 3853 1027 3919 ὲντυπώσας,
1053 3857 1125 3920 ῶς
1149 3857 1248 3929 ἤδη
1278 3859 1630 3931 γνωρίζουσιν
1651 3864 1779 3916 ὑπο-

205 3943 450 3997 δείκνυσι
478 3947 543 4017 τῇ
576 3947 722 4016 φωνῇ
753 3945 957 4014 λέγων’
999 3943 1184 4013 Οὗτος
1223 3944 1301 4016 ἦν
1344 3950 1414 4002 ἐν
1442 3949 1598 4019 ἀρχῇ
1632 3952 1778 4021 πρὸς

207 4035 321 4085 τὸν
359 4034 537 4087 Θεόν’
582 4034 742 4088 πάλιν
799 4035 1027 4090 ἐνταῦθα
1076 4040 1139 4108 τῇ
1181 4037 1459 4110 προσθήκῃ
1515 4039 1606 4093 τοῦ
1650 4036 1777 4103 Ἦν,

204 4127 276 4194 τῇ
310 4124 564 4196 αἳδιότητι
602 4127 693 4179 τοῦ
736 4127 949 4200 Πατρὸς
984 4128 1077 4182 τοῦ
1116 4130 1445 4198 Μονογενοῦς
1498 4132 1778 4185 συνάπτων

206 4217 313 4286 τὴν
336 4214 584 4285 γέννησιν
604 4234 615 4245 ·
645 4218 736 4269 καὶ
765 4217 951 4271 πάλιν·
991 4218 1120 4286 Ζωὴ
1149 4215 1245 4288 ἦν,
1278 4220 1375 4273 καὶ
1408 4222 1446 4287 ἡ
1471 4219 1584 4288 ζωὴ
1606 4217 1682 4290 ἦν
1712 4222 1779 4274 τὸ

204 4305 337 4374 φῶς
360 4305 478 4359 τῶν
496 4306 834 4375 ἀνθρώπων,
878 4308 975 4362 καί
1010 4303 1091 4379 ἦν
1119 4309 1185 4362 τὸ
1216 4308 1339 4378 φῶς
1369 4310 1434 4363 τὸ
1463 4312 1776 4377 ἀληθινόν.

219 4396 364 4450 Ἀλλ’
404 4396 551 4466 ὅμως
582 4395 722 4449 οὕτω
745 4396 1075 4466 πανταχόθεν
1104 4395 1196 4449 τοῦ
1230 4396 1385 4465 λόγου
1416 4400 1532 4461 ταῖς
1558 4397 1651 4450 τοῦ
1690 4398 1775 4449 ἀῖο

204 4489 327 4541 δίου
364 4488 438 4559 (4)
470 4488 800 4559 προσθήκαις
832 4487 1253 4559 ήσφαλισμένου,
1298 4489 1475 4553 πάσας
1522 4489 1776 4560 παρωσά-

1881 3304 2020 3352 nem,
2050 3298 2253 3345 natura:
2279 3292 2635 3361 majestatcm,
2663 3296 2842 3347 omnia
2872 3299 3056 3365 paucis
3086 3300 3262 3355 verbis
3292 3316 3437 3355 com-

1878 3381 2081 3448 plexus,
2136 3397 2269 3438 voce
2306 3383 2435 3437 Erat
2489 3386 2689 3450 addita,
2736 3386 2957 3442 deduxit
2996 3389 3060 3442 ad
3090 3391 3436 3461 principium,

1880 3473 2033 3540 quasi
2087 3487 2181 3526 ora
2242 3475 2531 3529 occludens
2589 3491 2809 3542 eorum,
2863 3480 2955 3548 qui
3005 3480 3439 3551 blasphemantes

1879 3564 2086 3631 dicunt,
2111 3567 2259 3635 quod
2311 3583 2415 3622 non
2468 3578 2607 3635 erat,
2634 3581 2687 3624 et
2739 3570 2892 3643 longe
2946 3582 3069 3628 ante
3120 3576 3439 3631 exscindens

1877 3656 2135 3723 ejusmodi
2187 3660 2586 3714 cavillationnm
2650 3662 2879 3718 aditum.
2930 3665 3126 3720 Deinde
3190 3680 3441 3723 sermone

1878 3749 2177 3821 theologico
2210 3751 2353 3805 velut
2383 3751 2584 3806 claram
2612 3755 2902 3823 quamdam
2935 3764 3138 3810 natura:
3165 3755 3437 3824 Unigeniti

1872 3842 2290 3914 descriptionem
2338 3845 2669 3915 exprimens,
2704 3848 2859 3917 quasi
2904 3847 3015 3915 jam
3066 3850 3439 3919 cognoscenti-

1878 3934 1979 3987 bus
2009 3950 2126 3988 eam
2161 3944 2549 3991 commonstrat
2582 3936 2685 3991 hac
2716 3952 2869 4003 voce,
2904 3939 3088 3995 dicens
3120 3956 3133 3991 :
3174 3940 3287 3995 Hoc
3327 3953 3441 3995 erat

1878 4026 1931 4076 in
1970 4026 2226 4093 principio
2275 4028 2412 4094 apud
2458 4026 2620 4080 Deum
2650 4027 2715 4085 “.
2758 4027 2981 4094 Rursus,
3018 4046 3147 4087 voce
3190 4031 3316 4086 Erat
3352 4035 3440 4089 hic

1880 4117 2109 4184 adjecta,
2144 4119 2432 4173 asternitati
2486 4118 2662 4175 Patris
2717 4124 3113 4191 generationem
3168 4123 3437 4194 Unigeniti

1880 4212 2172 4266 connectit.
2215 4210 2279 4265 Et
2332 4227 2562 4267 rursus:
2608 4210 2726 4266 Vita
2775 4224 2906 4281 erat,
2954 4226 2999 4269 et
3044 4217 3147 4269 cita
3192 4227 3302 4270 erat
3348 4217 3441 4270 lux

1876 4300 2164 4367 hominum,
2191 4310 2239 4355 et
2264 4312 2375 4356 erat
2404 4303 2496 4357 lux
2526 4320 2641 4358 uera
2674 4302 2739 4358 ⁵³.
2767 4302 2872 4360 Sed
2902 4306 3001 4360 etsi
3031 4307 3275 4359 doctrina
3306 4307 3439 4360 adeo

1879 4393 2115 4463 undique
2169 4394 2549 4449 additamentis
2594 4397 2911 4450 aeternitatis
2959 4396 3287 4449 communita
3333 4408 3439 4459 est.

1878 4492 2055 4538 tamen
2117 4485 2369 4539 omnibus
2422 4484 2656 4555 Spiritus
2710 4485 3035 4540 testimoniis
3092 4485 3335 4553 rejectis,
3387 4499 3441 4542 et

207 4552 380 4648 μενος
422 4552 530 4643 ’τάξ
589 4552 888 4651 μαρτυρίας
916 4552 927 4558 1
951 4579 1044 4633 τοῦ
1071 4552 1437 4651 Ἠνεὺματος,
1502 4552 1613 4634 καὶ,
1658 4580 1772 4633 οὐδὲ

1882 4578 2033 4644 quasi
2086 4590 2151 4630 ne
2205 4577 2389 4630 audire
2433 4552 2646 4645 quidem
2692 4577 2968 4631 videretur
3004 4577 3263 4633 Joannem
3304 4580 3439 4634 adeo

201 4669 429 4726 ἀκούειν
444 4672 609 4724 δοκῶν
628 4671 795 4735 οὕτως
818 4674 945 4743 ἡμῖν
972 4673 1187 4736 πυκνῶς
1215 4671 1516 4743 ἐμϐοῶντος
1547 4673 1605 4725 τὸ
1633 4667 1753 4726 Ἦν

282 4855 334 4887 ⁸⁸
364 4854 561 4911 Mattn.
585 4870 623 4917 I,
657 4855 707 4908 i.
782 4856 824 4886 “
854 4853 1093 4924 Marc._t,
1126 4853 1187 4925 1:;
1219 4855 1316 4910 Isa.
1344 4871 1427 4917 xc,
1460 4856 1513 4909 5.

282 5012 394 5082 (97)
418 5011 595 5067 Codex
627 5011 778 5067 Colb.
815 5012 1064 5083 γεννήσει
1092 5010 1208 5067 τοῦ.
1240 5010 1369 5081 Reg.
1400 5012 1588 5067 tertius
1616 5013 1767 5081 γενέ-

202 5102 316 5138 σει.

281 5152 393 5219 (98)
422 5150 599 5222 Codex
627 5167 761 5206 unus
793 5153 919 5207 Υἱοῦ
942 5152 1122 5217 Δαϐὶδ,
1156 5151 1285 5206 Υἱοῦ
1315 5151 1580 5222 Ἀϐραάμ.

286 5224 397 5292 (99)
420 5221 639 5292 variare
668 5224 807 5276 inter
833 5240 887 5277 se
921 5225 1082 5276 libros
1114 5226 1262 5277 initio
1283 5221 1553 5291 Evangelii
1578 5223 1763 5286 Marci,

199 5290 302 5347 vel‘
345 5295 411 5346 de
466 5290 812 5359 Testamento
879 5293 1169 5347 Oxoniensi
1251 5290 1501 5361 cognosci
1566 5306 1760 5359 potest.

198 5367 397 5417 Graeca
428 5362 639 5429 vulgata
683 5363 751 5414 ita
814 5365 1026 5425 habent,
1058 5363 1131 5425 ὡς
1180 5362 1489 5431 γέγραπται
1545 5365 1602 5415 ὲν
1650 5367 1763 5427 τοῖς

201 5436 543 5505 προφήταις,
574 5433 704 5505 sicut
747 5433 995 5505 scriptum
1019 5435 1184 5505 estin
1216 5432 1508 5505 prophetis.
1536 5432 1762 5487 Codices

203 5500 329 5573 non
348 5500 500 5567 pauci
531 5504 587 5553 ὲν
614 5502 813 5573 Ἥσαῖᾳ
842 5500 916 5570 τῷ
942 5502 1373 5573 προφήτῃ,ᾼείςιιι
1407 5502 1659 5573 scriptum
1690 5514 1760 5556 est

201 5576 277 5623 in”
305 5569 449 5622 Isa'ia
474 5570 760 5638 propheta;
792 5569 848 5625 et
881 5569 950 5625 ita
976 5569 1191 5641 Quoque
1216 5571 1441 5639 legimus
1466 5569 1520 5624 in
1541 5572 1759 5640 Vulgata

255 5653 422 5690 alma.

198 5642 524 5777 l“(luvium
547 5719 772 5777 quartus
814 5710 1009 5778 μᾶλλον
1037 5711 1090 5763 δὲ
1119 5709 1517 5781 ὑπερυψωθείς.

279 5782 357 5841 (2)
384 5780 560 5833 Codex
601 5781 737 5833 idem
768 5781 997 5842 ἀνάγων.

1590 4856 1635 4886 ⁵⁸
1667 4854 1707 4908 ΙΙ
1747 4854 1853 4909 Cor
1905 4868 1956 4920 ν,
1992 4850 2079 4906 16.

1885 4668 2190 4720 freuucnter
2239 4681 2420 4722 vocem
2480 4665 2608 4721 Erat
2672 4668 3043 4725 inclamantetn
3085 4669 3246 4726 :Non
3296 4674 3439 4728 exsi-

2175 4851 2221 4883 ⁸³
2253 4849 2407 4905 Joan.
2438 4867 2475 4915 ι,
2522 4852 2570 4905 1.
2672 4850 2871 4905 “ibid.
2900 4851 2955 4905 2.
3030 4852 3075 4883 "
3107 4852 3236 4906 ibid.
3288 4854 3341 4919 4,
3382 4853 3434 4909 9.

1948 5010 2023 5080 (3)
2052 5002 2152 5064 Pro
2179 5000 2613 5081 ὑποτεμνόμενος
2637 5003 2833 5081 negitan
2864 5002 2913 5063 In
2945 5012 3080 5081 Reg.
3120 5003 3278 5066 t’é'i-‘tlo
3302 5014 3439 5068 ἀξίου

1875 5077 2220 5153 τεμνόμενος.
2252 5077 2726 5153 Ibittetn'duoinss.
2764 5077 2875 5153 οἷον
2898 5077 3248 5153 ὑπογραφήν.
3290 5085 3437 5138 Alius

1873 5149 2391 5224 οἱονειὺπογραφήν.
2423 5149 2559 5203 Editi
2582 5150 2878 5224 θεολογίας,
2906 5149 3251 5224 ὑπογραφὴν.
3282 5154 3433 5215 Illud.

1871 5220 1957 5272 διὰ
1984 5222 2081 5291 τῆς
2120 5220 2417 5288 θεολογίας,
2451 5232 2577 5289 puto
2601 5222 2677 5274 sic
2713 5223 2880 5291 accipi
2907 5220 3105 5275 debere
3138 5220 3149 5275 ὲ
3188 5220 3291 5278 Per
3316 5240 3434 5278 ser—

1874 5289 2083 5344 tnonein
2113 5306 2270 5357 quem
2318 5292 2386 5345 de
2423 5292 2705 5345 divinitate
2736 5289 2895 5345 Verbi
2929 5292 3134 5347 habuit.

1940 5360 2013 5427 (4)
2048 5360 2179 5413 Ειιιιί
2204 5360 2358 5427 λόγου
2388 5360 2479 5413 τοῦ
2512 5360 2705 5413 ἀϊδίου.
2749 5361 2891 5414 Libri
2937 5374 3143 5418 veteres
3189 5366 3308 5424 ταῖς
3342 5364 3436 5416 τοὺ

1869 5429 2059 5481 ἀϊδίου.
2089 5428 2185 5484 Hic
2236 5431 2385 5483 locns
2419 5446 2523 5483 non
2586 5432 2656 5483 ita
2702 5429 3078 5501 intelligendus
3136 5448 3242 5498 ρει,
3279 5438 3432 5501 quasi

1871 5515 1969 5572 vox
2001 5501 2267 5572 (eternitas
2306 5502 2607 5572 reperiatur
2652 5516 2910 5567 expresse
2962 5502 3116 5554 initio
3153 5504 3430 5572 Evangelii

1871 5566 2091 5640 Joannis
2127 5586 2140 5621 :
2172 5572 2263 5623 sed
2304 5566 2535 5623 Basdius
2586 5566 2807 5636 reperiri
2845 5572 2958 5624 vult
2988 5574 3129 5640 apud
3165 5566 3428 5627 Joannem

1874 5638 2007 5691 alias
2042 5652 2221 5713 voces,
2268 5654 2386 5708 qua:
2447 5640 2585 5695 idem
2622 5642 2843 5697 omnino
2895 5638 3104 5707 valent,
3134 5646 3274 5713 quod
3325 5643 3437 5713 ipss.

1876 5722 1975 5761 νοχ
2009 5719 2293 5763 ατενηηαε.
