4058 6320
2016 349 2073 402 S.
2113 346 2353 399 BASILII
2394 345 2604 397 MAG-NI

3810 343 3899 395 601

688 473 851 523 stens,
891 459 1078 527 inquit,
1108 459 1324 528 genitus
1359 469 1462 514 est.
1495 460 1632 528 Ergo
1670 467 1848 527 postea
1884 460 1935 511 in
1981 458 2243 511 accessio-

2350 455 2456 506 υύκ
2490 454 2583 518 ὢν,
2621 453 2800 522 φησὶν,
2836 453 3112 525 ἐγεννήθη.
3146 455 3347 509 θᾶκοῦν
3372 455 3446 524 (5)
3477 455 3718 528 ὕστερον
3749 470 3899 525 προσ-

691 557 774 608 nis
800 551 955 621 251
991 551 1207 605 modum
1243 551 1452 620 genitus
1477 560 1575 606 est.
1614 549 1764 615 Quod
1795 550 1835 603 si
1871 551 1970 604 hoc
2000 564 2100 604 non
2131 556 2249 602 erat

689 644 740 696 in
777 639 1062 712 principio,
1094 651 1150 693 ut
1189 655 1284 693 vos
1324 641 1539 706 dicitis;
1579 654 1740 709 quam
1793 655 2023 710 pugnam
2064 636 2251 691 clario-

691 747 803 786 rem
856 733 1116 787 adversus
1153 731 1564 804 Evangeliorum
1605 747 1767 787 voces
1801 733 1994 803 quibus
2024 728 2249 784 credidi-

689 839 826 886 mus,
857 823 1028 892 possit
1057 823 1180 890 quis
1205 822 1534 879 ostendere?

758 912 842 967 16.
889 912 952 964 Et
981 913 1196 979 quidem
1246 915 1328 967 cui
1375 927 1550 964 rerum
1599 927 1752 982 atque
1780 909 2088 967 testimatori
2116 910 2246 964 illud

687 1021 792 1058 non
841 1005 1180 1073 probabitur,
1214 1004 1355 1071 quod
1386 1013 1442 1054 ut
1465 1005 1651 1058 oculus
1679 1022 1744 1058 ex
1773 1006 1904 1058 locis
1934 1001 2248 1056 illuminatis

686 1111 969 1163 egressus,
1026 1095 1332 1148 necessario
1376 1094 1446 1146 ob
1497 1096 1850 1162 privationem
1908 1091 2123 1146 luminis
2179 1094 2247 1147 ab

687 1188 903 1242 actione
947 1195 1155 1252 cessat;
1206 1185 1280 1239 ita
1323 1199 1537 1256 quoque
1566 1198 1615 1241 et
1652 1201 1801 1241 mens
1832 1185 1879 1238 si
1916 1183 2248 1254 imaginatio-

687 1277 848 1330 nibus
883 1286 1031 1330 extra
1065 1276 1116 1329 id
1137 1278 1275 1346 quod
1312 1285 1391 1331 est
1419 1278 1792 1346 compellatur,
1821 1275 2046 1330 veritate
2080 1277 2247 1330 instar

685 1369 961 1437 cujusdam
1015 1367 1149 1424 lttcis
1201 1367 1506 1435 deﬁciente,
1554 1367 1793 1433 confusa,
1844 1383 1904 1422 ac
1957 1368 2246 1424 stoliditate

686 1459 962 1522 laborans,
992 1457 1288 1528 intelligere
1329 1459 1567 1516 desinit?
1600 1459 1828 1513 Proinde
1862 1474 2032 1529 neque
2060 1461 2243 1515 oculus

684 1558 838 1602 extra
881 1548 1053 1603 lucem
1105 1547 1220 1601 visu
1275 1550 1472 1617 poterit
1521 1548 1620 1611 uti,
1667 1562 1842 1616 neque
1883 1550 2060 1602 anima
2090 1559 2242 1604 extra

688 1639 959 1710 Unigeniti
1025 1640 1300 1692 nationem
1369 1639 1627 1706 abrepta,
1690 1640 2020 1710 intelligendi
2087 1655 2242 1694 usum

688 1733 907 1786 habere.
942 1727 1077 1784 Nam
1125 1744 1157 1785 a
1211 1732 1437 1785 veritate
1489 1732 1756 1796 excidere,
1795 1733 2036 1800 quazdam
2067 1741 2150 1786 est
2189 1732 2240 1786 in

2349 545 2688 616 γεγέννηται.
2725 545 2785 597 Ei
2828 544 2885 596 δὲ
2925 546 3078 598 τοῦτο
3111 550 3166 600 ὲν
3196 551 3332 622 ἀρχῇ
3375 547 3472 600 οὐκ
3506 543 3598 617 ἦν,
3636 550 3715 612 ὥς
3759 565 3899 617 φατε,

2347 637 2464 691 τίνα
2513 635 2970 706 περιφανεστέραν
3013 637 3188 708 μάχην
3226 638 3508 705 ὲπιδείξειέ
3537 656 3630 700 τις
3672 640 3752 707 (6)
3785 641 3902 713 πρὸς

2347 725 2448 788 τὰς
2470 726 2652 794 φωνὰς
2682 727 2786 780 τῶν
2813 725 3151 793 Εὑαγγελίων
3181 723 3266 791 αἷς
3293 727 3775 795 πεπιστεύκαμεν;

2419 909 2501 963 16.
2527 910 2639 962 Καὶ
2669 910 2771 980 μὴν
2796 909 2965 963 ἐκεῖνό
2986 925 3048 977 γε
3074 909 3177 962 τίνι
3203 910 3298 960 οὐκ
3323 911 3386 962 ἂν
3414 912 3512 965 τῶν
3542 909 3902 981 εὐγνωμόνων

2348 999 2664 1065 συνδόξειεν,
2696 1000 2778 1052 ὅτι
2812 1002 2994 1073 ὧσπερ
3023 999 3314 1069 ὀφθαλμὸς,
3350 1003 3452 1053 τῶν
3487 1004 3902 1075 περιλαμπομέο

2346 1107 2450 1141 νων
2478 1089 2654 1142 τόπων
2693 1090 2934 1144 ἐκπεσὼν
2971 1092 3066 1159 (7),
3097 1090 3403 1159 ἀναγκαίως
3449 1092 3511 1143 δι’
3544 1096 3794 1165 ἐρημίαν
3824 1093 3904 1143 τιῦ

2347 1179 2518 1250 φωτὸς
2541 1181 2637 1250 τῆς
2667 1182 2940 1250 ἐνεργείας
2963 1184 3192 1248 ἵσταται,
3218 1181 3357 1234 οὕτω
3387 1183 3442 1233 δὲ
3476 1186 3564 1235 καὶ
3594 1189 3626 1236 ὁ
3657 1184 3904 1248 νοῧς,ἐπ“ι

2344 1275 2404 1326 τὸ
2437 1273 2538 1336 ἔξω
2566 1273 2658 1326 τοῦ
2682 1274 2831 1336 ὄντος
2856 1279 2973 1338 ταῖς
2999 1276 3315 1345 φαντασίαις
3343 1275 3780 1345 εἰσϐιαζόμενος,
3805 1275 3904 1329 οἷόν

2345 1382 2485 1426 τινος
2517 1366 2690 1432 φωτὸς
2731 1367 2826 1436 τῆς
2869 1366 3122 1434 ἀληθείας
3161 1364 3536 1433 ἐπιλειπούσης
3560 1364 3670 1432 (8),
3719 1385 3905 1435 συγχυ-

2346 1456 2454 1517 οεὶς
2486 1455 2576 1506 καὶ
2613 1456 2937 1526 ἀνοηταίνων
2975 1461 3069 1528 τῆς
3102 1461 3332 1528 νοήσεως
3362 1459 3652 1528 ἀπολήγεις
3689 1459 3816 1511 Οὗτ”
3847 1462 3903 1512 ἂν

2344 1544 2433 1601 οὖν
2459 1546 2726 1617 ὀφθαλμὸς
2750 1548 2851 1612 ἔξω
2883 1548 2973 1600 τοῦ
3009 1551 3180 1616 φωτὸς
3205 1552 3281 1622 τῷ
3313 1553 3440 1623 ὀρᾷν
3461 1549 3700 1620 χρῆσθαι
3737 1549 3904 1600 δύναι-

2343 1657 2422 1704 το,
2448 1638 2567 1693 οὔτε
2598 1639 2760 1709 ψυχὴ,
2798 1642 2897 1710 τῆς
2960 1639 3055 1692 τοῦ
3092 1642 3422 1708 Μονογενοῦς
3464 1641 3672 1703 ἐννοίας
3715 1658 3904 1710 παρεν·

2349 1732 2586 1803 εχϐεῐσα,
2617 1733 2681 1802 τῇ
2709 1734 2889 1801 νοήσει
2918 1732 3232 1804 κεχρῆσθαι.
3281 1736 3344 1787 Ἠ
3378 1736 3482 1806 γὰρ
3527 1734 3625 1805 τῆς
3653 1731 3904 1802 ἀληθείας

686 1825 867 1878 animo
892 1821 1125 1894 privatio
1155 1822 1302 1876 visus
1331 1833 1493 1890 atque
1524 1823 1761 1876 czecitas.
1795 1824 1971 1888 Quare
2003 1837 2136 1876 vana
2163 1833 2245 1877 εει

2350 1827 2650 1886 ἀπόπτωσις
2680 1825 2906 1894 ἀορασία
2927 1827 3039 1877 ἐστὶ
3060 1824 3290 1888 διανοίας
3314 1828 3403 1878 καὶ
3427 1827 3720 1896 caelum;
3750 1825 3900 1876 ’Ὥστε

686 1929 870 1980 mens,
925 1920 1327 1980 exczecataquc,
1379 1922 1432 1966 et
1480 1912 1636 1980 plane
1693 1912 2044 1982 intelligentia
2100 1914 2242 1966 omni

685 2006 976 2069 destituta,
1025 2020 1143 2074 qua:
1192 2020 1251 2060 se
1282 2003 1566 2073 Unigenito
1608 2003 1912 2074 antiquiora
1959 2003 2248 2072 apprehen-

688 2098 832 2153 disse
871 2097 1191 2162 arbitratur,
1231 2097 1373 2152 haud
1407 2095 1582 2164 aliter,
1624 2105 1785 2166 atque
1810 2098 1880 2152 .si
1927 2096 2046 2165 quis
2092 2095 2246 2150 oculo

687 2190 779 2259 qui
815 2190 868 2244 in
899 2188 1147 2245 tenebras
1181 2187 1350 2242 aciem
1390 2187 1596 2258 deligit,
1626 2202 1852 2242 acumen
1893 2187 2038 2240 visus
2071 2184 2246 2242 inesse

691 2283 934 2328 testetur.
973 2272 1040 2326 In
1074 2272 1267 2325 lumine
1304 2273 1444 2328 enim
1479 2283 1590 2337 tuo,
1616 2272 1806 2340 inquit,
1844 2269 2121 2324 videbimus
2167 2271 2247 2325 lu-

687 2381 804 2417 men
836 2364 904 2418 ".
955 2364 1056 2430 Qui
1101 2375 1277 2418 autem
1330 2363 1664 2418 intellexisse
1718 2376 1778 2417 se
1831 2362 1994 2426 dicit,
2036 2365 2248 2432 quando

688 2458 924 2510 nondum
957 2466 1076 2511 erat
1109 2456 1320 2521 lumen;
1359 2455 1550 2510 similis
1580 2456 1646 2511 iis
1679 2463 1781 2520 est,
1814 2455 1903 2525 qui
1937 2454 1989 2510 in
2021 2455 2248 2526 phrene-

692 2551 793 2604 tica
835 2549 1030 2604 mentis
1074 2548 1368 2613 etnotione,
1399 2561 1461 2602 ea
1511 2564 1629 2618 qua:
1673 2563 1775 2602 non
1822 2547 2038 2611 adsunt,
2071 2547 2250 2600 videre

689 2644 792 2696 sibi
843 2644 1108 2697 videntur.
1168 2641 1300 2695 Nam
1346 2658 1465 2710 qua:
1520 2642 1659 2694 ultra
1711 2640 1904 2693 Filium
1955 2648 2099 2704 sunt,
2142 2652 2246 2692 non

691 2734 1066 2802 intelliguntur
1095 2750 1109 2786 :
1144 2734 1404 2802 siquidem
1438 2732 1579 2799 quod
1612 2730 1769 2784 oculo
1801 2741 1882 2783 εει
1915 2731 2088 2783 lumen
2121 2744 2245 2783 sen-

688 2824 865 2888 sibile,
903 2825 1003 2878 hoc
1059 2824 1242 2877 animo
1289 2831 1371 2875 est
1416 2823 1552 2875 Deus
1589 2819 1844 2875 Verbum.
1897 2819 2025 2872 Erat
2077 2821 2245 2882 enim,

693 2911 886 2980 inquit,
919 2909 1012 2965 tua:
1059 2926 1201 2974 vera,
1247 2926 1363 2980 quat
1412 2907 1670 2962 illuminat
1735 2923 1936 2959 omnem
1993 2906 2248 2958 hominem

691 3005 976 3057 venientem
1007 3003 1060 3056 in
1100 3003 1234 3056 hunc
1279 3001 1527 3055 mundum
1563 2999 1629 3055 ⁸⁷.
1666 2997 2000 3070 Quapropter
2050 2995 2247 3057 anima,

691 3109 815 3161 qua:
872 3093 1172 3146 illuminata
1229 3107 1332 3145 non
1387 3103 1490 3156 est,
1526 3090 1655 3144 nihil
1707 3098 1881 3159 potest
1933 3085 2245 3154 intelligere.

691 3183 970 3252 Quomodo
1009 3184 1170 3251 igitur
1219 3183 1356 3236 ultra
1407 3183 1627 3236 luminis
1664 3181 2059 3251 generationem
2093 3177 2249 3248 quid-

691 3288 851 3344 quam
882 3272 1263 3342 comprehendi
1298 3272 1511 3340 possit?
1546 3270 1838 3341 tiportebat
1871 3283 2069 3336 autem,
2104 3279 2252 3339 puto,

689 3381 786 3422 eos
817 3366 1009 3436 quibus
1037 3365 1120 3419 vel
1160 3365 1420 3419 tantulum
1452 3379 1592 3418 cura:
1626 3375 1769 3417 esset
1800 3368 2018 3426 veritas,
2044 3374 2255 3433 postea-

693 3475 880 3528 quam,
917 3457 1188 3528 corporeis
1239 3456 1680 3511 similitudinibus
1729 3455 1967 3517 omissis,
2012 3456 2255 3508 notiones

693 3553 787 3607 Dei
825 3567 921 3622 per
951 3549 1252 3605 materiales
1286 3547 1698 3614 imaginationes
1733 3545 2084 3614 coinquinare
2112 3545 2256 3598 desi-

693 3647 884 3707 issent,
910 3653 1018 3698 tum
1059 3645 1270 3697 demum
1308 3641 1556 3694 traditam
1589 3638 1742 3693 nobis
1771 3656 1799 3691 a
1831 3648 2018 3692 sancto
2054 3637 2254 3706 Spiritu

696 3738 1016 3806 theologiam
1067 3735 1240 3804 sequi,
1273 3742 1434 3802 atque
1477 3747 1575 3803 pro
1616 3733 1682 3786 iis
1716 3732 2099 3802 quaestionibus
2141 3746 2258 3800 quae

696 3831 764 3884 ab
793 3829 1168 3900 amigmatibus
1197 3826 1330 3881 nihil
1365 3827 1580 3890 absunt,
1619 3835 1674 3880 et
1709 3840 1844 3894 quas
1888 3825 1941 3879 in
1975 3835 2259 3893 utramque

695 3930 905 3990 partem
952 3920 1196 3989 accipere
1244 3917 1602 3990 periculosum
1636 3926 1740 3980 est.
1774 3915 1989 3985 dignam
2021 3914 2131 3968 Deo
2162 3928 2256 3983 ge-

695 4012 1032 4066 nerationem
1085 4012 1407 4082 intelligere,
1445 4009 1844 4082 impassibilem,
1885 4007 2248 4072 insecabilem,

696 4103 1100 4168 iudivisibileui,
1137 4105 1254 4157 sine
1308 4114 1563 4171 tempore,
1599 4102 1772 4156 instar
1807 4099 2193 4171 resplendentis
2222 4115 2250 4152 a

694 4195 817 4251 luce
843 4194 996 4260 radii,
1032 4195 1096 4247 ad
1126 4193 1362 4247 divinam
1403 4193 1807 4259 generationem
1842 4193 2063 4257 ductos;
2097 4190 2254 4246 intel-

765 4331 966 4386 "Psal.
993 4345 1155 4394 xxxv,
1180 4327 1266 4385 lO.
1329 4329 1371 4360 ⁸⁷
1404 4325 1560 4382 Joan.
1596 4343 1635 4393 ι,
1669 4328 1721 4380 9.

770 4501 846 4569 (5)
881 4498 1018 4552 Editi
1041 4508 1097 4552 et
1125 4498 1229 4552 duo
1259 4513 1388 4551 mss.
1427 4499 1542 4552 Οὐκ
1569 4497 1670 4569 ὢν.)
1696 4495 1984 4564 Interprcs,
2028 4514 2254 4569 nongex-
2289 4505 2332 4559 D

698 4568 883 4623 sistens
935 4580 1112 4637 postea
1150 4579 1300 4619 natus
1349 4577 1443 4621 est.
1478 4572 1546 4620 At
1579 4568 1743 4620 codex
1792 4569 1943 4637 (Zoili.
1986 4583 2107 4621 curn
2141 4568 2252 4622 Re-

699 4641 800 4709 giis
818 4636 1074 4709 secmido,
1113 4639 1269 4709 tertio
1300 4646 1350 4690 et
1375 4648 1569 4704 quarto
1608 4637 1811 4689 Οὐκοῦν
1855 4655 1867 4689 :
1902 4636 2128 4689 Proinde
2157 4655 2250 4705 ge-

700 4708 908 4762 neratus
932 4719 1005 4761 est
1027 4708 1080 4760 in
1117 4708 1326 4759 modum
1358 4711 1692 4762 accessionis.
1725 4723 1839 4764 seu.
1865 4722 1954 4771 per
1991 4711 2250 4760 accessio-

701 4795 839 4841 nem,
869 4787 1031 4832 recte.
1073 4776 1272 4830 Ibidem
1302 4777 1404 4830 duo
1430 4794 1556 4831 mss.
1586 4776 2037 4846 προσγεγένηται.

772 4847 849 4918 (6)
876 4848 1099 4918 Codices
1139 4847 1240 4918 quo
1269 4861 1388 4918 cum
1439 4849 1598 4900 editis
1640 4846 1924 4912 ἐπιδείξειέ
1950 4863 2081 4918 τις.
2114 4846 2246 4918 Reg.

701 4915 966 5041 gecundus
986 4915 1293 4980 ἐπιδείξειεν
1322 4916 1385 4969 ἀν
1404 4934 1506 4980 τις.
1533 4918 1631 4970 Alii
1659 4919 1762 4969 duo
1785 4932 1915 4972 mss.
1944 4916 2253 4980 ὲπιδείξαιτ’

739 5005 768 5040 ν
791 5005 896 5041 τις.

739 5005 768 5040 ν
791 5005 896 5050 τις.

773 5057 849 5126 (7)
881 5057 1014 5109 Editi
1040 5066 1091 5110 et
1129 5057 1255 5126 Reg.
1289 5058 1503 5122 quintus
1551 5057 1819 5109 ἐκπεσών.
1852 5055 1953 5108 Alii
1987 5070 2079 5109 sex
2125 5073 2250 5110 mss.

703 5126 1044 5196 ὑπερπεσών.
1081 5129 1196 5179 Mox
1257 5126 1387 5192 Reg.
1425 5129 1609 5179 tertius
1652 5129 1883 5196 secunda
1928 5141 2083 5178 manu
2117 5127 2255 5179 οὕτω

703 5196 790 5266 δή.
816 5195 1020 5250 ibidem
1046 5199 1171 5250 editi
1198 5196 1289 5248 τοῦ
1319 5196 1503 5257 ὅντως.
1546 5197 1613 5247 At
1646 5213 1770 5249 mss.
1800 5195 1891 5246 τοῦ
1926 5196 2257 5258 ὃντος,ε.τινα

705 5283 811 5320 rem
836 5282 949 5333 qua:
979 5278 1050 5317 est
1076 5283 1094 5318 :
1120 5267 1197 5319 vel
1230 5267 1558 5332 simpliciter,
1597 5277 1744 5317 extra
1775 5281 1882 5317 rem
1913 5281 1929 5316 :
1979 5277 2125 5318 extra
2169 5283 2256 5319 ve-

706 5353 819 5386 rum
840 5350 859 5387 :
880 5345 1025 5387 extra
1057 5352 1276 5405 a'quum.
1306 5335 1510 5390 Rursus
1535 5336 1638 5388 hoc
1662 5337 1772 5402 ipso
1792 5337 1841 5387 in
1870 5334 1986 5388 loco
2006 5336 2256 5391 duomss.

707 5405 924 5469 ὲκϐιαζό
931 5421 1106 5474 μενος.

779 5477 850 5546 (8)
885 5472 1019 5527 Editi
1061 5485 1114 5546 et
1152 5490 1286 5546 unus
1324 5488 1424 5525 ms.
1458 5473 1832 5542 ἐπιλιπούσης.
1861 5472 2087 5546 Veteres
2117 5491 2254 5546 qua-

709 5543 829 5612 tuur
859 5546 973 5597 libri
1000 5543 1400 5612 ἐπιλειπούσης.
1449 5545 1735 5612 Aliquanto
1780 5553 1900 5611 post
1936 5545 2065 5596 editi
2116 5545 2256 5597 Οὔτε

705 5609 818 5668 οὖν.
849 5616 1069 5668 Codices
1107 5616 1305 5682 aliquot
1337 5609 1463 5664 Οὖτ⁸
1504 5609 1566 5665 ἂν
1600 5611 1713 5668 οὖν.
1739 5609 1974 5667 Subinde
2009 5630 2135 5669 mss.
2156 5617 2259 5668 duo

705 5684 887 5805 νοήσῗ
917 5686 1259 5755 κεχρήσεται.
1292 5684 1394 5738 Alii
1423 5685 1637 5753 quidam
1674 5701 1803 5740 mss.
1835 5697 1955 5739 cum
1976 5684 2134 5741 editis
2168 5702 2258 5737 κε-

708 5770 847 5805 γοησ
881 5771 954 5805 αι.

705 5770 954 5822 χρησυαι.

2348 1916 2573 1985 μάταιός
2600 1917 2712 1967 ἐστι
2741 1914 2862 1978 νοῦς
2902 1917 2992 1969 καὶ
3013 1915 3344 1982 τετύᾷλωται
3370 1915 3462 1985 (9),
3488 1917 3559 1986 τῷ
3585 1899 3708 1969 55m
3745 1914 3901 1986 μηδὲν

2345 2007 2717 2073 ἐπιστάμενος,
2750 2007 2777 2058 ὁ
2808 2006 2874 2059 τὰ
2913 2006 3003 2058 τοῦ
3036 2004 3365 2072 Μονογενοῦς
3399 2006 3746 2075 πρεσϐύτερα
3781 2021 3903 2058 κατ-

2346 2098 2617 2166 ειληφέναι
2648 2097 2855 2168 φρονῶν
2873 2115 2884 2127 ο
2909 2098 3098 2166 ὥσπερ
3119 2096 3181 2148 ἂν
3210 2096 3257 2147 εί
3287 2097 3378 2148 καὶ
3403 2096 3663 2165 ὀφθαλμῷ
3686 2114 3770 2159 τις
3798 2097 3903 2160 ὀξυ·

2344 2192 2516 2246 ωπίαν
2543 2191 2984 2264 προσμαρτυροίη
3011 2190 3142 2261 (10),
3170 2193 3278 2253 τοῖς
3305 2191 3707 2260 ἑσκοτισμένοις
3731 2192 3901 2242 ὲνατει

2345 2286 2558 2346 νίζοντι.
2626 2285 2725 2336 Ἐν
2777 2284 2855 2349 τῷ
2903 2285 3050 2352 φωτί
3100 2300 3214 2338 σου
3255 2283 3381 2355 γὰρ,
3411 2285 3588 2355 φησιν,
3635 2286 3900 2352 ὀψόμεθα

2344 2374 2487 2444 φῶς.
2528 2376 2582 2427 Ὀ
2608 2375 2661 2426 δὲ
2688 2375 2744 2427 ἐν
2767 2376 3061 2446 καταλήψει
3092 2374 3186 2428 τοῦ
3215 2376 3299 2427 ὅτε
3327 2374 3475 2427 οὖπω
3493 2372 3557 2446 ἦν
3583 2376 3648 2428 τὸ
3680 2375 3798 2442 φῶς
3827 2388 3898 2439 γει

2346 2469 2553 2537 γονέναι
2604 2466 2824 2535 φάσκων
2879 2467 3248 2538 παραπλήσιον
3286 2467 3515 2519 πέπονθε
3555 2468 3669 2534 (ΙΙ)
3710 2469 3820 2526 toi;
3851 2465 3898 2514 ἐν

2349 2561 2598 2612 ἐκστάσει
2634 2561 2911 2629 φρενιτικῇ
2946 2561 3073 2628 ὁρᾷ-θ
3118 2555 3533 2626 φανταζομένοις
3561 2557 3629 2608 τὰ
3665 2557 3742 2627 μὴ
3773 2571 3900 2623 παρ-

2345 2651 2492 2704 όντα.
2521 2651 2600 2703 Τὰ
2626 2649 2731 2721 γὰρ
2766 2650 2902 2720 ὑπὲρ
2927 2649 3014 2700 τὸν
3043 2648 3166 2700 Υἰδν
3193 2648 3253 2700 οὖ
3287 2649 3505 2701 νοεῖται.
3544 2646 3766 2712 Ἐπειδὴ
3809 2645 3832 2695 ὅ
3856 2660 3899 2693 τι

2348 2759 2452 2811 περ
2486 2741 2744 2811 ὀφθαλμῷ
2774 2740 2831 2792 τὸ
2871 2739 3120 2811 αἰσθητόν
3168 2740 3281 2791 ἐστι
3323 2739 3456 2806 φῶς,
3504 2737 3662 2791 τοῦτο
3704 2736 3843 2805 ψυχῇ
3877 2735 3899 2785 ὁ

2348 2833 2478 2897 Θεὸς
2510 2835 2623 2886 ὲστι
2651 2834 2838 2900 Λόγος.
2872 2827 2979 2886 Ἦν
3011 2831 3137 2900 γὰρ,
3175 2830 3323 2902 φησι,
3359 2830 3425 2883 τὸ
3447 2829 3569 2898 φῶς
3599 2830 3665 2882 τὸ
3706 2829 3899 2891 ἀληθι-

2348 2923 2478 2986 νὸν,
2526 2923 2557 2976 ὂ
2609 2919 2832 2992 φωτίζει
2879 2922 3072 2974 πάντα
3117 2921 3423 2990 ἄνθρωπον
3463 2921 3793 2988 ἐρχόμενον
3823 2918 3898 2979 εἰς

2348 3014 2452 3067 τὸν
2483 3015 2713 3081 κόσμον
2779 3015 2937 3066 Ὥστε
2967 3013 3262 3080 ἀφώτιστος
3304 3010 3446 3079 ψυχὴ
3491 3010 3748 3069 ἀδύνατός
3797 3009 3898 3058 ἐστι

2352 3105 2484 3176 πρὸς
2514 3106 2714 3174 νόησιν.
2750 3105 2870 3165 Πῶς
2906 3104 2968 3155 ἂν
2994 3099 3084 3155 οὗν
3132 3103 3198 3153 τὰ
3236 3101 3487 3170 ὑπεράνω
3514 3100 3609 3168 τῆς
3645 3098 3897 3166 γενέσεως

2349 3195 2440 3247 τοῦ
2482 3195 2654 3263 φωτὸς
2704 3191 3104 3261 καταλητοείης
3139 3193 3289 3261 Χρῆν
3323 3191 3399 3253 δὲ,
3445 3186 3612 3259 οἶμαι,
3652 3190 3776 3251 τοὺς
3815 3187 3894 3239 καὶ

2354 3289 2544 3360 μικρὸν
2576 3287 2703 3356 γοῦν
2736 3289 2833 3357 τῆς
2871 3284 3123 3355 ἀληθείας
3151 3283 3589 3354 πεφροντικότας,
3608 3281 3895 3348 ἀφεμένους

2350 3381 2457 3433 τῶν
2503 3378 2825 3449 σωματικῶν
2873 3375 3200 3447 ὁμοιώσεων,
3247 3376 3338 3428 καὶ
3388 3374 3480 3425 τοῦ
3533 3376 3651 3434 ταῖς
3703 3372 3894 3427 ὑλικαίς

2352 3472 2669 3542 φαντασίαις
2709 3471 2807 3532 τὰς
2845 3469 2972 3538 περὶ
3009 3466 3141 3519 Θεοῦ
3189 3467 3392 3527 ἑννοίας
3431 3462 3892 3535 καταρρυπαίνειν,

2351 3565 2462 3623 τοῖς
2509 3561 2655 3630 παρὰ
2684 3559 2776 3611 τοῦ
2809 3560 2962 3624 ἁγίου
2997 3557 3307 3626 Πνεύματος
3341 3554 3754 3624 παραδοῦείσαις
3781 3553 3893 3620 ἡμῖν

2354 3652 2648 3719 Οεολογίαις
2707 3649 3034 3712 ἀκολουθεῖν,
3086 3649 3178 3701 καὶ
3228 3647 3346 3700 ἀντὶ
3403 3643 3896 3714 τῶν,ὲρωτημάτων

2353 3743 2572 3804 τούτων,
2603 3742 2638 3794 ἃ.
2668 3742 2775 3793 τῶν
2808 3742 3016 3812 γρίφων
3063 3742 3174 3810 (12)
3219 3739 3366 3792 οὐδὲν
3403 3737 3775 3794 ἀπολείπεται,
3806 3736 3890 3803 τήν

2353 3835 2435 3902 ἐφ’
2461 3835 2695 3903 ἑκάτερα
2727 3833 2988 3902 ὑπόληψιν
3010 3830 3338 3884 ἐπικίνδυνον
3368 3830 3617 3898 ἐχόντων,
3641 3830 3777 3881 νοεῖν
3811 3828 3892 3895 μὲν

2354 3925 2509 3991 ἀξίαν
2547 3924 2638 3977 τοῦ
2662 3923 2796 3976 Θεοῦ
2836 3924 3084 3992 γέννησιν
3113 3920 3317 3990 ἁπαοῆ.
3337 3919 3649 3989 ἀμέριστον,
3674 3920 3900 3987 ἀδιαίρε--

2354 4035 2443 4071 τον
2476 4018 2610 4087 (15),
2643 4017 2886 4088 ἄχρονον,
2924 4015 3064 4069 κατᾶ
3098 4015 3194 4085 τὴν
3225 4013 3649 4081 ἁπολάμπουσαν
3678 4013 3771 4065 τοῦ
3802 4029 3894 4078 φω-

2355 4107 2444 4171 τὸς
2481 4109 2650 4179 αὐγήν
2673 4111 2738 4178 τῇ
2770 4107 2886 4178 Θείᾳ
2915 4107 3159 4177 γεννήσει
3190 4105 3656 4176 προσαγομένους·
3692 4105 3823 4154 νοεῖν
3849 4099 3893 4150 δὲ

2357 4198 2536 4252 εἰκόνα
2567 4198 2658 4251 τοῦ
2692 4197 2824 4251 Θεοῦ
2859 4197 2950 4250 τοῦ
2979 4196 3229 4268 ἀοράτου,
3262 4195 3322 4247 οὐ
3356 4193 3493 4248 κατά
3527 4194 3624 4256 τὰς
3656 4189 3894 4263 amri;

2432 4498 2508 4568 (9)
2535 4499 2751 4566 Antiqui
2789 4501 2891 4553 duo
2922 4499 3040 4552 libri
3063 4515 3156 4554 και
3188 4498 3513 4568 τετύφωται,
3546 4508 3593 4552 et
3623 4499 3806 4566 inﬂata
3830 4497 3892 4550 iii-

2355 4568 2428 4620 In'l
2451 4571 2657 4640 omnino
2682 4570 2941 4638 intelligit.
2967 4569 3119 4628 Illud.
3149 4569 3226 4640 τῷ
3259 4569 3398 4634 ὄντι,
3431 4572 3481 4622 in
3525 4569 3688 4622 editis
3741 4570 3892 4621 locmu

2353 4639 2651 4703 occupabat
2695 4653 2797 4692 nou
2829 4655 3004 4702 suum,
3040 4640 3112 4694 uti
3149 4639 3217 4693 ex
3249 4655 3377 4695 mss.
3405 4640 3772 4707 cognovimus.

2423 4709 2538 4792 (lt?)
2569 4709 2705 4763 Editi
2737 4707 3150 4781 προσμαρτύρῃ.
3191 4708 3335 4764 Libri
3367 4720 3576 4762 veteres
3623 4725 3892 4779 προσμαρ-

2353 4795 2569 4831 cunam.

2425 4796 2740 4918 ῗῗῧὶῖἰοὸει
2769 4847 2919 4903 Colli.
2950 4860 3000 4905 et
3031 4848 3162 4918 Reg.
3189 4851 3377 4903 tertius
3416 4847 3797 4918 παραπλήσιος
3825 4849 3894 4916 τέ-

2354 4935 2496 4989 γονε.
2531 4919 2721 4971 Statim
2756 4935 2883 4973 mss.
2906 4921 3009 4974 duo
3025 4920 3207 4989 ἐπειδὴ
3231 4921 3310 4972 ὅτι
3344 4921 3496 4989 ὅπερ.
3523 4920 3763 4973 Subinde
3787 4923 3892 4973 euut

2353 4988 2511 5040 τοῦτο
2534 4989 2726 5058 ψυχῆς.
2768 4990 2981 5056 Antiqui
3009 4990 3125 5043 libri
3154 4988 3322 5059 eum.
3352 4988 3516 5042 recte.

2431 5059 2541 5126 (12)
2577 5059 2630 5112 lu
2659 5059 2983 5113 editionibus
3027 5058 3296 5112 veteribus
3334 5059 3606 5124 legebatur
3646 5058 3752 5111 τῶν
3781 5075 3894 5129 γρᾶο

2361 5128 2474 5194 φῶν
2509 5145 2521 5179 :
2556 5130 2647 5181 sed
2673 5130 2751 5180 vir
2799 5129 3195 5182 eruditissimus
3229 5130 3448 5182 Duc:cus
3486 5137 3632 5182 recte
3656 5128 3895 5194 judicavit

2361 5198 2638 5267 legendum
2667 5212 2785 5251 esse
2817 5213 2882 5252 ex
2913 5198 3044 5266 Reg.
3083 5199 3319 5252 secundo
3353 5198 3460 5249 τῶν
3502 5197 3717 5268 γρίφων
3750 5213 3762 5248 :
3818 5212 3896 5250 nec

2361 5269 2516 5321 aliter
2541 5268 2592 5387 in
2630 5269 2851 5334 reliquis
2882 5269 3080 5322 nostris
3112 5284 3242 5323 mss.
3281 5268 3471 5339 legitur
3496 5285 3656 5337 quam
3696 5271 3751 5322 'rn
3781 5269 3892 5334 lteg.

2361 5352 2537 5387 secum
2561 5351 2612 5387 0.

2359 5351 2612 5391 δεειιηιιο.

2428 5405 2537 5475 (l5)
2569 5404 2678 5458 Vox
2705 5406 3004 5476 ἀδιαίρετον
3037 5407 3088 5459 in
3121 5407 3386 5476 aliquibus
3416 5421 3546 5462 mss.
3578 5405 3894 5470 deest.Quod

2359 5477 2782 5547 sequitur,_xatrd
2804 5479 2926 5547 τήν,
2955 5489 3091 5542 ειε.,
3123 5481 3201 5532 sic
3250 5479 3621 5547 accipiendum
3671 5491 3790 5530 esse
3822 5492 3892 5526 ar-

2359 5546 2526 5598 bitror
2559 5562 2572 5600 :
2615 5545 2765 5600 Adeo
2789 5545 2939 5601 ut'ad
2968 5549 3203 5600 divinam
3241 5546 3651 5617 generationem
3683 5549 3892 5617 deduce-

2361 5627 2563 5688 rentur,
2599 5630 2720 5688 eam
2748 5618 2847 5672 sibi
2881 5619 3065 5674 animo
3086 5615 3347 5688 tingentes
3370 5619 3540 5671 instar
3570 5615 3711 5670 radii
3742 5631 3772 5669 a
3797 5615 3894 5669 luce

2362 5685 2773 5753 resplendentis.
