4058 6320
215 291 328 346 (ιέιὸ

1317 287 1678 342 ADVERSUS
1719 285 2080 344 EUNOMIUM
2128 287 2251 340 LIB.
2290 288 2352 342 ll.

3354 295 3458 348 δοες

209 410 424 472 ταύτας
456 407 676 485 ὕστερον
716 407 1151 482 ἀπεργασθείσαν
1194 408 1328 481 πρδς
1363 411 1428 462 τὸ
1469 409 1737 480 ἀρχέτυπο

1844 412 1868 464 \
1900 404 2068 471 ligere
2113 405 2293 458 itidem
2344 405 2628 475 imaginem
2669 407 2951 462 Invisibilis
2981 406 3091 472 Dei,
3126 421 3229 459 non
3265 421 3457 461 secun-

208 499 356 554 ἀλλά
392 503 838 574 συνυπάρχουσαν
880 501 973 553 καὶ
1006 503 1486 572 παρυφεστηκυῖαν
1536 499 1612 571 τῷ
1645 518 1790 570 πρω-

216 593 437 663 τοτύπῳ
484 597 866 664 ὑποστήσαντι,
921 593 996 665 τῷ
1042 591 1179 650 εἶναι
1227 593 1286 646 τὸ
1332 593 1654 662 ἀρχέτυπον,
1709 589 1790 646 οὗ·

207 699 320 735 σαν
369 685 502 753 (14),
562 686 660 737 οὐκ
718 688 1120 742 ἐκτυπωθεῖσαν
1175 687 1259 739 διὰ
1316 688 1615 758 μιμήσεως,
1676 686 1785 738 ὣσ-

203 787 320 845 περ
341 775 452 844 (15)
470 776 525 824 ἐν
551 774 804 842 σφραγῖδί
829 792 930 829 τινι
959 780 1058 847 τῆς
1083 778 1210 844 ὅλης
1235 773 1445 842 φύσεως
1457 777 1548 829 τοῦ
1575 775 1785 846 Πατρὸς

199 863 756 934 ἐναποσημανθείσης
798 867 873 938 τῷ
914 868 1042 938 Υἰῷ.
1084 868 1146 919 ΕΞ
1176 865 1230 918 δὲ
1258 865 1454 936 βούλει,
1489 867 1648 920 ὁποία
1675 866 1783 920 τῶν

194 956 414 1025 τεχνῶν
471 958 502 1026 ἡ
546 956 833 1023 ὑπόστασις
880 962 990 1029 (lii)
1037 961 1100 1010 ἐκ
1146 957 1250 1010 τῶν
1289 959 1643 1012 διδασκόντων
1687 959 1779 1029 ὅλη

193 1052 320 1109 τοῖς
355 1038 812 1123 μαθητευομένοις
841 1049 1163 1121 ἐγγινομένη
1186 1068 1200 1082 ο
1239 1052 1360 1105 οὔτε
1398 1051 1673 1114 λείποντός
1697 1069 1778 1103 τι-

191 1156 297 1202 νος
323 1146 431 1204 τοῖς
461 1141 785 1210 διδάσκουσι,
821 1147 914 1197 καὶ
946 1145 1044 1213 τῆς
1075 1144 1401 1205 τελειώσεως
1439 1144 1550 1204 τοῖς
1582 1144 1779 1212 ἐκμαντ

189 1228 426 1284 Θάνουσι
490 1236 938 1306 προσγινομένης.
995 1235 1062 1286 Ἢ
1114 1241 1269 1289 τοῦτο
1324 1234 1421 1302 μὲν
1477 1233 1574 1286 οὐκ
1624 1234 1779 1304 ἀκρι-

231 1317 296 1381 ὲς
344 1321 480 1392 πρὸς
506 1325 761 1394 ὁμοίωσιν
813 1323 900 1376 διὰ
948 1323 1046 1396 τὴν
1087 1325 1178 1378 τοῦ
1213 1321 1404 1394 χρόνου
1446 1324 1771 1394 παράτασιν.

187 1412 541 1484 υἰκειότερον
587 1416 643 1468 δὲ
701 1417 906 1479 εἰπεῖν,
971 1419 1052 1471 ὅτι
1113 1417 1271 1470 ὁποία
1326 1413 1433 1467 τῶν
1491 1417 1774 1488 νοημάτων

185 1507 224 1577 ἡ
268 1508 433 1575 φύσις
459 1513 566 1572 τοῖς
599 1508 692 1561 τοῦ
721 1509 812 1563 νοῦ
843 1514 1132 1584 κινήμασιν
1173 1508 1414 1580 ἀχρόνως
1450 1526 1773 1580 συνυφιστα-

186 1601 362 1672 μένη.

265 1782 353 1835 Π.
395 1784 498 1836 Καὶ
536 1785 722 1856 μηδείς
756 1805 844 1857 μοι
875 1790 1274 1856 συκοφαντείτω
1306 1793 1394 1845 τὸν
1428 1792 1601 1861 λόγον,
1633 1798 1684 1850 ει
1711 1813 1761 1850 τι
1793 1767 1836 1822 Β

180 1872 300 1947 τῶν
331 1874 739 1945 ὑποδειγμάτων
772 1878 844 1949 μὴ
877 1879 1050 1950 πάντη
1084 1883 1367 1952 συμϐαίνοι
1399 1889 1510 1948 τοῖς
1541 1904 1760 1956 προκει-

179 1966 396 2037 μένοις.
455 1970 584 2022 Οὐδὲ
635 1970 741 2040 γὰρ
793 1971 1016 2026 δυνατὸν
1076 1974 1146 2026 τά
1207 1977 1377 2047 μικρά
1435 1979 1526 2030 καὶ
1587 1981 1762 2048 φαῦλα

169 2063 304 2124 τοῖς
329 2060 491 2126 θείοις
522 2064 615 2117 καὶ
636 2064 822 2129 ἀϊδίοις
857 2065 992 2136 μετὰ
1021 2066 1303 2137 ἀκριϐείας
1327 2069 1609 2140 ἁρμόζειν,
1647 2072 1759 2126 ἀλλ’

171 2153 311 2205 ὅσον
364 2155 579 2223 ἐλέγξαι
626 2158 725 2228 τὴν
771 2159 1049 2228 εἰρωνείαν
1105 2159 1212 2212 τῶν
1260 2162 1320 2214 οὐ
1354 2161 1661 2233 δυναμένων
1695 2164 1758 2236 δὴ

171 2247 446 2325 γέννησιν.
495 2248 676 2318 ἀπαθῆ
724 2253 787 2319 τῇ
853 2252 1059 2323 διανοίᾳ
1106 2253 1510 2308 λαϐεῖν.Είκὼν
1574 2256 1629 2308 δὲ
1683 2258 1760 2310 εί-

174 2353 350 2405 ρηται
374 2340 464 2392 καὶ
486 2339 631 2392 ἔστιν
657 2342 684 2392 ὁ
713 2340 836 2403 Υἱὸς
857 2344 1104 2413 γεννητὴ,
1144 2347 1235 2397 καὶ
1268 2347 1606 2417 ἀπαύγασμὰ
1639 2351 1749 2403 ἐστι

167 2429 280 2497 τῆς
348 2429 502 2502 δόξης
565 2433 658 2486 τοῦ
727 2433 882 2498 Θεοῦ,
947 2436 1039 2488 καὶ⁵
1098 2438 1276 2503 σοφία,
1351 2439 1446 2491 καὶ
1505 2441 1751 2510 δύναμις,

167 2521 274 2571 καὶ
307 2520 616 2594 δικαιοσύνη
649 2525 804 2590 Θεοῦ,
857 2527 954 2597 οὑχ
1001 2527 1076 2590 ὡς
1121 2527 1254 2594 ἕξις,
1296 2528 1417 2581 οὐδὲ
1455 2529 1530 2592 ὡς
1566 2532 1752 2602 ἐπιτη-

163 2612 409 2681 δειότης,
458 2615 571 2667 ἀλλ’
613 2617 768 2670 οὐσία
811 2618 958 2682 ζῶσα
1014 2621 1106 2671 καὶ
1147 2619 1394 2691 ἐνεργὴς,
1443 2621 1536 2673 καὶ
1585 2621 1753 2674 ἀπαύ-

164 2707 370 2776 γασμα
433 2709 545 2760 ἐστι
605 2710 704 2779 τῆς
747 2710 904 2780 δόξης
946 2710 1038 2762 τοῦ
1080 2712 1235 2765 Θεοῦ.
1277 2712 1475 2784 Διόπερ
1516 2713 1609 2766 καὶ
1633 2713 1750 2767 ὅλον

162 2797 234 2849 ἐν
281 2798 457 2868 ἑαυτῷ
500 2799 738 2853 δείκνυσι
782 2801 872 2852 τὸν
921 2801 1158 2871 Πατέρα,
1201 2802 1259 2868 ἐξ
1287 2803 1412 2875 ὅλης
1455 2806 1617 2858 αὑτοῦ
1650 2807 1748 2877 τῆς

162 2887 334 2957 δόξης
358 2889 744 2957 ἀπαυγασθείς.
783 2890 890 2962 Τὴν
922 2893 1098 2944 τοίνυν
1148 2894 1303 2960 δόξαν
1354 2895 1446 2948 τοῦ
1478 2896 1612 2949 Θεοῦ
1668 2896 1741 2969 μὴ

162 2979 322 3050 ἔχειν
355 2981 692 3051 ἀπαύγασμα
716 2982 916 3050 λέγειν,
952 2984 983 3054 ἢ
1014 2985 1111 3054 τὴν
1141 2986 1333 3053 σοφίαν
1378 2987 1471 3039 τοῦ
1504 2987 1638 3040 Θεοῦ
1671 2988 1744 3060 μὴ

1890 497 2014 548 tlttttt
2068 497 2162 549 ltus
2221 497 2542 552 :tttiiiciosas
2596 497 2755 566 252
2808 500 3065 569 imagines
3132 499 3328 553 exinde
3393 501 3455 553 ad

1887 589 2162 658 exemplar
2205 588 2556 654 elaboratam,
2589 591 2682 643 sed
2731 591 3078 646 exsistentem
3131 602 3294 660 atque
3339 593 3438 644 sub

1887 680 2170 734 sistentem
2223 695 2344 732 cutn
2394 682 2685 751 archetypo
2715 680 2854 747 quod
2887 695 3004 734 eam
3039 685 3308 750 produxit.
3338 698 3451 752 qua:

1883 788 1946 826 ex
1993 774 2093 826 hoc
2142 783 2227 825 est
2275 774 2412 839 quod
2449 784 2532 827 est
2564 774 2911 844 archetypum
2948 792 2959 826 :
2996 790 3111 841 quae
3153 792 3248 843 per
3288 777 3434 829 imita

1886 864 2083 916 tionem
2142 879 2402 932 expressa
2462 880 2565 919 non
2619 876 2722 930 est,
2766 875 2870 918 tota
2932 865 3108 918 Patris
3157 878 3342 920 natura
3398 868 3448 921 in

1879 952 2016 1009 Filio
2043 957 2184 1009 velut
2207 959 2258 1010 itt
2286 958 2466 1028 aliquo
2496 959 2672 1026 sigillo
2702 959 2985 1028 impressa.
3018 958 3167 1024 Quod
3192 959 3233 1011 si
3263 960 3446 1021 mavis,

1878 1049 2054 1117 qualis
2083 1060 2164 1102 est
2193 1051 2390 1103 artium
2432 1052 2730 1104 substantia
2763 1066 2827 1106 ex
2859 1050 3175 1104 docentibus
3207 1050 3256 1101 in
3289 1050 3442 1103 disci.

1878 1144 2031 1209 pulos
2064 1143 2332 1197 transiens
2370 1153 2503 1208 tota,
2538 1145 2674 1199 adeo
2701 1154 2758 1198 ut
2787 1160 2960 1211 neque
2990 1143 3128 1198 desit
3157 1144 3446 1214 quidquam

1877 1235 2217 1299 docentibus,
2262 1245 2315 1288 ct
2367 1236 2628 1304 perfectio
2663 1239 3030 1293 ediscentibus
3064 1239 3304 1290 accedat.
3339 1237 3442 1291 Ca:-

1877 1328 2123 1396 teroquiu
2171 1330 2270 1384 hoc
2317 1329 2723 1383 similitudinem
2751 1332 3042 1400 perfectam
3074 1345 3178 1385 non
3206 1330 3442 1396 exhibet,

1874 1417 1942 1472 ob
1973 1421 2229 1488 temporis
2263 1436 2492 1474 moram.
2528 1421 2634 1474 Sed
2671 1422 2794 1475 illud
2825 1423 3234 1478 convenientius
3267 1431 3439 1492 potest

1874 1509 1976 1562 dici
2009 1527 2020 1561 :
2051 1511 2221 1577 qualis
2248 1523 2330 1565 est
2355 1512 2741 1583 cogitationum
2775 1522 2966 1565 natura
3001 1530 3104 1568 una
3134 1529 3255 1568 cum
3287 1529 3438 1568 mcu-

1876 1600 1943 1653 tis
1991 1600 2221 1654 motibus
2264 1603 2397 1656 citra
2447 1603 2606 1657 ullam
2651 1606 2911 1672 temporis
2956 1603 3266 1659 dilationem
3316 1618 3430 1658 con-

1872 1692 2085 1746 sistens.

1936 1786 2022 1840 17.
2060 1785 2170 1842 Nec
2212 1787 2493 1856 quisquam
2557 1790 2686 1844 mihi
2732 1790 2875 1843 hunc
2907 1801 3207 1844 sermonem
3242 1787 3433 1841 calum.

1866 1881 2012 1935 niose
2045 1880 2284 1948 obiiciat,
2327 1882 2370 1935 si
2415 1881 2540 1949 quid
2573 1882 2623 1935 in
2657 1883 2918 1952 exemplis
2941 1899 3044 1937 non
3073 1882 3432 1949 omniunpro-

1861 1975 2034 2039 posito
2064 1973 2373 2025 conveniat.
2409 1970 2593 2041 Neque
2623 1973 2762 2026 enim
2804 1974 2918 2026 lieri
2951 1983 3146 2040 potest,
3179 1981 3237 2024 ttt
3268 1984 3430 2039 parva

1864 2077 1925 2115 ac
1953 2064 2077 2118 vilia
2110 2064 2307 2118 divinis
2336 2073 2498 2134 atque
2529 2066 2744 2117 teternis
2766 2065 3002 2132 perfecte
3027 2065 3430 2117 accommoden-

1860 2164 1946 2207 tur
1976 2171 1989 2207 :
2019 2156 2108 2207 sed
2141 2165 2398 2223 quantum
2430 2154 2560 2208 satis
2585 2163 2687 2216 est,
2724 2166 2775 2208 ut
2797 2152 3157 2210 dissimulatio
3187 2156 3426 2209 confute-

1859 2255 1945 2299 tur
1995 2260 2204 2312 eorum,
2260 2248 2354 2316 qui
2415 2248 2818 2316 generationem
2876 2247 3259 2318 impassihilem
3318 2263 3424 2303 non

1856 2347 2062 2408 queunt
2113 2347 2290 2393 mente
2333 2341 2636 2407 concipere.
2681 2339 2860 2410 Imago
2909 2352 3089 2395 autem
3126 2340 3300 2395 dictus
3342 2353 3423 2396 est

1855 2432 2042 2497 Filius,
2064 2439 2221 2486 etest
2240 2431 2415 2500 imago
2435 2432 2636 2499 genita,
2657 2440 2710 2485 et
2731 2433 2986 2501 splendor
3006 2443 3087 2486 est
3104 2434 3283 2502 gloria:
3304 2435 3421 2496 Dei,

1854 2536 1908 2578 et
1939 2524 2226 2592 sapientia,
2251 2532 2306 2576 et
2331 2524 2593 2591 potentia,
2614 2524 2887 2592 etjustitia
2915 2525 3029 2587 Dei,
3065 2542 3166 2579 non
3193 2537 3248 2578 tit
3269 2528 3421 2583 habi—

1856 2623 1962 2675 tus,
1999 2626 2172 2682 neque
2203 2620 2259 2666 ut
2284 2612 2551 2682 aptitudo,
2583 2615 2674 2669 sed
2718 2615 3013 2669 substantia
3052 2617 3166 2670 viva
3200 2626 3253 2671 et
3290 2633 3419 2687 0pc-

1851 2719 1998 2768 rans,
2017 2719 2080 2759 ac
2105 2704 2364 2774 splendor
2380 2704 2563 2773 gloria:
2593 2707 2704 2760 D'ei.
2725 2706 3064 2777 Quapmpter
3086 2720 3139 2762 et
3169 2721 3336 2764 totum
3365 2712 3416 2764 itt

1848 2799 2024 2865 seipso
2055 2798 2264 2851 Patrem
2301 2797 2554 2860 ostendit,
2600 2811 2665 2850 ex
2705 2807 2810 2851 tota
2857 2800 2973 2866 ejus
3009 2801 3290 2870 majestate
3329 2815 3417 2856 re-

1848 2891 2150 2962 splendens.
2187 2889 2355 2956 Quam
2410 2891 2698 2944 absurdum
2751 2901 2833 2945 est
2890 2907 3021 2960 ergo
3070 2896 3268 2957 dicere,
3299 2894 3415 2965 glo-

1848 2983 1982 3035 riam
2025 2981 2113 3035 Dei
2156 2996 2258 3034 non
2306 2981 2505 3035 habere
2552 2983 2910 3048 splendorem,
2947 2994 3040 3035 aut
3095 2986 3412 3053 sapientiam

166 3074 414 3127 συνεῖναί
447 3092 573 3128 ποτε
603 3074 678 3146 τῷ
706 3074 844 3146 Θεῷ,
883 3076 1061 3146 πάσης
1083 3078 1182 3146 τῆς
1220 3077 1485 3143 ἀτοπίας;
1527 3078 1664 3131 Ἀλλ’
1694 3083 1737 3133 εί

1849 3072 1939 3126 Dei
1965 3072 2254 3140 aliquando
2281 3087 2384 3124 una
2416 3087 2538 3125 cum
2571 3072 2678 3125 Deo
2713 3087 2817 3126 non
2848 3072 3174 3128 luisse‘iSed
3210 3077 3252 3130 si
3277 3088 3411 3138 erat.

161 3158 261 3232 ἦν,
295 3166 476 3233 φησὶν,
503 3165 560 3216 οὐ
585 3165 919 3236 γεγέννηται.
955 3166 1396 3238 Ἀποκρινώμεθα
1417 3168 1598 3222 «τοίνυν
1640 3170 1740 3234 ὅτι,

174 3254 399 3326 Ἐπειδὴ
423 3256 760 3327 γεγέννηται,
791 3253 991 3328 ’ἧν-οὑκ
1014 3259 1302 3328 ἀγέννητον
1333 3260 1467 3331 ἔχων
1493 3261 1552 3314 τὸ
1583 3257 1738 3327 εἶναι,

160 3347 245 3398 ὢν
274 3347 332 3399 δὲ
363 3348 446 3399 ἀεὶ
481 3351 572 3400 καὶ
624 3349 796 3400 συνὼν
823 3349 900 3418 τῷ
930 3351 1124 3419 Πατρὶ,
1163 3350 1221 3414 ἐξ
1259 3345 1318 3402 οὗ
1352 3355 1446 3406 καὶ
1481 3354 1590 3423 (l7)
1639 3355 1736 3426 τὴν

159 3438 351 3491 αἰτίαν
377 3439 480 3506 ’τῆς
529 3438 812 3508 ὑπάρξεως
853 3439 982 3510 ἔχει.
1026 3441 1163 3492 Πότε
1218 3437 1309 3493 οὖν
1362 3445 1438 3505 εἰς
1485 3445 1543 3495 τὸ
1598 3441 1733 3499 εἶναι

161 3531 324 3600 παρά
354 3530 446 3583 τοῦ
475 3532 681 3603 [ἰατρὸς
714 3534 965 3604 παρήχθη
992 3550 1005 3597 ;
1047 3533 1161 3602 Ἀφ’
1189 3528 1248 3587 οὗ
1281 3535 1423 3586 ἐστιν
1455 3537 1482 3586 ὁ
1511 3537 1732 3606 Πατήρ;

175 3623 319 3674 Ἀλλ’
345 3624 401 3688 ἐξ
428 3623 614 3685 ἀϊδίου,
646 3624 827 3695 φησὶν,
860 3625 887 3676 ὁ
919 3625 1134 3696 Πατήρ·
1166 3623 1224 3690 ἐξ
1248 3626 1414 3679 ἀϊδίου
1438 3628 1613 3682 τοίνυν
1643 3629 1736 3682 καὶ

158 3717 192 3767 ὁ
218 3715 365 3777 Υἱὸς,
395 3717 663 3787 γεννητῶς
686 3720 750 3788 τῇ
778 3717 1071 3788 ἀγεννησίᾳ
1106 3717 1199 3772 τοῦ
1230 3718 1439 3790 Πατρὸς
1466 3721 1732 3774 συναπτό-

166 3824 353 3875 μενος.
379 3808 498 3860 Ὅτι
528 3809 583 3861 δὲ
600 3805 753 3873 οὗτος
778 3811 875 3880 οὐχ
902 3812 1168 3881 ἡμέτερος
1192 3813 1220 3864 ὁ
1247 3811 1423 3879 λόγος,
1454 3813 1623 3874 αὑτὰς
1637 3813 1736 3877 τὰς

160 3899 324 3966 ἁγίου
356 3898 491 3952 Πνεύ
501 3917 665 3968 ματος
695 3901 874 3954 φωνὰς
902 3902 1083 3955 αὐτοῖς
1103 3901 1467 3974 παρεξόμεθα.
1513 3905 1606 3956 Ἐκ
1629 3905 1727 3974 μὲν

237 4127 349 4196 (14)
377 4126 528 4182 llunc
555 4129 731 4184 locum
760 4131 1029 4188 diﬂicilem
1059 4146 1180 4187 esse
1202 4131 1284 4186 vel
1312 4147 1376 4186 ex
1418 4146 1484 4186 eo
1517 4131 1716 4185 intelli-

162 4199 327 4273 gitur,
359 4200 499 4266 quod
531 4215 633 4273 non
663 4215 850 4270 parmn
897 4203 1096 4273 negotii
1142 4203 1374 4256 librariis
1408 4201 1718 4256 exhibuisse

162 4269 412 4339 videatur
443 4284 457 4321 :
495 4269 692 4339 quippe
745 4273 834 4327 alii
867 4269 1025 4328 alitér
1053 4288 1174 4327 eum
1214 4273 1503 4328 emendare
1537 4273 1714 4326 conati

161 4349 312 4390 sunt.
359 4338 606 4412 Fortasse
631 4338 865 4397 alienum
895 4360 997 4398 non
1024 4344 1202 4401 fuerit.
1226 4345 1327 4396 etsi
1360 4343 1592 4412 longum,
1628 4359 1718 4394 va-

164 4412 276 4482 rias
302 4423 488 4464 omnes
509 4410 767 4466 lectiones
802 4413 852 4466 in
888 4415 1121 4470 medium
1161 4412 1423 4482 proferre,
1453 4410 1538 4472 illi
1568 4413 1708 4480 quod

159 4478 424 4551 {intimum
463 4490 565 4544 est,
603 4483 668 4535 ab
707 4484 932 4538 eruditis
970 4478 1277 4538 hominibus
1320 4483 1467 4547 seligi
1513 4478 1700 4551 possit.

162 4549 302 4601 Ettiti
359 4549 519 4617 igitur
557 4552 631 4604 ita
667 4554 864 4624 habent
898 4573 911 4608 :
959 4553 1096 4607 ἀλλά
1136 4549 1585 4624 συνυπάρχουσαν
1618 4554 1708 4624 καί

161 4624 635 4695 παρυφεστηκυταν
681 4623 758 4694 τῷ
783 4624 1145 4695 -πρωτοτύπῳ
1193 4622 1572 4695 ὑποστήσαντι,
1620 4622 1711 4674 τοῦ

161 4684 298 4741 εἶναι
325 4684 936 4762 λιὺῌάῥχέτυπονὼῦσάν.
965 4695 1097 4760 Reg.
1118 4684 1331 4761 primus
1364 4684 1713 4762 παρυφεέῖτη-

161 4761 315 4834 κυίαν
339 4758 414 4828 τῷ
448 4757 552 4834 om;
588 4761 664 4834 τῷ
695 4757 1415 4834 πρωτοτύπῳύποστήσαντι
1440 4757 1708 4834 τῷεἶναι,

164 4829 366 4901 reliqua
399 4831 528 4901 utin
571 4829 817 4901 vulgatis.
856 4834 953 4889 Hie
989 4829 1161 4886 notari
1207 4829 1404 4901 potest,
1449 4829 1606 4901 voces
1631 4833 1707 4900 τῷ

164 4898 278 4972 ὑπό-
307 4900 589 4972 manifeste
626 4898 941 4972 redundare:
991 4904 1118 4972 Reg.
1153 4898 1420 4972 secundus
1447 4900 1524 4970 τῷ
1557 4898 1707 4972 πρωὲ

161 4968 372 5041 τοτύπῳ
396 4970 755 5041 ὑποστήσαντι
788 4972 847 5024 τὸ
889 4968 1047 5034 εἶναι,
1074 4968 1291 5041 ’τειίίιιια
1330 4981 1387 5026 ut
1436 4968 1702 5041 iu'editis.

165 5039 290 5107 lieg.
324 5037 509 5113 tertius
555 5037 738 5113 prima
785 5058 941 5113 manu
993 5037 1358 5113 ὑποστήσαντι
1413 5039 1490 5111 τῷ
1545 5037 1703 5104 εἶναι,

164 5124 349 5162 εειξιετε
390 5111 525 5163 utin
560 5112 792 5166 excusis.
831 5112 928 5166 Hie
980 5114 1068 5166 ille
1118 5111 1228 5180 ipse
1271 5114 1434 5167 codex
1468 5115 1699 5180 secunda

165 5196 313 5253 manu
353 5185 836 5253 Δπςιρυςρεσειτηκυῖει.ν
881 5181 957 5253 τῷ
1008 5179 1367 5253 ὑποστήσαντι
1428 5182 1504 5252 τῷ
1562 5179 1700 5237 εἶναι

163 5250 289 5319 πρὸς
318 5250 376 5301 τὸ
396 5249 697 5321 ἀρχέτυπον
731 5249 1009 5306 οὗσαν.Ἐι
1039 5255 1124 5308 ltic
1157 5249 1423 5308 adnotabo
1459 5249 1600 5306 hunc
1622 5255 1701 5307 lo-

163 5336 273 5394 cum
297 5336 324 5371 a
349 5321 838 5394 CUIDlieﬁleialilld
869 5326 1129 5394 cogitanti
1168 5340 1274 5377 non
1307 5334 1561 5379 accurate
1598 5340 1695 5378 ex-

163 5389 407 5465 scriptum
444 5390 816 5465 fuisserRegii
843 5389 1067 5462 quartus
1105 5404 1158 5448 et
1203 5398 1422 5465 quintus
1459 5394 1698 5465 ὑποστή-

163 5459 397 5529 σαντιτῷ
419 5456 555 5532 εἶναι
592 5480 604 5514 :
639 5464 689 5515 in
729 5456 946 5532 reliquis
986 5478 1110 5517 vero
1141 5456 1259 5517 eum
1293 5463 1521 5530 vulgatis
1553 5456 1687 5516 con-

161 5531 402 5604 stztttitttit.
439 5530 567 5604 Reg.
612 5543 795 5587 sextus
823 5530 990 5602 prima
1024 5549 1179 5586 manu
1209 5534 1280 5601 τῷ
1327 5534 1690 5604 ὑποστήσαντι

164 5596 214 5648 τὸ
240 5594 393 5673 εἶναι,
426 5594 626 5673 reliqua
661 5610 718 5656 ut
747 5594 1052 5673 iu'editis:
1093 5605 1230 5657 idem
1256 5594 1377 5659 'nts.
1419 5594 1573 5673 manu
1608 5620 1693 5660 re-

162 5670 382 5745 centiore
408 5670 484 5745 τῷ
516 5669 850 5745 πρωτοτύπῳ
899 5675 1257 5745 ὑποστήσαντι
1296 5674 1357 5726 τὸ
1393 5669 1550 5745 εἶναι’.
1586 5673 1686 5727 De-

161 5739 307 5807 nique
334 5739 481 5795 Colb.
520 5739 687 5811 prima
727 5739 884 5799 manu
914 5739 1276 5811 ὐποστῆσαντι
1308 5745 1368 5796 τὸ
1407 5741 1566 5811 εῖναι,
1605 5761 1688 5801 re-

1852 3165 2046 3233 inqttit,
2093 3165 2303 3232 genitus
2345 3179 2447 3218 non
2494 3173 2595 3218 est.
2632 3164 3068 3233 Responde-anius
3095 3182 3242 3236 ergo,
3271 3171 3412 3237 quod

1848 3257 2099 3328 quoniam
2137 3258 2347 3326 genitus
2373 3266 2474 3321 est,
2510 3265 2646 3322 erat,
2678 3272 2796 3312 cum
2829 3258 3120 3327 ingenitum
3151 3277 3261 3314 esse
3304 3278 3409 3316 non

1845 3351 2039 3404 haheat
2062 3391 2075 3414 ,
2107 3350 2199 3404 sed
2239 3350 2463 3404 exsistat
2493 3364 2732 3416 semper,
2760 3361 2812 3403 et
2861 3351 3150 3404 coexsistat
3201 3351 3348 3406 Patri
3378 3369 3407 3408 a

1841 3459 1947 3512 quo
1980 3444 2136 3498 etiam
2175 3443 2467 3497 exsistendi
2511 3443 2671 3496 habet
2696 3457 2932 3496 causam.
2971 3443 3195 3508 Quando
3247 3446 3407 3514 igitur

1843 3534 1908 3586 ad
1932 3550 2038 3586 esse
2061 3549 2089 3585 a
2136 3534 2294 3586 Patre
2334 3533 2625 3601 productus
2657 3543 2740 3586 est
2777 3533 2799 3586 ?
2825 3533 2900 3587 Ex
2945 3550 3050 3603 quo
3080 3534 3243 3591 Pater
3273 3548 3356 3592 est
3384 3539 3405 3577 τ

1844 3624 1949 3678 Sed
1990 3626 2056 3678 ab
2089 3636 2310 3690 aeterno,
2353 3626 2544 3695 inquit,
2577 3625 2738 3681 Pater
2773 3645 2787 3682 :
2820 3628 2886 3682 ab
2916 3639 3121 3683 aeterno
3164 3630 3326 3699 igitur
3352 3642 3404 3685 et

1839 3715 2036 3782 Filius,
2077 3733 2168 3788 per
2213 3718 2610 3788 generationem
2667 3720 2916 3788 ingenitae
2967 3720 3140 3774 Patris
3200 3732 3404 3776 natura:

1841 3811 2180 3878 conjuuctus.
2211 3811 2359 3877 Quod
2390 3822 2568 3865 autem
2607 3827 2709 3864 non
2740 3820 2923 3864 nostra
2954 3811 3024 3865 sit
3056 3812 3169 3868 haec
3203 3815 3398 3878 oratio,

1848 3903 1990 3971 ipsas
2020 3903 2188 3956 sancti
2219 3902 2449 3970 Spiritus
2472 3916 2629 3956 voces
2647 3901 2726 3957 eis
2745 3903 2811 3956 ob
2826 3902 3011 3957 oculos
3033 3919 3310 3973 ponemus.
3335 3905 3399 3962 Et

1825 4130 1966 4198 liqua
2015 4139 2070 4182 ut
2110 4130 2161 4182 in
2218 4129 2497 4196 impressis
2551 4129 2903 4198 libris.ildem
2936 4131 3105 4184 codex
3153 4131 3390 4184 secunda

1827 4197 1982 4252 manu
2022 4200 2555 4269 συνυφεστηκυῖαν...
2597 4199 2673 4269 τῷ
2698 4197 2855 4252 εἶναι.
2908 4200 2982 4254 Ex
3010 4202 3205 4267 quibus
3246 4203 3394 4254 colli-

1825 4286 1951 4336 gere
1988 4272 2130 4329 licet.
2163 4274 2268 4340 has
2307 4285 2523 4340 omnes
2548 4270 2806 4324 lectiones
2835 4271 3073 4340 revocari
3116 4286 3275 4340 posse
3309 4273 3392 4324 vel

1824 4341 1889 4411 ad
1917 4341 2075 4411 hanc,
2111 4340 2188 4411 τῷ
2218 4337 2379 4404 εἶναι,
2446 4339 2527 4393 vel
2565 4340 2627 4392 ad
2658 4341 2822 4402 illaut,
2850 4342 2910 4394 τὸ
2941 4336 3191 4411 εἶναι.’ξι
3220 4341 3389 4409 leges.

1820 4409 1896 4482 1g)
1920 4407 2076 4478 εἶναι,
2113 4406 2395 4465 verborum
2434 4412 2765 4464 constructio
2801 4414 2913 4466 haec
2947 4413 3070 4469 erit.
3100 4406 3391 4482 οὖσαν’τῷ

1739 4464 1782 4518 Ῐ)
1809 4464 2039 4553 εἷναι-τὸ
2065 4464 2399 4553 ἀρχέτυπον.
2426 4482 2504 4553 Ad
2536 4483 2781 4546 verbum,
2803 4464 2924 4550 quae
2967 4464 3139 4550 imago
3178 4490 3255 4534 est
3298 4465 3388 4549 ρει

1818 4550 1937 4614 Itoc,
1964 4550 2319 4620 quod'ipsum
2364 4552 2700 4622 archetypum
2735 4565 2830 4615 est,
2876 4565 2995 4612 seu,
3047 4567 3164 4619 qua:
3215 4553 3386 4622 imago

1818 4631 1895 4689 agt
1926 4623 2019 4673 hoc
2047 4623 2176 4688 ipso,
2213 4624 2351 4689 quod
2378 4621 2716 4688 archetypum
2751 4634 2824 4674 est
2852 4636 2869 4674 :
2900 4622 2942 4674 si
2976 4636 3104 4675 vero
3139 4623 3304 4688 legas,
3326 4621 3387 4676 τό

1816 4684 1979 4751 εἶναι,
2011 4684 2265 4760 videntur
2292 4692 2404 4760 haec
2430 4684 2601 4742 verba
2616 4692 2855 4760 construi
2880 4694 2956 4745 sic
2989 4706 3142 4760 posse
3174 4684 3378 4746 ίοῦσαν

1814 4760 2175 4831 ὑποστήσαντι
2223 4759 2281 4812 τὸ
2334 4756 2469 4814 εἶναι
2521 4759 2850 4830 ἀρχέτυπον.
2878 4762 2956 4814 Ad
2989 4756 3232 4826 verbum,
3264 4780 3382 4831 qua:

1813 4831 1985 4901 imago
2008 4840 2082 4884 est
2114 4831 2317 4883 auctori
2348 4833 2463 4891 hoc,
2516 4846 2695 4901 nempe
2728 4848 2845 4884 eum
2886 4848 2995 4884 esse
3020 4833 3378 4901 archetypum.

1811 4900 1864 4952 Id
1889 4898 1995 4962 est,
2029 4911 2213 4952 auslor
2242 4901 2486 4968 imagints
2515 4898 2580 4952 ab
2617 4903 2729 4964 ipsa
2770 4903 2999 4969 imagine
3039 4898 3216 4963 habet,
3239 4903 3380 4970 quod

1810 4982 1882 5023 est
1920 4972 2282 5042 archetypum.
2311 4971 2375 5024 Et
2403 4986 2529 5024 vero
2554 4971 2905 5042 archetypum
2943 4973 3377 5039 proprienullutn

1809 5051 1909 5104 est,
1946 5040 2046 5093 nisi
2102 5056 2277 5109 tmago
2305 5042 2399 5105 sit,
2451 5055 2567 5109 qua:
2601 5056 2667 5095 ex
2716 5040 2834 5110 ipso
2876 5043 3232 5110 exprimatur.
3262 5042 3376 5097 Hoc

1808 5125 1875 5162 au
1912 5111 2001 5162 illo
2055 5111 2212 5164 modo
2242 5111 2522 5178 legendum
2572 5114 2659 5174 sit,
2716 5113 2900 5179 nescio
2933 5113 3146 5178 quidem
3183 5131 3194 5165 :
3248 5121 3374 5179 puto

1809 5191 1982 5252 tauteu
2016 5182 2192 5245 patius
2225 5177 2322 5252 legi
2373 5182 2587 5252 debere,
2629 5180 2707 5252 τῷ
2734 5177 2896 5234 εἶναι.
2927 5177 3373 5252 Aliintelinra.—

1808 5249 1892 5315 Τῷ
1923 5246 2074 5305 εἶναι
2105 5246 2466 5322 ἀρχέτυπον,
2517 5246 2727 5306 οὗσαῶο.
2785 5253 2968 5316 Verte,
3017 5251 3224 5318 Imago,
3255 5270 3370 5322 qua:

1801 5322 1898 5373 hoc
1938 5323 2046 5384 ipso
2073 5326 2207 5390 quod
2229 5335 2301 5374 est.
2333 5320 2689 5388 archetypum.
2726 5322 2948 5379 exsistit.
2982 5322 3191 5374 MABAN.

1870 5390 1982 5460 (15)
2015 5391 2152 5444 Editi
2191 5392 2641 5463 μιμήσεως,ἀλλ’
2672 5392 2880 5463 ὥσπερ.
2909 5393 3125 5460 Aliquot
3158 5392 3370 5445 todices

1801 5463 2100 5543 μιμήσεως,
2137 5464 2231 5514 καὶ
2256 5462 2461 5531 ὥσπερ.
2494 5462 2594 5515 Alii
2622 5462 2839 5532 quidam
2887 5478 3013 5517 mss.
3054 5465 3363 5532 μιμήσεως,

1797 5548 2004 5584 ωσπερ.

1865 5550 1918 5582 ππ
1991 5571 2004 5583 .

1865 5550 1983 5672 (ιὲῗ
2009 5600 2273 5673 Τεχνῶνή
2308 5602 2620 5668 ὑπόστασις,
2650 5614 2838 5657 natura
2875 5604 3067 5656 artium
3109 5617 3261 5674 atque
3284 5603 3368 5656 in-

1794 5676 2021 5727 dustria.

1863 5745 1971 5814 (l-7)
1999 5745 2124 5813 Reg.
2157 5754 2379 5812 quartus
2415 5745 2606 5815 Πατρὶ,
2641 5746 2772 5818 παρ’
2807 5740 2866 5800 οῦ
2908 5748 3020 5798 καί.
