4058 6320
679 358 779 415 007

2008 348 2063 401 S.
2105 348 2348 403 BASILII
2385 348 2594 402 MAGNI

3788 349 3879 402 608

681 490 745 530 ex
784 464 1064 535 Evangelio
1096 464 1308 534 quidem
1352 478 1627 518 sumamus
1661 464 1827 517 illud:
1863 464 1929 518 In
1978 466 2227 533 principio

2353 459 2415 517 ὗν
2436 464 2527 516 τοῦ
2554 462 2876 532 Εὐαγγελίου
2902 464 3151 535 λάὸωμεν
3172 464 3251 529 τὸ,
3290 464 3391 517 Ἐν
3416 462 3574 530 ἀρχῇ
3612 464 3695 531 ἦν
3724 468 3754 518 ὀ
3784 465 3878 517 Aci-

681 572 789 619 erat
831 557 1146 621 Verbum“;
1181 559 1280 610 hoc
1337 570 1465 611 vero
1504 572 1566 610 ex
1602 555 1814 610 Psalmo
1858 556 1999 610 velut
2042 570 2072 607 e
2114 572 2233 624 per-

683 669 812 709 sona
842 651 1017 706 Patris
1054 650 1254 703 dictum
1286 665 1300 703 :
1333 649 1409 701 Ab
1433 660 1575 701 utero
1610 660 1730 700 ante
1771 646 2044 716 luciferum
2078 647 2231 715 genui

686 756 733 798 te
758 744 839 809 ";
870 752 1029 810 atque
1065 740 1307 806 utrisque
1340 739 1478 792 inter
1511 750 1568 789 sc
1613 736 1921 805 compositis
1949 736 2186 789 dicamus
2216 750 2229 785 :

687 837 751 891 Et
778 848 914 899 erat,
944 843 1001 888 et
1036 834 1245 901 genitus
1266 843 1366 887 est.
1402 829 1593 883 Verum
1618 844 1721 883 vox
1755 826 1919 881 Genui
1952 842 2165 882 causam
2206 844 2233 881 a

687 943 790 998 qua
840 928 1161 998 principium
1197 926 1357 978 habet
1396 923 1618 986 carendi,
1650 922 1956 991 signiﬁcat:
1999 936 2096 974 vox
2144 936 2234 975 au-

689 1033 817 1087 tem,
850 1019 1001 1086 Erat,
1048 1018 1246 1071 indicat
1289 1014 1406 1083 ejus
1444 1014 1812 1067 exsisteutiam
1865 1022 2102 1081 tempore
2144 1028 2237 1065 ca-

687 1124 895 1169 rentem
937 1124 1002 1163 ac
1032 1108 1435 1176 sempiternam.
1478 1105 1583 1159 Sed
1624 1119 1751 1159 vero
1790 1118 1891 1172 pro
1922 1118 2016 1157 sua
2054 1102 2239 1158 fraude

688 1206 967 1257 decertans
998 1199 1621 1262 Eunomius,oratiouem
1652 1196 1717 1251 ad
1743 1195 2035 1250 absurdum
2071 1196 2239 1250 addu-

686 1311 808 1351 cere
838 1310 896 1349 se
927 1302 1096 1362 putat.

757 1385 891 1440 Eun.
928 1383 986 1437 Si
1030 1383 1172 1437 enim
1202 1423 1217 1446 ,
1249 1382 1439 1451 inquit,
1491 1392 1614 1437 ante
1661 1396 1811 1436 suam
1841 1381 2239 1450 generationem

688 1476 857 1530 Filius
880 1485 1021 1539 erat,
1058 1474 1324 1543 ingenitus
1351 1483 1489 1528 erat.

758 1569 883 1623 Bas.
909 1570 977 1623 At
1009 1568 1153 1631 illud,
1190 1576 1310 1619 ante
1348 1565 1750 1637 generationem,
1773 1579 1805 1619 ο
1842 1565 1927 1619 vir
1956 1581 2116 1631 vane,
2149 1572 2244 1619 aut

689 1661 833 1714 nullo
859 1658 1015 1712 modo
1054 1656 1316 1722 subsistit,
1374 1658 1677 1724 mentisque
1717 1655 1845 1708 nulli
1889 1658 2131 1728 subjecto
2160 1656 2243 1708 in-

690 1748 942 1804 luereutis
980 1760 1338 1803 commentum
1388 1756 1487 1803 est.
1520 1747 1621 1801 Sed
1663 1747 1790 1817 quid
1826 1750 2018 1803 attinet
2067 1745 2242 1801 stultis

689 1841 1065 1897 contradicere
1096 1842 1118 1894 ?
1145 1844 1247 1896 hoc
1278 1846 1418 1895 enim
1465 1838 1687 1908 perinde
1724 1851 1807 1895 est
1837 1851 1997 1910 atque
2028 1852 2147 1891 cum
2179 1852 2241 1891 eo
2273 1821 2313 1875 Β

694 1936 1023 1990 contendere
1044 1974 1061 1999 ,
1090 1935 1175 1989 cui
1204 1932 1422 1987 rationis
1460 1946 1613 1986 usum
1648 1932 1925 2003 phrenesis
1964 1930 2240 1983 ademerit.

691 2031 799 2083 Aut
824 2029 867 2082 si
899 2028 964 2081 ad
991 2028 1259 2095 quidpiam
1298 2039 1483 2079 eorum
1516 2040 1635 2094 quze
1674 2035 1798 2080 sunt
1832 2024 2024 2087 tendit,
2053 2021 2117 2075 ad
2148 2036 2245 2075 san-

693 2120 935 2175 culorum
970 2131 1182 2189 quoque
1210 2118 1483 2171 notionem
1508 2118 1819 2172 deducetur.
1853 2112 2049 2168 Verum
2081 2114 2125 2169 si
2154 2130 2248 2168 sae-

695 2212 811 2265 cula
851 2212 1026 2266 omnia
1062 2209 1197 2263 intra
1224 2209 1620 2279 generationem
1646 2205 1918 2275 Unigeniti
1943 2204 2249 2276 intelligun-

694 2311 801 2364 tur,
833 2319 953 2355 cum
996 2300 1139 2355 illius
1182 2301 1350 2370 ipsius
1396 2302 1506 2354 sint
1532 2307 1812 2363 creaturae,
1837 2311 2007 2351 vanus
2042 2308 2125 2352 est
2155 2299 2244 2368 qui

694 2393 821 2463 quid
876 2393 1177 2447 substantia
1211 2390 1330 2445 Filii
1384 2390 1657 2459 antiquius
1690 2391 1901 2458 quaarit.
1924 2387 2068 2443 Nihil
2106 2394 2247 2445 enim

696 2488 921 2542 alienius
950 2485 1159 2556 quarit,
1178 2498 1338 2553 quam
1372 2482 1416 2538 si
1445 2484 1510 2538 de
1537 2482 1692 2537 Patre
1714 2484 1872 2537 etiam
1910 2492 2250 2553 percontare-

699 2590 807 2642 tur,
829 2588 1004 2632 utrum
1032 2587 1156 2631 ante
1184 2592 1334 2632 suam
1360 2576 1795 2631 constitutionem
1830 2574 2089 2639 fuerit,an
2124 2590 2247 2630 non.

696 2670 907 2724 Etenim
936 2680 997 2721 ut
1015 2669 1123 2723 illic
1150 2669 1237 2723 hic
1261 2670 1484 2738 qua'stio
1504 2668 1663 2723 stulta
1693 2678 1795 2732 est,
1816 2668 1976 2738 253
2015 2682 2253 2737 quaarere

694 2762 945 2816 videlicet
974 2762 1025 2813 in
1047 2776 1112 2814 eo
1135 2761 1223 2829 qui
1250 2761 1511 2830 principio
1543 2770 1764 2813 caretac
1790 2761 2055 2827 ingenitus
2071 2766 2253 2811 estsu-

694 2852 873 2923 perius
901 2852 1152 2922 quiddam
1176 2866 1188 2901 :
1226 2852 1295 2903 ita
1317 2852 1403 2904 hic
1430 2864 1643 2919 quoque
1665 2850 1729 2903 de
1750 2863 1815 2902 eo
1844 2849 1933 2917 qui
1959 2848 2026 2900 ab
2050 2856 2251 2901 alterno

697 2955 780 3000 est
807 2960 927 2999 cum
960 2943 1143 3007 Patre,
1170 2942 1411 3013 nihilque
1437 2941 1601 2997 habet
1632 2941 1790 2995 medii
1832 2940 1969 2994 inter
2001 2953 2059 2995 se
2080 2947 2135 2993 et
2165 2953 2254 3007 ge-

699 3037 966 3103 nitorem,
1002 3034 1323 3104 temporales
1356 3034 1535 3089 iacere
1576 3040 1641 3090 de
1669 3032 1845 3105 priore
1893 3032 2250 3103 quaestiones;

2331 574 2432 625 γος
2452 570 2464 582 ·
2484 557 2561 606 ’ἐκ
2584 555 2638 607 δὲ
2663 555 2753 609 τοῦ
2774 554 2987 625 ψαλμοῦ
3023 557 3097 618 ὼς
3126 560 3189 609 ὲκ
3230 553 3518 628 προσώπου
3550 554 3646 606 τοῦ
3682 557 3882 626 Πατρὸς

2330 646 2612 719 εἰρημένον
2646 648 2725 714 τὸ,
2759 650 2850 700 Ἐκ
2874 648 3132 715 γαστρὸς
3170 650 3281 716 πρὸ
3315 648 3624 718 ἐωσφρρου
3662 650 3777 720 (18)
3803 668 3883 720 τε·

2331 737 2591 809 γέν-ιηκά
2622 755 2695 791 σε
2715 758 2727 770 ·
2759 741 2850 793 καὶ
2875 737 3152 801 συνθέντες
3179 743 3482 813 ἀμφότερα,
3518 740 3790 809 εἴπωμεν,
3813 746 3886 797 δτι

2330 832 2426 884 καὶ
2458 826 2525 901 ἦν
2570 833 2661 883 καὶ
2689 833 3027 901 γεγέννηται.
3070 815 3230 884 ’Λλλά
3253 834 3313 883 τὸ
3360 837 3476 902 μὲν,
3513 832 3887 904 Γετέννηκα,

2333 924 2429 994 τὴν
2460 923 2633 974 αἰτίαν
2655 922 2745 991 ἀφ’
2774 921 2840 997 ἦς
2869 926 2978 995 ἐχει
3002 924 3097 993 τὴν
3120 922 3293 992 ἀρχὴν
3319 924 3412 975 τοῦ
3442 922 3585 979 εἶναι
3613 924 3884 995 σημαίνει·

2333 1015 2393 1067 τὸ
2416 1014 2493 1077 δὲ,
2520 1009 2658 1078 Ἦν,
2690 1014 2788 1085 τὴν
2816 1018 3038 1087 ἄχρονον
3063 1013 3224 1067 αὑτοῦ
3246 1015 3337 1067 καὶ
3360 1017 3688 1083 προαιὼνιον
3718 1016 3889 1085 ῦπαρ-

2336 1106 2435 1169 ξιν.
2478 1105 2535 1159 Ὀ
2576 1105 2652 1168 δέ,
2704 1106 3169 1179 ἐπαγωνιζόμενος
3204 1110 3268 1177 τῇ
3320 1107 3513 1159 ἑαυτοῦ
3550 1111 3776 1182 ἀπάτῃ,
3816 1110 3889 1170 είς

2335 1198 2531 1250 ἄτοπον
2558 1198 2649 1251 τὸν
2686 1197 2838 1266 λόγον
2857 1199 3035 1268 ἀπάγε
3044 1218 3089 1254 ιν
3118 1200 3302 1254 οἴεται.

2407 1381 2564 1434 ΕΥΝ.
2623 1382 2684 1434 Εἰ
2715 1382 2839 1453 γὰρ,
2888 1382 3038 1452 φησι,
3090 1385 3193 1456 πρὸ
3222 1384 3319 1455 τῆς
3342 1384 3650 1454 γεννήσεως
3690 1382 3797 1453 (19)
3834 1382 3897 1456 ἦν

2338 1472 2434 1541 τῆς
2468 1471 2657 1523 ἐαυτοῦ
2685 1472 2713 1521 ὁ
2742 1472 2887 1537 Υἱὸς,
2923 1472 3212 1545 ἀγέννητος
3243 1472 3328 1547 ἦν.

2408 1564 2553 1616 ΒΑΣ.
2598 1562 2754 1618 Ἀλλὰ
2802 1565 2865 1617 τὸ
2904 1562 3016 1631 πρὸ
3059 1564 3167 1633 τῆς
3224 1566 3557 1635 γεννήσεως
3624 1565 3818 1628 τοῦτο,
3859 1562 3899 1619 ὧ

2345 1656 2558 1727 μάταιε,
2608 1656 2724 1726 ἦτοι
2767 1655 3111 1727 ἀνύπαρκτόν
3154 1657 3268 1710 ἐστι
3312 1659 3619 1723 παντελῶς,
3652 1659 3753 1710 καί
3796 1658 3900 1711 δια·

2343 1749 2488 1813 νοίας
2520 1749 2872 1821 ἀναπλασμὸς
2901 1750 3073 1803 οὐδενὶ
3113 1749 3457 1822 ἐρειδομένης
3505 1752 3855 1822 ὑποκειμένῳ
3884 1769 3894 1781 ·

2342 1843 2436 1895 καὶ
2494 1837 2545 1896 τί
2594 1842 2672 1896 δεῖ
2719 1841 3015 1910 ἀντιλέγειν
3046 1844 3155 1905 τοῖς
3205 1842 3485 1913 ἀνοήτοις;
3516 1845 3900 1916 παραπλήσιον

2344 1934 2452 2004 γὰρ
2480 1934 2653 1996 τοῦτο,
2681 1932 2867 2002 ὥσπερ
2890 1932 2954 1985 ἂν
2987 1935 3034 1984 εί
3064 1934 3153 1985 καὶ
3184 1934 3258 2003 τῷ
3288 1933 3376 1986 τὸν
3396 1934 3653 2005 λογισμὸν
3678 1938 3745 1988 ἐκ
3773 1952 3900 2006 φρε-

2344 2024 2535 2088 νίτιδος
2568 2022 2946 2093 παρενεχθέντι
2969 2023 3332 2093 διεμαχόμεθα
3361 2040 3375 2053 ·
3411 2026 3442 2095 ἢ
3469 2028 3515 2077 εί
3548 2028 3683 2092 πρός
3707 2044 3766 2077 τι
3798 2027 3900 2077 τῶν

2345 2118 2511 2172 ὄντων
2558 2116 2803 2185 φέρεται,
2850 2116 2942 2169 καὶ
3000 2116 3130 2188 πρὸς
3155 2116 3251 2187 τὴν
3304 2116 3406 2170 τῶν
3436 2116 3645 2171 αἰώνων
3694 2117 3900 2170 ἔννοιαν

2348 2210 2715 2280 ἐνεχθήσεται.
2770 2208 2906 2261 Ἀλλ’
2934 2209 3087 2283 εἴπερ
3120 2200 3313 2273 αἰῶνες
3358 2211 3555 2273 πάντες
3602 2210 3756 2263 κάτω
3800 2228 3901 2285 που

2346 2303 2443 2371 τῆς
2469 2300 2733 2367 γενέσεως
2774 2301 2883 2371 (20)
2928 2302 3023 2355 τοῦ
3062 2302 3395 2372 Μονογενοῦς
3438 2302 3702 2366 νοοῦνται,
3736 2303 3900 2356 αὑτοῦ

2347 2393 2553 2447 ἐκείνου
2597 2392 2749 2457 ὄντες
2782 2396 3079 2465 ποιήματα,
3136 2396 3361 2466 μάταιος
3411 2399 3438 2449 ὁ
3491 2396 3765 2464 ἐπιζητῶν
3808 2396 3904 2463 τῆς

2348 2485 2690 2548 ὑποστάσεως
2740 2485 2833 2537 τοῦ
2892 2486 3019 2539 Υίοῦ
3073 2487 3142 2537 τὰ
3191 2486 3547 2555 πρεσϐύτερα.
3580 2486 3746 2537 Οὐδὲν
3797 2487 3903 2555 γὰρ

2348 2576 2681 2647 ἀλλοιότερον
2701 2577 2896 2646 ἐρωτᾷ,
2930 2577 2962 2645 ἢ
2995 2576 3041 2627 εί
3063 2575 3154 2627 καὶ
3194 2575 3322 2645 περὶ
3352 2574 3443 2626 τοῦ
3495 2574 3701 2644 Πατρὸς
3742 2577 3906 2627 ἐπυν-

2355 2668 2566 2735 θάνετο,
2602 2670 2827 2739 πότερον
2875 2668 3083 2738 ὑπῆρχε
3127 2667 3231 2737 πρὸ
3267 2668 3365 2737 τῆς
3397 2666 3530 2729 ἰδίας
3570 2667 3903 2730 συστάσεως.

2350 2763 2383 2830 ἢ
2410 2762 2547 2831 οὐχί.
2586 2762 2671 2823 Ὠς
2701 2761 2807 2831 γὰρ
2842 2761 2956 2813 ἐκεῖ
2984 2760 3208 2830 ἀνόητον
3252 2758 3311 2811 τὸ
3348 2756 3603 2829 ἐρώτημα
3624 2800 3639 2824 ,
3681 2759 3777 2811 ἐπὶ
3812 2760 3909 2813 τοῦ

2351 2853 2585 2921 ἀνάρχου
2640 2852 2733 2903 καὶ
2788 2852 3080 2922 ἀγεννήτου
3120 2850 3299 2919 ζητεῖν
3328 2850 3387 2903 τὺ
3429 2848 3728 2923 ἀνώτερον*
3767 2850 3911 2904 οὕτω

2348 2942 2444 2995 καὶ
2472 2942 2721 3006 ἐνταῦθα,
2761 2944 2853 2994 ἐπὶ
2889 2945 2981 2995 τοῦ
3013 2942 3071 3009 ἐξ
3109 2943 3275 2996 ἀϊδίου
3305 2942 3380 3013 τῷ
3416 2943 3587 3013 Πατρὶ
3637 2942 3909 3007 συνόντος,

2354 3037 2446 3090 καὶ
2470 3036 2618 3089 οὐδὲν
2640 3035 2849 3105 ἔχοντος
2888 3036 3049 3106 μέσον
3082 3035 3273 3089 ἑαυτοῦ
3296 3053 3354 3089 τε
3379 3037 3471 3088 καὶ
3494 3034 3587 3087 τοῦ
3615 3037 3913 3105 γεννήσαν-

700 3128 920 3197 aequalis
960 3128 1116 3197 plane
1155 3126 1438 3180 dementiae
1475 3134 1577 3180 est.
1606 3124 1737 3179 Nam
1780 3125 1997 3191 perinde
2035 3126 2161 3187 erit,
2192 3138 2252 3177 ac

2353 3146 2459 3191 τος,
2486 3128 2738 3198 χρονικὰς
2772 3126 3034 3179 ποιεῖσθαι
3060 3127 3152 3180 τοῦ
3181 3128 3442 3198 προτέρου
3472 3127 3568 3189 τὰς
3590 3129 3911 3198 ἐρωτήσεις.

699 3221 746 3273 ai
785 3220 904 3286 quis
930 3219 1224 3284 interroget
1250 3215 1375 3283 quid
1402 3214 1639 3267 futurum
1670 3215 1739 3266 sit
1767 3215 2106 3282 postobitum
2142 3211 2255 3279 ejus

702 3312 790 3381 qui
822 3309 1139 3364 immortalis
1171 3315 1273 3374 est,
1315 3314 1624 3377 quaeratque
1665 3306 1791 3375 quid
1834 3304 2103 3360 exstiterit
2135 3315 2257 3359 ante

701 3400 1099 3472 generationem
1131 3399 1459 3469 sempiterni.
1510 3396 1572 3451 lli
1609 3408 1806 3460 autem,
1841 3396 1964 3468 quia
2013 3396 2257 3467 principii

702 3492 758 3548 in
784 3490 943 3546 Patre
971 3490 1205 3561 privatio
1234 3490 1504 3544 aeternitas
1541 3489 1867 3556 nominatur,
1905 3490 2257 3559 privationem

702 3584 951 3656 principii
984 3582 1437 3638 decemuntidem
1472 3596 1593 3637 esse
1628 3591 1789 3651 atque
1818 3582 2262 3646 :eternitatem,et

703 3676 955 3747 quoniam
976 3674 1146 3731 Filius
1175 3689 1280 3729 non
1303 3684 1386 3730 est
1424 3676 1718 3747 ingenitus,
1748 3689 1815 3729 ne
1845 3684 2103 3729 mternutn
2137 3674 2259 3742 qui-

704 3764 825 3823 dem
864 3780 983 3821 esse
1013 3766 1348 3836 proﬁtentur.
1368 3766 1472 3821 Sed
1512 3775 1689 3820 tamen
1723 3767 1836 3821 liazc
1872 3765 2117 3819 diﬂ'erunt
2141 3766 2260 3833 plu—

707 3858 902 3913 rimum
950 3858 1360 3927 signiﬁcatione.
1390 3856 1521 3911 Nam
1558 3857 1848 3925 ingenitum
1876 3856 2091 3919 dicitur,
2120 3856 2259 3923 quod

709 3964 884 4018 neque
938 3949 1259 4017 principium
1292 3950 1373 4003 sui
1414 3948 1597 4018 ipsius,
1640 3959 1809 4013 neque
1848 3960 2062 4000 causam
2107 3953 2163 3997 ut
2193 3947 2262 3999 sit

708 4038 870 4093 habet
900 4056 912 4092 :
948 4047 1208 4093 aeternum
1240 4054 1389 4103 vero,
1430 4040 1568 4108 quod
1606 4046 1844 4107 tempore
1884 4038 2029 4090 omni
2061 4044 2115 4090 et
2149 4050 2261 4090 aevo

708 4128 1000 4183 secundum
1032 4144 1141 4183 esse
1168 4128 1440 4198 antiquius
1490 4137 1596 4183 est.
1634 4128 1785 4184 Unde
1820 4137 1873 4182 et
1902 4127 2064 4182 Filius
2096 4135 2153 4181 ut
2182 4136 2263 4182 est

710 4235 817 4275 non
836 4220 1122 4290 ingenitus,
1142 4222 1217 4275 ita
1237 4229 1467 4277 aeternus
1485 4230 1585 4276 est.
1602 4219 1723 4275 1am
1746 4236 1872 4275 vero
1892 4219 2082 4275 saecula
2104 4220 2262 4275 etiam

710 4315 896 4367 aeterni
927 4314 1283 4383 appellatione
1313 4314 1553 4369 nonnulli
1589 4315 1895 4384 dignantur,
1929 4313 2080 4381 quasi
2104 4326 2168 4366 ex
2193 4326 2264 4366 eo

712 4406 854 4474 quod
885 4419 1094 4475 semper
1117 4405 1246 4470 sint,
1286 4406 1387 4461 hoc
1410 4406 1637 4461 nominis
1657 4407 1849 4476 adepta
1878 4406 2004 4459 sint.
2030 4404 2137 4459 Nos
2170 4420 2264 4457 au-

2352 3222 2449 3291 τῆς
2473 3221 2591 3291 ἴσης
2612 3220 2779 3283 ὅντως
2802 3220 3001 3283 ἀνοίας.
3026 3219 3409 3291 Παραπλήστον
3424 3219 3530 3291 γὰρ
3550 3221 3758 3291 ἐρωτᾷν
3780 3220 3912 3291 (Si),

2352 3313 2404 3364 τί
2438 3311 2585 3364 ἔσται
2617 3310 2754 3381 μετὰ
2785 3312 2881 3382 τὴν
2922 3310 3176 3383 τελευτὴν
3204 3310 3300 3363 τοῦ
3334 3310 3620 3373 ἀθανάτου,
3664 3312 3761 3379 καὶ
3795 3312 3914 3364 ἐπι-

2354 3404 2535 3476 ζητεῖν
2580 3404 2631 3456 τί
2672 3405 2883 3476 ὑπῆρχε
2922 3404 3026 3476 πρὸ
3051 3408 3147 3476 τῆς
3171 3406 3469 3477 γεννήσεως
3505 3402 3598 3457 τοῦ
3626 3403 3824 3457 ἀϊδίου.
3856 3404 3915 3456 Ol

2355 3501 2432 3565 δὲ,
2461 3498 2645 3570 ἐπειδὴ
2678 3498 2737 3552 τὸ
2756 3500 2988 3569 ἄναρχον
3016 3498 3106 3552 τοῦ
3146 3499 3356 3569 Πατρὸς
3377 3497 3543 3552 ἀΐδιον
3570 3498 3914 3567 ὀνομάζεται,

2356 3592 2549 3644 ταυτὸν
2582 3592 2642 3643 τὸ
2664 3592 2881 3662 ἀνάρχῳ
2908 3591 2966 3643 τὸ
2989 3590 3154 3643 ἀΐδιον
3180 3590 3559 3656 ἀποφαίνουσι,
3606 3589 3701 3640 καὶ
3730 3587 3917 3654 ἐπειδὴ

2360 3682 2435 3752 μὴ
2481 3683 2771 3751 ἀγέννητος
2816 3685 2843 3733 ὁ
2882 3682 3027 3742 Υἱὸς,
3054 3680 3172 3731 οὐδὲ
3202 3680 3367 3730 αῖδιον
3391 3674 3527 3730 εἶναι
3575 3677 3917 3746 ὁμολογοῦσι.

2358 3771 2612 3821 Πλεῖστον
2659 3770 2714 3821 δὲ
2762 3769 3003 3837 διαφέρει
3034 3767 3176 3820 κατὰ
3203 3766 3299 3837 τὴν
3337 3766 3561 3820 ἔννοιαν.
3600 3767 3920 3837 Ἀγέννητον

2361 3860 2457 3929 μὲν
2508 3860 2614 3931 γὰρ
2645 3860 2859 3928 λέγεται
2892 3860 2951 3913 τὸ
2979 3860 3247 3931 μηδεμίαν
3286 3859 3462 3931 ἀρχὴν
3510 3858 3730 3921 ἐαυτοῦ,
3789 3860 3921 3930 μηδὲ

2359 3950 2534 4003 αἰτίαν
2568 3950 2687 4021 ἔχον
2716 3950 2808 4004 τοῦ
2840 3945 3007 4004 εἶναι’
3034 3951 3201 4004 ἀῖδιον
3229 3951 3283 4004 δὲ
3305 3950 3366 4003 τὸ
3385 3951 3572 4021 χρόνου
3602 3950 3808 4012 παντὸς
3830 3950 3922 4003 καὶ

2361 4041 2548 4105 αἰῶνος
2577 4042 2715 4096 κατὰ
2732 4043 2794 4095 τὸ
2820 4038 2958 4096 εἶναι
2981 4041 3366 4114 πρεσϐύτερον.
3396 4042 3555 4094 Ὅθεν
3590 4042 3686 4093 καὶ
3716 4044 3744 4094 δ
3765 4041 3919 4103 Υἱὸς,

2362 4130 2453 4182 καὶ
2503 4131 2600 4184 οὐκ
2637 4132 2944 4203 ἀγέννητος,
2997 4133 3091 4186 καὶ
3140 4131 3327 4194 ἀΐδιος.
3372 4131 3510 4201 Ἤδη
3554 4130 3741 4183 δὲκαὶ
3798 4130 3923 4192 τοὺς

2362 4220 2565 4287 αἰῶνας
2594 4220 2804 4286 ἀξιοῦσί
2842 4239 2987 4286 τινες
3038 4223 3135 4293 τῆς
3168 4221 3260 4275 τοῦ
3296 4221 3465 4275 ἀϊδίου
3503 4218 3615 4290 (22)
3650 4236 3925 4291 προσηγο-

2360 4313 2504 4385 ρίας,
2540 4313 2615 4378 ὡς
2635 4315 2703 4368 ἐκ
2727 4314 2821 4367 τοῦ
2849 4315 2935 4367 ἀεὶ
2964 4310 3101 4367 εἶναι
3135 4314 3234 4383 τῆς
3260 4313 3499 4384 κλήσεως
3522 4311 3729 4381 ταύτης
3767 4329 3925 4365 τετυ-

2363 4410 2613 4481 χηκότας.
2667 4410 2853 4481 Ἡμεῖς
2905 4410 2963 4463 δὲ
2997 4410 3095 4480 τῆς
3149 4408 3318 4478 αὐτῆς
3375 4405 3701 4474 λογιζόμεθα
3757 4422 3928 4476 παρα-

717 4505 825 4551 tem
858 4505 912 4551 et
943 4497 1205 4551 creaturis
1250 4495 1570 4551 aeternitatis
1601 4496 1957 4551 testimonium
2002 4496 2252 4565 praebere1

2368 4502 2513 4564 νοίας
2535 4501 2627 4554 καὶ
2660 4502 2725 4571 τῇ
2752 4500 2923 4553 κτίσει
2958 4498 3396 4570 προσμαρτυρεῖν
3420 4497 3479 4548 τὸ
3505 4496 3694 4557 ἀΐδιον,
3726 4496 3818 4547 καὶ
3843 4495 3927 4547 τὸν

718 4596 772 4643 et
804 4595 1169 4642 creaturarum
1213 4588 1490 4643 Dominum
1532 4587 1632 4641 hac
1670 4586 2005 4641 confessione
2033 4585 2263 4654 privare,

720 4679 959 4749 ejusdem
991 4695 1109 4735 esse
1136 4682 1382 4736 amentize
1405 4679 1749 4735 arbitramur.

788 4771 878 4827 18.
918 4772 1303 4829 Atorationem
1344 4774 1409 4828 ad
1432 4774 1827 4845 impudentiam
1866 4772 2131 4827 deducens
2162 4769 2267 4824 Eu-

722 4864 952 4929 nomius,
977 4866 1102 4935 quid
1123 4866 1252 4920 dicit
1281 4864 1305 4919 τ

794 4957 927 5014 Enn.
958 4956 1065 5012 Nos
1089 4967 1265 5012 autem
1291 4955 1345 5011 in
1386 4956 1452 5011 iis
1492 4971 1613 5025 quae
1638 4965 1694 5010 et
1724 4956 1855 5010 olim
1889 4970 1919 5009 a
1965 4956 2183 5023 sanctis,
2215 4962 2270 5010 et

719 5062 865 5102 nunc
898 5062 928 5102 a
964 5047 1117 5103 nobis
1147 5048 1508 5103 demonstrata
1536 5054 1681 5111 sunt,
1714 5058 2267 5115 permanentes,-cum

803 5246 854 5277 "‘
882 5244 1034 5300 Joan.
1068 5262 1104 5311 ι,
1148 5248 1198 5301 1.
1276 5248 1320 5279 "
1358 5245 1500 5302 Psal.
1528 5263 1635 5310 cu,
1662 5246 1716 5300 3.

796 5426 908 5499 (18)
934 5427 1150 5499 Antiqui
1182 5428 1283 5499 duo
1308 5428 1427 5482 libri
1458 5428 1731 5499 ἐωσφόρου
1764 5424 1873 5495 ἐγὼ
1908 5426 2168 5499 σήμερον.

937 5498 1161 5568 Codices
1182 5498 1379 5566 aliquot
1408 5497 1693 5566 γενέσεως.

802 5500 890 5568 (19
937 5500 1161 5552 Codices
1182 5500 1379 5566 aliquot
1408 5500 1693 5566 γενέσεως.

939 5567 1070 5639 90d.
1099 5568 1201 5621 505
1226 5568 1422 5639 omittit
1446 5568 1556 5636 τῆς
1582 5568 1889 5637 γενέσεως.

803 5637 916 5762 ,21)
943 5637 1317 5718 Reg._quartus
1332 5638 1390 5719 τί)
1419 5640 1649 5723 ἐρωτᾷν.

824 5706 914 5762 22ι
960 5708 1098 5761 Edttt
1129 5724 1271 5762 τινες
1324 5725 1418 5762 της
1449 5708 1637 5762 ἀιδίου.

724 5705 914 5827 δ[0821
960 5705 1271 5771 sanam“
1324 5708 1418 5777 τῆς
1449 5705 1637 5762 manu.
1684 5710 1751 5763 At
1796 5724 1925 5763 mss.
1956 5708 2051 5778 τῆς
2074 5705 2165 5759 τοῦ
2197 5709 2281 5761 ἀῖ-

814 5794 863 5827 υ.

782 5791 863 5831 ου.

2366 4593 2642 4663 Δεσπότην
2670 4592 2768 4661 τῆς
2792 4590 3017 4653 κτίσεως
3041 4590 3139 4659 τῆς
3170 4587 3453 4659 ὁμολογίας
3478 4584 3680 4655 ταύτης
3705 4586 3928 4639 ἀποστε-

2408 4685 2505 4738 εῖν.

2372 4701 2528 4827 ρεῗέ.
2564 4774 2621 4825 '0
2643 4772 2717 4835 δὲ,
2743 4770 2875 4841 πρὸς
2903 4768 2962 4822 τὸ
2984 4768 3330 4837 ἀναίσχυντον
3364 4766 3611 4837 ἐκφέρων
3630 4766 3723 4819 τὸν
3754 4767 3926 4835 λόγον,

2370 4866 2423 4918 τί
2445 4882 2604 4935 φησιν
2622 4881 2636 4929 ;

2444 4954 2603 5006 ΕΥΝ.
2639 4952 2825 5021 Ἡμεῖς
2853 4948 2931 5012 δὲ,
2980 4951 3092 5013 τοῖς
3132 4966 3193 5002 τε
3221 4947 3327 5002 ὑπὸ
3355 4946 3460 5001 τῶν
3490 4945 3662 5014 ἁγίων
3704 4947 3802 4999 καὶ
3835 4944 3931 4998 πά-

2377 5044 2465 5098 λαι
2489 5044 2600 5115 (25)
2632 5044 2727 5097 καὶ
2766 5042 2858 5096 νῦν
2883 5043 2967 5111 ἐφ’
2991 5040 3147 5113 ἡμῶν
3176 5039 3656 5109 ἀποδεικνυμένοις
3682 5038 3932 5109 ἐμμένον-

2446 5424 2561 5506 (25)
2585 5420 2725 5506 Editi
2746 5422 2861 5506 τῶν
2875 5424 3043 5506 ἁγίων
3068 5421 3327 5506 Πατέρων
3366 5421 3552 5506 πάλαιε
3572 5419 3711 5506 βεε.
3746 5434 3933 5506 secant

2378 5492 2478 5550 dus
2495 5492 2603 5549 τῶν
2624 5496 2793 5564 ἁγίων
2817 5492 3076 5565 Πατέρων
3104 5494 3197 5565 καί
3221 5492 3416 5547 πάλαι.
3444 5492 3547 5547 Alii
3575 5492 3689 5546 tres
3719 5500 3934 5565 mss_._It

2383 5568 2435 5621 in
2467 5560 2743 5621 contextu.
2797 5560 2990 5619 Vocem
3022 5563 3280 5634 Πατέρων
3307 5579 3418 5634 non,
3458 5565 3573 5617 sine
3599 5576 3766 5616 causa
3796 5560 3933 5634 dele-

2388 5648 2496 5689 tam
2525 5651 2644 5690 esse
2674 5637 2798 5691 hinc
2827 5635 3018 5703 conjici
3054 5631 3250 5701 potest.
3285 5633 3425 5703 quod
3472 5648 3578 5686 non
3636 5631 3934 5701 reperiatur

2389 5720 2561 5773 neque
2591 5708 2641 5759 in
2669 5720 2829 5773 opere
2854 5704 3100 5761 Eunomii
3136 5704 3276 5774 quod
3310 5716 3471 5772 penes
3498 5715 3600 5757 nos
3624 5713 3734 5768 εει,
3766 5714 3934 5767 neque

2395 5776 2530 5844 apud
2563 5774 2886 5830 Fabricium.
