4058 6320
147 376 260 429 613

1233 375 1599 430 ADVERSUS
1636 374 1994 431 El‘NOMlUM
2037 375 2164 430 LIB.
2207 376 2269 429 ll.

3270 379 3372 429 σιι

152 491 515 562 ραδεδώκασι,
546 493 638 544 καὶ
673 495 832 561 ἡμεῖς
866 494 921 544 ὲν
982 496 1085 555 ταῖς
1139 495 1385 555 παλαιοῖς
1420 493 1524 546 τῶν
1572 494 1712 545 ἀντι-

1823 494 1950 546 servi
1981 491 2181 546 Christi
2216 492 2499 561 participes
2535 501 2660 544 sunt
2695 492 3052 560 appellatione
3087 491 3250 545 Deum
3286 510 3372 546 no-

145 581 386 652 γράφων
409 582 736 651 εὑρήκαμεν.
795 583 852 634 '0
878 584 932 635 δὲ
963 583 1082 634 οὑδὲ
1108 578 1175 652 ἦς
1204 583 1315 653 (58)
1344 587 1392 638 οἱ
1425 584 1596 636 δοῦλοι
1619 582 1710 634 τοῦ

149 671 394 742 Χριστοῦ
419 674 782 744 προσηγορίας
815 673 1148 743 μετέχουσιν,
1177 674 1295 726 οὑδὲ
1325 676 1523 744 ταύτης
1553 673 1716 738 ἀξιῶ-

151 780 246 814 σαι
319 762 410 815 τὸν
457 763 586 815 Θεὸν
652 763 801 834 ἡμῶν
845 762 1128 832 ἠνέσχετο,
1178 764 1310 816 ἀλλὰ
1367 765 1454 818 τὸν
1510 766 1573 817 ὲκ
1623 764 1713 818 τοῦ

151 855 235 924 μὴ
267 855 416 916 ὄντος
447 855 524 915 είς
568 853 626 906 τὸ
670 851 805 906 εἶναι
847 857 1232 925 παραγαγόντα
1261 856 1359 924 τὴν
1403 857 1598 918 κτίσιν,
1645 855 1716 924 μὴ

1820 591 1991 636 strum
2025 581 2184 634 voluit
2214 582 2570 634 cohonestare
2608 599 2618 632 :
2659 581 2750 633 sed
2780 595 2925 646 eum,
2965 583 3053 650 qui
3089 595 3154 634 ex
3207 581 3374 635 nihilo

1821 674 1887 725 ad
1915 689 2023 725 esse
2051 681 2327 726 creaturas
2355 672 2626 740 produxit,
2675 686 2776 722 non
2814 672 3160 726 exsistentem
3196 673 3378 740 appel-

1823 761 1970 815 lavit.
2004 762 2108 815 Sed
2136 763 2313 828 quit‘is
2347 763 2470 814 inde
2496 762 2665 829 magis
2693 762 2938 815 didicerit
2982 762 3100 828 ejus
3135 772 3378 816 contem-

1827 863 2000 920 ptum,
2034 851 2173 904 unde
2206 854 2458 904 decorare
2492 865 2550 904 se
2590 850 2870 904 Dominum
2909 853 3147 906 simulat.

148 945 284 998 εντα
325 949 599 1016 προσεῖπε.
663 946 826 998 Π.λέον
889 947 932 1000 δ’
982 949 1046 1000 ἂν
1109 965 1191 1010 τις
1247 947 1408 1001 αὑτοῦ
1453 949 1548 1018 τὴν
1611 946 2010 1016 καταφρόνησιν
2062 945 2396 1014 καταμάθοι,
2451 945 2510 1010 ἐξ
2544 939 2616 998 ὧν
2655 948 3027 1019 προσποιεῖται
3059 946 3213 1018 δῆθεν
3240 949 3376 1001 ἀπο-ο

151 1040 440 1108 σεμνύνειν
486 1041 573 1092 τὸν
605 1040 802 1110 Κύριον
833 1042 960 1109 (59).

231 1132 389 1185 ΕΥΝ.
432 1131 504 1183 Οὑ
550 1134 976 1202 κοινοποιοῦμεν,
1034 1135 1198 1204 φησι,
1242 1135 1333 1187 τοῦ
1381 1134 1715 1202 Μονογενοῦς

147 1225 256 1293 τὴν
288 1223 470 1275 οὐσίαν
511 1223 645 1293 πρὸς
672 1224 738 1276 τὰ
769 1225 831 1275 ἐκ
876 1225 948 1295 μὴ
972 1226 1135 1278 ὄντων
1168 1226 1451 1297 γενόμενα,
1489 1227 1713 1297 ἐπείπερ

147 1317 258 1368 οὐκ
286 1315 440 1367 οὐσία
464 1315 525 1366 τὸ
577 1316 649 1385 μὴ
695 1315 753 1368 ὅν
778 1333 790 1346 ’
827 1316 962 1369 ἀλλὰ
1009 1317 1274 1384 τοσαύτην
1305 1316 1450 1385 αὐτῷ
1481 1317 1712 1386 νέμομεν

146 1409 255 1477 τὴν
285 1407 574 1476 ὑπεροχὴν,
603 1408 731 1476 ὅσην
765 1407 908 1478 ἔχειν
938 1409 1228 1475 ἀναγκαῖον
1253 1408 1360 1460 τῶν
1396 1408 1540 1460 ίδίων
1565 1425 1719 1478 ποιη-

150 1496 347 1564 μάτων
380 1496 468 1547 τὸν
494 1497 743 1565 ποιητήν.

229 1586 377 1637 ΒΑΣ.
411 1584 509 1638 Διά
554 1586 662 1637 τῶν
707 1583 1058 1637 κατασκευῶν
1111 1587 1188 1647 είς
1220 1583 1374 1636 τοῦτο
1421 1585 1510 1637 τὸν
1567 1583 1718 1651 λόγον

147 1676 517 1747 προαγαγὼν,
579 1675 657 1744 τῷ
714 1677 913 1745 ῥήματι
967 1675 1124 1744 δῆθεν
1200 1675 1717 1745 φιλανθρωπεύεται,

1896 1125 2027 1179 Eun.
2055 1124 2416 1178 Substantiam
2465 1123 2753 1192 Unigeniti,
2782 1124 2970 1192 inquit,
3008 1141 3112 1179 non
3147 1127 3374 1182 facimus

1820 1230 2155 1271 communem
2213 1216 2276 1268 iis
2309 1231 2426 1284 qua:
2456 1233 2518 1270 ex
2565 1218 2730 1271 nihilo
2774 1218 2909 1271 facta
2975 1227 3120 1270 sunt.
3162 1218 3374 1274 Etenim

1819 1307 2120 1361 substantia
2177 1322 2279 1362 non
2313 1315 2395 1361 est
2429 1309 2568 1374 quod
2615 1325 2718 1364 non
2772 1320 2858 1363 est
2893 1327 2906 1362 :
2946 1312 3037 1364 sed
3084 1320 3284 1366 tantam
3324 1315 3378 1368 ci.

1818 1399 2186 1467 przesmutiam
2226 1399 2529 1463 tribuimus,
2560 1409 2812 1468 quantam
2855 1415 3074 1456 necesse
3106 1411 3191 1457 est
3215 1418 3374 1458 crea-

1817 1495 1985 1538 turum
2023 1501 2130 1553 pne
2161 1487 2273 1540 suis
2302 1488 2469 1554 ipsius
2498 1488 2757 1542 creaturis
2803 1489 3024 1545 habere.

1894 1576 2016 1630 Bas.
2047 1576 2401 1646 Posteaquam
2431 1581 2762 1648 argumentis
2803 1583 2914 1635 suis
2943 1583 3058 1637 huc-
3079 1585 3376 1638 orationem

1823 1667 2062 1728 deduxit,
2093 1668 2374 1721 humanior
2408 1669 2599 1731 factus,
2633 1673 2794 1725 verbo
2816 1672 3038 1738 scilicet,
3068 1675 3140 1728 ait
3163 1689 3220 1729 se
3250 1674 3379 1729 Uni-

147 1760 252 1812 καί
288 1777 435 1828 φησι,
474 1758 547 1828 μὴ
587 1760 905 1811 κοινοποιεῖν
939 1759 1073 1829 πρὸς
1106 1759 1173 1811 τὰ
1224 1762 1286 1811 ἐκ
1316 1759 1388 1829 μὴ
1427 1759 1592 1812 όντων
1623 1760 1719 1829 τὴν

1826 1760 1988 1827 geniti
2015 1761 2371 1813 substantiam
2418 1761 2484 1814 iis
2519 1777 2636 1829 quae
2667 1778 2730 1817 ex
2775 1763 2942 1818 nihilo
2974 1774 3117 1828 sunt,
3153 1780 3258 1820 non
3296 1767 3380 1818 fa-

143 1850 342 1904 οὐσίαν
381 1849 470 1902 τοῦ
515 1849 870 1916 Μονογενοῦς.
902 1849 1092 1902 Καίτοι
1141 1853 1186 1902 εἰ
1216 1853 1242 1902 ὁ
1271 1850 1399 1912 Θεὸς
1426 1851 1532 1903 τῶν
1563 1852 1717 1914 ὅλων,

142 1944 241 1997 διὰ
294 1944 356 1995 τὸ
396 1943 685 2014 ἀγέννητος
736 1940 906 2008 εἶναι,
944 1946 1244 2013 ἀναγκαίαν
1300 1945 1412 2014 ἔχει
1460 1945 1557 2014 τὴν
1587 1945 1722 2013 πρὸς

144 2035 224 2087 τὰ
279 2034 507 2105 γεννητὰ
543 2035 914 2105 παραλλαγὴν,
955 2035 1023 2089 τὰ
1067 2038 1123 2090 δὲ
1171 2037 1410 2106 γεννητὰ
1434 2037 1724 2107 σύμπαντα

147 2125 339 2195 κοινὴν
387 2124 499 2195 ἔχει
560 2126 656 2196 τὴν
707 2129 770 2178 ἐκ
819 2126 891 2196 μὴ
919 2127 1084 2180 ὄντων
1122 2128 1229 2198 (40)
1270 2128 1581 2189 ὑπόστασιν,
1608 2128 1722 2190 πῶς

145 2218 276 2285 ηὑχὶ
320 2216 624 2284 ἀναγκαίως
666 2217 838 2271 ταῦτα
879 2218 1018 2270 κατὰ
1046 2219 1142 2289 τὴν
1170 2220 1327 2288 φύσιν
1356 2219 1679 2272 συνάπτεται
1706 2235 1719 2281 ;

156 2308 254 2369 Ὠς
284 2309 392 2379 γὰρ
433 2311 548 2361 ἐκεῖ
574 2309 636 2361 τὸ
669 2310 960 2378 ἀπρόσιτον
993 2311 1099 2380 (Η)
1124 2310 1353 2379 διίστησι
1380 2311 1478 2374 τὰς
1512 2310 1719 2379 φύσεις,

143 2396 329 2460 οὕτως
354 2399 582 2451 ἐνταῦθα
601 2398 660 2450 τὸ
684 2402 942 2468 ὁμότιμον
965 2402 1044 2462 εἰς
1068 2402 1260 2452 ταυτ“.ν
1311 2400 1559 2472 ἀλλήλοις
1606 2419 1723 2453 συν-

149 2493 305 2558 άγει.
352 2492 444 2543 Ἐκ
481 2491 554 2559 μὴ
594 2490 758 2542 ὄντων
781 2491 836 2542 δὲ
865 2491 1112 2558 λέγοντες
1155 2493 1244 2546 τὸν
1271 2494 1394 2546 Υίὸν
1419 2494 1602 2548 καὶτὰ
1635 2497 1722 2548 ὑπ’

144 2582 321 2634 α.)τοῦ
375 2580 666 2649 γενόμενα,
719 2582 812 2635 καὶ
865 2585 1289 2648 κοινοποιοῦντες
1351 2585 1530 2639 αὑτῶν
1587 2587 1725 2640 κατὰ

143 2672 446 2743 τοῦτο’τὴν
488 2674 674 2742 φύσιν,
709 2674 768 2728 οὗ
799 2693 960 2743 φασιν
989 2679 1177 2748 ὁμοίαν
1210 2679 1358 2749 αὐτῷ
1392 2679 1528 2750 πρὸς
1560 2679 1629 2733 τὰ
1661 2682 1724 2732 ἐκ

149 2764 235 2832 μὴ
273 2763 438 2815 όντων
475 2763 669 2817 διδόναι
694 2765 790 2836 τὴν
821 2768 1026 2821 οὐσίαν.
1056 2770 1164 2821 Καὶ
1187 2770 1294 2839 γάρ
1326 2766 1392 2823 αὖ
1425 2771 1516 2823 καὶ
1545 2770 1720 2834 τοῦτο,

146 2854 234 2917 ὡς
267 2853 428 2918 αὐτὸς
459 2856 658 2926 Κύριος
681 2857 774 2921 ὦν,
799 2860 920 2911 ὅσον
959 2859 1202 2929 βούλεται
1233 2861 1489 2932 παρέχειν
1515 2862 1620 2932 (42)
1649 2863 1726 2932 τῷ

146 2946 452 3015 Μονογενεῖ
500 2948 598 3017 τῆς
647 2949 828 3015 ἀξίας,
873 2949 1015 3002 οὕτω
1060 2954 1288 3004 ποιεῖται
1335 2955 1460 3014 τοὺς
1515 2953 1720 3022 λόγους·

146 3037 437 3106 Τοσαύτην
481 3040 589 3109 γὰρ
621 3040 766 3106 αὑτῷ
794 3040 1025 3108 νέμομεν
1045 3082 1059 3106 ,
1105 3041 1270 3110 φησὶ,
1306 3047 1405 3110 τὴν
1434 3043 1722 3114 ὑπεροχὴν,

1827 1865 1950 1903 cere
1983 1865 2342 1904 communem.
2373 1851 2532 1920 Atqui
2561 1853 2604 1906 si
2633 1851 2770 1907 Deus
2808 1854 3204 1922 universorum,
3234 1863 3375 1928 quod

1825 1940 2087 2009 ingenitus
2117 1950 2218 2007 est,
2271 1957 2300 1995 a
2345 1944 2538 2011 genitis
2595 1947 2899 2000 necessario
2931 1948 3143 2016 differt,
3199 1951 3376 2021 genita

1823 2043 1999 2085 autem
2028 2031 2206 2084 omnia
2238 2047 2579 2086 comnnmem
2608 2034 2806 2089 habent
2828 2052 2891 2092 ex
2927 2038 3094 2092 nihilo
3115 2042 3379 2096 exsisten-

1827 2121 1974 2185 tiam,
2028 2135 2202 2175 nonne
2233 2126 2346 2176 haec
2385 2123 2524 2177 inter
2571 2138 2630 2177 se
2677 2135 2865 2180 natura
2910 2130 3216 2184 necessario
3248 2146 3380 2186 con-

1819 2207 2153 2278 iunguntur?
2205 2210 2662 2276 Quemadmodum
2719 2216 2859 2268 enim
2893 2216 3003 2272 illic
3047 2218 3376 2276 inaccessum

1821 2300 2076 2366 quiddam
2136 2300 2366 2371 seiungit
2428 2315 2644 2359 naturas
2698 2325 2710 2358 :
2776 2307 2849 2360 ita
2911 2308 2998 2362 hic
3051 2311 3377 2366 conditionis

1822 2392 2128 2461 aequalitate
2153 2396 2293 2446 inter
2315 2397 2444 2449 sein
2470 2411 2630 2450 unum
2652 2408 2706 2452 et
2741 2399 2877 2453 idem
2908 2401 3250 2471 colliguntur.
3266 2403 3376 2458 Etsi

1825 2485 1968 2537 enim
1997 2484 2188 2538 Filium
2231 2496 2282 2540 et
2305 2502 2367 2542 ea
2402 2503 2520 2557 quae
2552 2490 2619 2542 ab
2641 2491 2752 2558 ipso
2779 2491 2918 2547 facta
2940 2505 3083 2559 sunt,
3117 2496 3298 2551 dicant
3321 2513 3380 2551 se

1824 2590 1888 2629 ex
1922 2577 2104 2641 nihilo,
2130 2593 2424 2648 eorumque
2451 2590 2693 2634 naturam
2727 2585 3020 2638 secundum
3049 2586 3150 2640 hoc
3183 2586 3381 2641 faciant

1827 2683 2188 2732 communem,
2223 2681 2417 2738 negant
2449 2680 2623 2725 tamen
2654 2687 2713 2727 se
2741 2674 2790 2726 ei
2837 2675 3192 2729 substantiam
3225 2677 3381 2731 factis

1825 2773 1889 2812 ex
1928 2760 2094 2812 nihilo
2124 2761 2282 2815 rebus
2308 2763 2538 2816 similem
2573 2765 2829 2819 tribuere.
2864 2765 2997 2821 Nam
3020 2783 3226 2832 rursus,
3258 2778 3378 2822 tan-

1825 2864 1982 2915 quam
2024 2851 2067 2903 si
2105 2851 2217 2918 ipse
2254 2852 2509 2906 Dominus
2530 2854 2624 2916 sit,
2653 2864 2712 2907 ut
2738 2865 2995 2922 quantum
3032 2859 3146 2912 vult
3192 2859 3381 2926 imper-

1828 2941 1924 2993 tiat
1950 2942 2226 3010 dignitatis
2269 2943 2572 3014 Unigenito,
2603 2945 2683 3001 sic
2711 2947 2984 3017 loquitur:
3023 2948 3274 3014 Tantam,
3299 2951 3382 3004 in-

1825 3035 1962 3104 quit,
1992 3036 2278 3090 tribuimus
2311 3037 2358 3092 ei
2386 3038 2776 3103 excellentiam,
2803 3051 3005 3109 quanta
3047 3056 3279 3114 necesse
3293 3057 3381 3097 est

144 3130 277 3180 ὅσον
307 3130 590 3199 ὑπερέχειν
616 3132 907 3200 ἀναγκαῖον
947 3135 1053 3186 τῶν
1103 3135 1247 3189 ἰδίων
1293 3137 1611 3208 ποιημάτων
1635 3139 1719 3190 τὸν

1832 3139 2136 3181 creatorem
2165 3129 2412 3197 proprias
2444 3142 2718 3184 creaturas
2745 3147 3018 3199 superare.
3052 3131 3166 3187 Non
3205 3135 3377 3188 dixit:

146 3221 404 3289 ποιητήν.
448 3221 557 3272 Οὑκ
580 3216 729 3284 εἷπε,
763 3225 1178 3296 Κατειλήφαμεν
1204 3227 1235 3297 ἢ
1265 3227 1556 3298 δοξάζομεν
1587 3227 1717 3298 (45),

147 3314 232 3372 ὡς
266 3312 361 3363 ἐπὶ
401 3310 533 3364 Θεοῦ
578 3314 848 3384 προσῆκον
884 3312 950 3382 ἦν
974 3334 986 3346 ·
1020 3317 1188 3382 ἀλλὰ,
1221 3318 1494 3388 Νέμομεν,
1526 3319 1598 3381 ὡς
1626 3322 1720 3371 αὑ-

145 3404 247 3465 τὸς
275 3403 368 3456 τοῦ
402 3406 594 3476 μέτρου
623 3409 719 3477 τῆς
740 3409 999 3478 διανομῆς
1021 3411 1324 3482 κατάρχων.
1352 3412 1528 3482 Πόσην
1552 3412 1608 3465 δὲ
1633 3414 1722 3466 καὶ

146 3496 339 3548 δίδωσι
375 3498 468 3566 τὴν
507 3499 807 3570 ὑπεροχήν;
844 3503 1004 3555 Ὅσον
1033 3503 1315 3573 ὑπερέχειν
1359 3505 1502 3574 (44),
1540 3507 1720 3576 φησὶν,

147 3590 452 3652 ἀναγκαῖον
475 3590 582 3640 τῶν
619 3591 760 3644 ἰδίων
795 3595 1110 3670 ποιημάτων
1144 3594 1232 3646 τὸν
1271 3599 1517 3664 ποιητήν.
1561 3595 1723 3648 Οὔπω

147 3680 316 3732 τοῦτο
350 3681 443 3748 τῆς
473 3679 611 3733 κατὰ
643 3681 741 3750 τὴν
771 3684 956 3736 οὐσίαν
987 3686 1246 3756 διαφορᾶς
1286 3687 1386 3756 τὴν
1421 3688 1722 3757 μαρτυρίαν

150 3773 292 3843 εχει.
329 3772 635 3842 ’Ἄνθρωποι
669 3774 775 3843 γὰρ
805 3775 966 3847 τέχνῃ
1003 3779 1099 3845 μὲν
1139 3778 1460 3850 ὑπερέχουσι
1505 3781 1611 3831 τῶν
1645 3783 1722 3832 οἱ-

150 3865 324 3918 κείων
360 3864 555 3935 ἔργων,
588 3864 860 3936 ὁμοοὺσιοι
907 3867 964 3919 δὲ
995 3868 1142 3937 ὅμως
1174 3871 1354 3933 αὑτοῖς
1385 3869 1721 3941 καθεστήκει.

154 3971 247 4006 σιν
267 3971 279 3982 ·
314 3954 387 4017 ὡς
413 3957 440 4006 ὁ
485 3958 758 4026 κεραμεὺς
802 3955 879 4024 τῷ
908 3956 1062 4028 πηλῷ
1082 3998 1096 4020 ,
1125 3960 1216 4011 καὶ
1257 3961 1284 4011 ὁ
1315 3960 1587 4028 ναυπηγὸς
1616 3964 1726 4023 τοῖς

152 4044 355 4110 ξύλοις.
394 4044 629 4117 Σώματα
665 4049 771 4121 γὰρ
811 4048 1009 4118 ὁμοίως
1035 4051 1338 4121 ἀμφότερα,
1375 4049 1468 4103 καὶ
1495 4051 1726 4123 αἰσθητὰ

149 4137 383 4206 ὁμοίιος,
406 4139 497 4190 καὶ
518 4142 698 4209 γήινα.

229 4227 320 4283 20.
363 4230 625 4285 Τοσοῦτον
660 4233 715 4284 δὲ
741 4233 818 4302 τῷ
849 4234 961 4306 Υἱῷ
992 4235 1126 4306 πρὸς
1145 4234 1242 4307 τὴν
1268 4236 1444 4289 κτίσιν
1467 4236 1524 4289 τὸ
1548 4236 1726 4306 διάφο-

157 4338 254 4391 ρον
287 4324 602 4396 συγχωρῶν,
644 4324 742 4395 ⁴ἤδη
789 4325 880 4377 κα)⁵
916 4327 1042 4395 περὶ
1081 4326 1250 4399 αὑτὴν
1277 4328 1373 4398 τὴν
1400 4327 1605 4381 ἔννοιαν
1635 4328 1724 4382 τοῦ

153 4413 497 4479 Πονογενοὺς
522 4418 830 4486 κακουργεῖ.

230 4502 392 4555 ΕΥΝ.
431 4507 526 4558 Διὰ
566 4507 722 4558 τοῦτο
767 4507 910 4579 γὰρ,
943 4506 1106 4577 φησὶ,
1146 4509 1484 4580 Μονογενὴς,
1516 4512 1720 4583 ἐπειδὴ,

159 4596 325 4665 μόνος
378 4598 524 4666 παρὰ
567 4598 724 4667 μόνου
753 4602 817 4668 τῇ
863 4598 954 4650 τοῦ
1157 4600 1449 4669 ἁγεννήτου
1501 4601 1724 4672 δυνάμει

155 4687 440 4757 γεννηθεὶς
467 4692 558 4741 καὶ
601 4690 854 4752 κτισθεὶς,
894 4691 1224 4755 τελειότατος
1254 4692 1472 4760 γέγονεν
1513 4695 1728 4765 ὑπουρ-

155 4779 281 4848 γός.

173 4915 272 4950 sus
299 4911 415 4964 cap.
450 4896 537 4950 Π.
591 4896 696 4968 Nec
727 4898 918 4951 mirum
951 4898 995 4950 si
1034 4897 1178 4950 Pauli
1239 4900 1462 4968 epistola
1524 4916 1714 4954 nomen

156 4970 415 5031 Epistula:
476 4969 540 5020 ad
608 4966 868 5034 Ephesius
931 4974 1236 5028 retinuerit.
1275 4966 1407 5023 icunt
1451 4970 1713 5037 Ephesus,

153 5054 281 5106 qua:
317 5040 477 5090 totius
507 5037 644 5088 Astu
679 5039 988 5106 metrupnlis
1015 5049 1119 5099 est,
1147 5053 1300 5091 suum
1325 5042 1371 5094 ei
1400 5055 1590 5093 nomen
1618 5060 1714 5105 pu-

163 5111 274 5162 rius
308 5123 465 5173 quam
497 5109 619 5158 urbs
640 5108 740 5158 alia
777 5111 904 5173 dare
936 5111 1198 5161 debuerit.

233 5172 346 5245 (58)
377 5178 514 5228 Editt
553 5178 610 5229 ὐ
638 5176 714 5240 δὲ,
755 5172 840 5247 ἦς.
877 5181 1095 5247 Antiqui
1137 5193 1229 5231 sex
1262 5177 1380 5230 libri
1420 5180 1476 5231 Ὀ
1518 5181 1576 5232 δὲ
1606 5181 1724 5233 οὐδὲ

153 5245 346 5384 ﬁ,il’ifl)
376 5316 551 5372 Codex
580 5333 715 5369 unus
742 5318 1132 5385 άποσεμνὺνειν
1164 5319 1253 5371 τὸν
1289 5316 1437 5372 Υίόν.

235 5389 346 5459 (30)
378 5391 414 5439 li
438 5391 584 5459 :itidet
617 5404 752 5441 unus
783 5404 882 5441 tns.
925 5390 987 5439 ὲκ
1023 5389 1096 5459 μὴ
1132 5389 1302 5450 ὄντος.
1343 5389 1443 5441 Alii
1489 5393 1722 5459 quinque

157 5474 280 5528 mss
305 5457 380 5528 Αὲκ
413 5458 485 5528 μὴ
517 5457 702 5528 όντων.

235 5525 482 5594 (41)ιιι..;
519 5526 754 5592 Ὠςγάρ,
788 5540 917 5594 etc.,
966 5543 1091 5592 puto
1113 5530 1280 5597 accipi
1326 5528 1402 5580 sic
1455 5530 1652 5582 debere
1698 5549 1712 5583 :

156 5599 618 5663 Quemadmodum
652 5597 806 5649 Pater
831 5610 884 5650 et
919 5611 1179 5651 creatura!
1209 5601 1323 5651 ideo
1349 5605 1538 5650 natura
1576 5603 1718 5653 inter

156 5683 220 5719 se
245 5668 519 5723 «litiernnt,
547 5671 687 5732 quod
716 5666 888 5720 Patris
921 5678 1110 5719 natura
1139 5670 1439 5720 communis
1455 5683 1572 5722 esse
1609 5685 1714 5722 non

157 5739 328 5806 possit
358 5738 625 5789 creaturis
655 5738 794 5793 :ita.
822 5752 884 5790 ex
924 5738 1188 5791 sententia
1234 5738 1712 5799 Eunomianorum,

157 5805 328 5862 Filius
352 5816 405 5861 et
435 5814 700 5859 creaturae
738 5807 854 5862 ideo
894 5818 1084 5861 natura
1118 5809 1258 5861 inter
1288 5823 1344 5862 se
1373 5810 1712 5874 convenient,

1825 3216 2194 3285 Cancipimns,
2241 3230 2330 3274 aut
2371 3221 2676 3289 opinamur,
2725 3223 2864 3279 sicut
2896 3239 2993 3295 par
3035 3226 3243 3281 eratde
3272 3226 3381 3281 Deo

1825 3308 2002 3362 dicere
2033 3328 2045 3362 :
2072 3309 2186 3374 sed,
2228 3310 2555 3377 Trihnimus,
2581 3314 2730 3382 quasi
2763 3331 3012 3370 mensura
3046 3315 3381 3372 distributio-

1824 3400 1907 3450 nis
1935 3414 2097 3467 penes
2119 3401 2289 3467 ipsum
2309 3403 2394 3454 sit.
2420 3401 2682 3467 Quantam
2711 3421 2835 3458 vero
2860 3407 3106 3461 concedit
3124 3416 3382 3477 prmstan-

1826 3489 1990 3544 tiam?
2016 3491 2243 3558 Quanta,
2273 3494 2476 3562 inquit,
2511 3509 2731 3551 necesse
2780 3506 2862 3553 est
2910 3510 3212 3556 creatorem
3253 3516 3379 3570 pro-

1824 3583 1973 3649 prias
2005 3597 2282 3640 creaturas
2314 3588 2657 3643 antecellere.
2681 3588 2924 3645 Nondum
2957 3592 3060 3648 hoc
3089 3594 3377 3647 diversita-

1826 3682 1932 3727 tem
1956 3676 2270 3731 substantize
2293 3677 2556 3735 declarat.
2580 3679 2830 3735 Homines
2852 3685 2995 3736 enim
3027 3693 3144 3737 arte
3164 3683 3379 3753 quidem

1824 3777 2084 3833 superant
2118 3785 2212 3824 sua
2245 3771 2478 3837 ipsorum
2505 3787 2686 3841 opera,
2708 3782 2761 3827 et
2789 3782 2962 3827 tamen
2991 3773 3234 3828 eamdem
3258 3788 3378 3827 cum

1825 3857 1903 3912 eis
1929 3857 2125 3913 habent
2156 3861 2540 3923 substantiam,
2573 3872 2629 3917 ut
2660 3862 2848 3932 ﬁgulus
2888 3879 3008 3918 cum
3038 3864 3173 3928 luto,
3206 3877 3262 3918 ut
3287 3880 3380 3917 na-

1828 3951 1907 4002 vis
1938 3949 2230 4006 fabricator
2249 3967 2370 4006 cum
2404 3952 2582 4021 lignis.
2618 3951 2855 4023 Utraque
2895 3955 3037 4008 enim
3078 3965 3198 4010 sum
3231 3957 3380 4008 simi-

1829 4038 1950 4095 liter
1981 4058 2232 4113 corpora,
2259 4044 2534 4100 sensibilia
2566 4045 2768 4113 pariter
2793 4054 2846 4098 et
2874 4053 3109 4098 terrena.

1897 4243 1986 4298 20.
2012 4244 2295 4312 Postquam
2333 4256 2509 4297 autem
2547 4243 2682 4299 Filio
2711 4245 2983 4300 concessit
3011 4246 3379 4301 diversitatem

1829 4344 2029 4387 tantam
2066 4351 2094 4387 a
2133 4333 2420 4395 creaturis,
2463 4334 2574 4402 jam
2610 4345 2668 4390 et
2701 4337 2750 4389 in
2781 4337 2948 4405 ipsam
2985 4334 3254 4404 Unigenitl
3285 4353 3383 4394 no-

1833 4427 2026 4480 tionem
2058 4425 2288 4496 maligne
2315 4427 2445 4496 agit.

1901 4516 2032 4570 Eua.
2070 4514 2204 4571 Nam
2246 4518 2467 4582 idcirco,
2504 4518 2700 4586 inquit,
2732 4519 3053 4590 Unigenitus
3086 4531 3201 4585 est,
3246 4535 3382 4593 quo-

1833 4607 1972 4659 niam
2000 4607 2146 4663 solns
2175 4623 2203 4660 a
2237 4608 2349 4664 solo
2371 4611 2607 4676 potentia
2649 4611 2868 4679 ingeniti
2893 4613 3108 4680 genitus
3139 4624 3192 4667 et
3219 4628 3375 4668 crea-

1833 4709 1939 4762 tus,
1965 4699 2388 4767 perfectissimus
2416 4701 2588 4756 factus
2615 4713 2697 4757 est
2731 4703 2995 4758 minister.

1826 4906 1966 4971 quod
2003 4906 2238 4974 ejusdem
2268 4907 2591 4960 conditionis
2614 4907 2902 4972 participes
2928 4907 3056 4963 sint.
3103 4907 3224 4964 Mox
3255 4912 3384 4965 editi

1827 4987 1878 5027 et
1905 4986 2014 5028 tres
2057 4991 2185 5028 mss.
2227 4985 2469 5050 recentes
2498 4976 2745 5050 άᾉλήᾉοις
2795 4977 3076 5032 συνάπτει.
3111 4980 3217 5034 Alii
3253 4998 3358 5050 qua

1832 5056 2109 5116 tunrAntss.
2138 5047 2468 5112 antiquiores
2500 5047 2746 5116 ἀλλήλοις
2779 5050 3019 5116 συνάγει.

1899 5113 2006 5187 (42)
2037 5113 2146 5178 Reg
2232 5126 2450 5187 quartus
2497 5113 2742 5187 παρέχει.
2787 5119 2887 5170 Alii
2915 5113 3045 5173 mss.
3079 5134 3199 5172 cum
3225 5120 3388 5172 editis

1827 5184 2106 5254 παρεχειν,
2142 5194 2308 5254 recte.
2365 5184 2712 5241 Consii-nt-iio
2760 5189 2901 5240 enim
2953 5190 3238 5241 verborum
3275 5190 3384 5240 lltl't'.

1823 5271 1943 5328 esse
1974 5251 2134 5328 [tenet
2167 5273 2180 5305 :
2206 5251 2515 5328 6)v_l§dptog
2540 5256 2818 5327 παρέχειν,
2844 5271 2960 5328 seu,
2991 5257 3085 5309 τοῦ
3123 5257 3384 5328 παρέχειν

1821 5324 1941 5394 ὅσον
1973 5322 2310 5394 βοιξλεταιτῷ
2338 5322 2648 5393 Μὸνογενεῗ,
2677 5322 2826 5394 quasi
2866 5327 2934 5380 sit
2977 5322 3229 5380 Dominus
3269 5322 3383 5380 "tri-

1822 5393 2006 5464 buendt
2040 5392 2545 5464 Unigeuitoimntuin
2573 5392 2866 5464 dignitatis,
2903 5411 3152 5463 quantum
3181 5396 3308 5449 uult.

1895 5463 2233 5535 (45)_\’erte:
2277 5463 2400 5516 Non
2430 5466 2588 5530 dixit,
2619 5463 2936 5525 concipimus
2976 5477 3066 5520 aut
3114 5468 3381 5535 gloriﬁca-

1818 5549 1949 5584 mus.
1989 5531 2193 5585 MARAN.

1819 5671 1841 5686 η
1888 5602 1997 5672 (44)
2034 5602 2166 5655 Edui
2204 5604 2334 5672 ὅσην
2364 5604 2666 5675 ὑπερέχειν.
2705 5606 2925 5676 Antiqui
2967 5616 3201 5674 quatuor
3259 5607 3377 5659 libri

1815 5689 1956 5725 οσον.

1889 5742 2003 5818 (45)
2046 5741 2498 5818 Regiisecundns
2552 5757 2602 5799 et
2660 5747 2848 5801 tertius
2882 5745 3071 5818 ἐπειδὴ
3119 5745 3287 5818 μόνος
3312 5748 3381 5817 τῇ

1816 5811 1952 5864 τοῦ;
1996 5829 2154 5878 quam
2203 5814 2486 5867 lectionem
2525 5827 2741 5873 secutus
2785 5818 2952 5872 fuisse
3005 5811 3212 5871 vniieiur
3247 5811 3380 5869 Tra'o'
