4088 6318
159 366 269 420 G‘2l

1267 375 1642 430 ADVEllSL'S
1684 375 2051 432 EUNOMIUM
2094 377 2218 431 ΗΒ.
2263 376 2323 431 ll.

3311 378 3417 434 629.

157 492 536 560 γεννήσαντα,
591 494 683 546 κα).
739 493 864 544 Υίὸν
920 492 994 563 μὴ
1042 496 1367 566 γεννηθέντα
1433 500 1740 568 κηρύσσων.

1854 500 2024 553 Patris
2061 516 2191 553 voce
2221 506 2564 555 enascentem
2602 497 2821 565 fugiam.
2878 498 3075 552 Verum
3129 499 3416 564 oportebat

173 578 346 632 Ἀλλὰ
377 581 544 634 ταῦτα
585 583 728 648 λέγω
762 582 905 650 (67),
947 585 1097 651 φησι,
1133 586 1228 655 τὴν
1269 587 1361 639 τοῦ
1411 589 1614 652 πάθους
1658 590 1744 640 ἓν-

156 686 320 750 νοιαν
355 674 452 745 τὴν
494 676 556 726 ὲκ
599 675 696 742 τῆς
752 673 845 725 τοῦ
889 675 1098 747 Πατρὸς
1153 679 1335 746 φωνῆς
1393 681 1744 750 ὲγγινομένην

155 749 453 818 ἐκκλίνων.
492 764 688 836 Ἐχρῆν
736 764 791 818 δὲ
838 765 1007 837 δήπου
1055 769 1146 820 τόν
1191 787 1252 836 γε
1289 771 1533 822 εὐσεῦεῖν
1576 749 1742 838 ἐγνω-

155 855 338 915 κότα,
380 857 438 907 τὸ
490 856 827 925 ἁπεμφαῖνον
873 859 971 927 τῆς
1022 861 1079 910 ὲν
1121 862 1230 921 τοῖς
1280 861 1484 928 ῥήμασι
1541 861 1746 923 τούτοις

150 944 429 1004 διανοίας,
459 943 587 995 εἴτι
628 946 733 1016 ἄρα
771 948 863 999 καὶ
911 950 1199 1018 ἐνυπῆρχε,
1241 951 1740 1019 παραιτησάμενον,

156 1037 246 1103 μὴ
284 1036 461 1085 πᾶσαν
504 1034 713 1104 ἁθρόως
745 1038 841 1107 τὴν
875 1038 1056 1106 φωνὴν
1085 1038 1313 1102 ἀθετεῖν,
1350 1041 1484 1109 μηδὲ
1515 1045 1580 1110 τῇ
1614 1059 1745 1112 προσ

154 1126 335 1192 φάσει
363 1126 456 1177 τοῦ
486 1128 762 1196 ἀπρεποῦς
805 1131 899 1181 καὶ
930 1131 990 1180 τὸ
1036 1130 1157 1182 ὅσον
1196 1133 1290 1184 ἀπ’
1336 1133 1504 1202 αὐτῆς
1552 1138 1743 1204 χρήσι-

159 1233 272 1282 μον
315 1218 720 1271 συνεκὸάλλειν·
756 1220 869 1271 ἁλλ⁸
903 1220 1010 1271 ἀπὸ
1055 1222 1151 1290 μὲν
1188 1222 1294 1272 τῶν
1338 1224 1605 1275 ταπεινῶν
1653 1227 1744 1277 καὶ

159 1308 449 1377 σαρκικῶν
478 1312 758 1380 νοημάτων
795 1318 852 1361 εν
885 1314 995 1373 τοῖς
1037 1315 1160 1383 περὶ
1193 1314 1326 1366 Θεοῦ
1365 1316 1595 1384 δόγμασι
1643 1334 1746 1370 κα·-

161 1401 458 1471 θαρεύειν,
499 1405 750 1474 γέννησιν
779 1404 833 1455 δὲ
880 1407 944 1474 τῇ
975 1407 1250 1477 ἁγιωσύνῃ
1281 1407 1374 1460 καὶ
1415 1412 1478 1478 τῇ
1517 1410 1742 1480 ἀποθεία

156 1495 267 1546 ’τοῦ
308 1495 441 1549 Θεοῦ
483 1499 798 1567 πρέπουσαν
826 1499 1056 1551 ὲννοεῖνο
1095 1501 1182 1552 τὸν
1230 1502 1325 1570 μὲν
1359 1502 1577 1573 τρόπον,
1623 1504 1740 1555 καθ’

156 1591 230 1641 ὃν
278 1591 564 1658 ἐγέννησεν
595 1593 622 1642 6
659 1589 808 1653 Θεὸς,
849 1591 924 1653 ὡς
956 1591 1191 1666 ἄρρητον
1243 1593 1334 1644 καὶ
1387 1593 1741 1664 ἀπερινόητον

122 1735 135 1748 ,
158 1683 423 1752 ἀφιέντα,
455 1682 588 1752 πρὸς
613 1680 668 1732 δὲ
702 1681 796 1750 τὴν
828 1683 944 1734 κατ’
988 1683 1176 1734 οὐσίαν
1215 1684 1506 1752 ὁμοιότητα
1537 1686 1600 1736 ἐκ
1645 1686 1741 1752 τῆς

156 1774 265 1826 τοῦ
311 1775 502 1842 γεννᾷν
538 1772 905 1843 προσηγορίας
928 1775 1304 1844 ὸδηγούμενον.
1347 1775 1601 1844 Καίτοιγε
1641 1793 1742 1843 φα-

158 1866 327 1936 νερὸν
360 1867 732 1936 σκοπουμένῳ,
760 1868 840 1919 ὅτι
876 1868 934 1918 οὑ
969 1869 1292 1934 σωματικῶν
1321 1868 1510 1921 παθῶν
1541 1867 1744 1934 κυρίως
1779 1873 1817 1925 Β
1848 1875 1958 1928 lere

160 1959 268 2010 καὶ
309 1958 536 2028 πρώτως
571 1958 776 2012 ἔννοιαν
816 1961 1061 2029 ἐμποιεῖν
1099 1962 1253 2014 ταυτὶ
1292 1959 1499 2027 πέφυκε
1536 1959 1600 2012 τὰ
1631 1960 1741 2012 6V6-

164 2066 344 2119 ματα,
372 2052 400 2103 6
430 2049 628 2121 πατὴρ,
673 2051 834 2118 λέγω,
875 2051 967 2104 κα).
1008 2053 1034 2103 ὁ
1063 2053 1175 2114 υἱός
1197 2071 1208 2082 ·
1245 2052 1380 2104 ἀλλὰ
1429 2053 1548 2104 καθ’
1577 2054 1743 2106 ἑαυτὰ

165 2143 276 2211 μὲν
319 2142 603 2213 λεγόμενα,
647 2143 747 2213 τὴν
801 2145 935 2214 πρὸς
982 2144 1186 2214 ἄλληλα
1250 2144 1432 2213 σχέσιν
1475 2145 1742 2199 ἐνδείκνυ-

159 2252 262 2286 ται
307 2236 416 2304 (68)
453 2237 637 2307 μόνην.
688 2237 874 2306 Πατὴρ
918 2237 1012 2306 μὲν
1047 2238 1153 2307 γάρ
1200 2240 1346 2290 ἐστιν
1379 2241 1405 2291 ὁ
1445 2239 1615 2310 ἑτέρῳ
1653 2239 1744 2292 τοῦ

1853 605 1974 641 cum
2003 589 2094 658 qui
2128 591 2210 656 pie
2256 605 2417 658 agere
2447 589 2748 649 statuisset,
2779 589 3038 641 absonum
3077 588 3268 641 horum
3303 604 3420 640 vcr-

1855 681 2043 732 borum
2079 693 2314 744 sensum,
2344 681 2387 734 si
2421 680 2512 750 qui
2550 689 2725 732 tamen
2763 681 2950 741 inerat,
2981 681 3286 746 adversari,
3312 687 3417 732 nm:

1856 779 2020 825 totam
2083 772 2243 825 simul
2298 789 2482 828 vocem
2556 773 2885 840 reprohare;
2944 787 3116 841 neque
3178 770 3415 826 indecori

1854 863 2098 928 obtentu,
2127 864 2386 933 quidquid
2418 868 2486 918 ab
2517 881 2578 918 ea
2610 865 2818 917 accedit
2866 865 3135 928 utilitatis,
3169 865 3220 917 id
3256 859 3418 917 simul

1856 956 2078 1022 rcjicere
2121 975 2134 1009 :
2171 957 2265 1010 sed
2307 967 2363 1009 ut
2401 959 2468 1010 ab
2526 956 2822 1010 humilibus
2863 957 3275 1024 carualibusque
3325 969 3416 1007 co-

1853 1047 2198 1116 gitationibus
2241 1048 2292 1100 in
2339 1049 2538 1102 divinis
2596 1047 2861 1117 dogmatis
2905 1061 3096 1115 purum
3144 1062 3294 1109 esse,
3341 1046 3415 1099 ita

1857 1141 2258 1206 generationem
2295 1141 2562 1194 sanctitati
2603 1151 2765 1208 atque
2811 1139 3039 1206 aput/tice
3089 1139 3176 1190 θεῖ
3222 1152 3417 1190 come-

1851 1235 2085 1287 trientem
2140 1232 2472 1300 intelligere:
2507 1233 2638 1284 adeo
2691 1240 2747 1283 ut
2785 1231 3002 1281 modum
3057 1226 3272 1295 quidem
3311 1242 3416 1294 quo

1855 1324 1990 1376 Deus
2033 1327 2236 1390 genuit,
2281 1335 2534 1390 tanquam
2567 1326 2653 1390 qui
2695 1322 2984 1376 incll‘abilis
3015 1336 3076 1373 ac
3110 1321 3418 1388 incompre-

1854 1416 2131 1470 hensibilis
2166 1417 2256 1478 sit,
2307 1416 2780 1484 praetermitteret,
2828 1415 2894 1467 ad
2939 1411 3256 1467 substantia:
3288 1424 3416 1463 veto

1851 1508 2250 1561 similitudinem
2299 1522 2396 1576 per
2445 1508 2733 1576 generandi
2788 1505 3198 1574 appellationem
3247 1501 3414 1556 dedu-

1852 1610 2086 1652 ceretur.
2115 1598 2431 1667 Quanquam
2465 1598 2809 1666 perspicuum
2841 1607 2923 1652 est
2963 1594 3253 1665 reputanti,
3300 1595 3415 1647 hac

1852 1693 2102 1755 nomina,
2161 1705 2311 1761 pater
2356 1703 2410 1747 et
2448 1691 2609 1753 lilius,
2655 1693 3011 1759 corporalium
3068 1689 3414 1744 :dlectionum

1850 1784 2229 1852 cogitationem
2292 1785 2504 1854 proprie
2549 1799 2610 1838 ac
2647 1783 2904 1852 primario
2950 1797 3137 1851 parere
3171 1796 3275 1836 non
3325 1797 3414 1835 so-

1999 1892 2010 1926 :
2050 1879 2142 1929 sed
2178 1892 2298 1930 cum
2347 1893 2441 1945 per
2487 1892 2546 1930 se
2590 1877 2703 1930 sola
2740 1876 3015 1938 dicuntur,
3057 1876 3226 1928 solum
3263 1873 3407 1927 habi-

1853 1976 1963 2019 tum
2000 1979 2238 2020 mututtm
2275 1969 2535 2021 indicare.
2589 1965 2748 2018 l’ater
2781 1965 2923 2017 enim
2955 1971 3066 2027 est,
3115 1963 3204 2032 qui
3261 1961 3411 2016 alteri

1850 2060 2147 2114 exsistendi
2207 2060 2531 2128 principium
2580 2057 2876 2112 secundum
2928 2058 3158 2110 similem
3207 2056 3412 2124 sibiipsi

1858 2161 2105 2204 naturam
2137 2151 2368 2204 contulit
2396 2168 2408 2202 :
2437 2148 2576 2203 ﬁlius
2605 2164 2751 2213 vero,
2783 2149 2871 2215 qui
2897 2163 2956 2200 cx
2991 2149 3093 2201 alio
3125 2162 3222 2216 per
3250 2162 3412 2215 gem-,-

1855 2242 2115 2295 rationem
2152 2241 2473 2310 priucipimn
2505 2253 2559 2292 ut
2590 2240 2660 2294 sit
2697 2241 2902 2295 habuit.

161 2328 312 2385 εἶναι
344 2333 480 2385 κατὰ
508 2332 604 2402 τὴν
637 2333 826 2402 ὁμοίαν
874 2333 1050 2403 ἐαυτῷ
1081 2334 1240 2401 φύσιν
1290 2335 1386 2406 τὴν
1429 2334 1601 2406 ἀρχὴν
1670 2337 1994 2408 παρασχών·
2030 2337 2141 2399 υίὸς
2173 2337 2229 2390 δὲ
2291 2339 2318 2390 6
2381 2335 2439 2403 ἐξ
2505 2335 2689 2406 ἑτέρου
2717 2336 2986 2406 γεννητῶς
3011 2335 3104 2387 τοῦ
3144 2329 3278 2390 εἶναι
3319 2336 3412 2404 τῆν

160 2425 347 2496 ἀρχὴν
380 2427 646 2496 ἐσχηκώς.

243 2517 333 2570 25.
379 2519 546 2570 Ὅταν
583 2519 680 2587 μὲν
709 2514 799 2570 οὖν
828 2516 1168 2589 ἀκούσωμεν,
1198 2521 1279 2573 ὅτι
1320 2520 1602 2591 ἄνθρωπος
1639 2520 1749 2590 (69)

163 2609 374 2680 πατὴρ,
417 2610 534 2661 τότε
575 2612 666 2662 καὶ
705 2612 802 2663 τὴν
841 2611 933 2664 τοῦ
970 2612 1173 2675 πάθους
1207 2613 1414 2666 ἔννοιαν
1461 2614 1746 2685 προσλαμ-

164 2703 410 2770 ϐάνομεν
429 2719 440 2731 ·
475 2703 600 2756 ὅταν
631 2703 716 2766 δὲ,
747 2704 828 2756 ὅτι
864 2706 891 2755 6
923 2703 1054 2767 Θεὸς
1094 2706 1301 2776 Πατὴρ,
1329 2707 1422 2758 ἐπὶ
1444 2708 1540 2775 τὴν
1563 2707 1748 2775 ἀπαθῆ

165 2793 356 2844 αἰτίαν
389 2796 500 2855 τοῖς
551 2793 830 2864 λογισμοῖς
881 2796 1271 2866 ἁνατρέχομεν.
1310 2797 1366 2848 Ὀ
1395 2796 1474 2858 δὲ,
1509 2797 1603 2848 ἐπὶ
1651 2797 1749 2866 τῆς

166 2883 454 2952 ἐμπαθοῦς
481 2885 691 2952 φύσεως
719 2889 782 2955 τῇ
818 2886 1158 2957 προσηγορίᾳ
1189 2885 1360 2959 ταύτῃ
1392 2885 1742 2948 συνεθισθεὶς,

167 2975 238 3026 τὸ
286 2975 425 3043 ὑπὲρ
479 2975 576 3046 τὴν
613 2976 914 3044 κατάληψιν
967 2977 1072 3029 τῶν
1125 2977 1312 3030 ἑαυτοῦ
1366 2977 1639 3048 λογισμῶν
1672 2975 1746 3040 ὡς

1918 2519 2008 2572 23.
2033 2519 2234 2586 Itaque,
2267 2533 2388 2571 cum
2421 2518 2692 2579 audimus,
2725 2517 2993 2570 hominem
3026 2527 3232 2583 patrem
3264 2533 3406 2581 esse,

1851 2623 1976 2665 tunc
2010 2611 2199 2663 incidit
2247 2610 2406 2664 nobis
2433 2608 2654 2662 all'ectus
2687 2610 2942 2677 cogitatio
2970 2628 2982 2663 :
3025 2617 3080 2660 at
3127 2624 3255 2663 vero
3282 2625 3401 2662 cum

1852 2698 2016 2754 Deum
2047 2699 2278 2762 Patrem,
2308 2709 2417 2753 tum
2446 2701 2511 2753 ad
2543 2701 2927 2769 impassihilem
2962 2714 3178 2754 causam
3229 2711 3411 2754 mente

1854 2795 2172 2849 attollimur.
2201 2794 2493 2848 Eunomius
2524 2805 2702 2849 autem
2738 2796 2874 2848 hanc
2906 2793 3314 2862 appellationem
3349 2789 3419 2849 de'

1855 2885 2088 2952 subjecta
2149 2883 2522 2938 all‘ectionibus
2593 2895 2778 2938 natura
2844 2887 3088 2954 accipere
3142 2895 3410 2948 assuetus,

1855 2978 1994 3046 quod
2031 2977 2253 3030 rationis
2282 2977 2398 3044 ejus
2435 2984 2645 3044 captum
2692 2984 2932 3044 superat,
2983 2977 3032 3027 id
3069 2985 3128 3028 ut
3163 2975 3414 3043 impossi-

165 3064 435 3116 ἀδύνατον
469 3066 814 3136 άπαρνεῖται.
850 3068 922 3118 Οὐ
959 3067 1085 3137 γὰρ,
1117 3069 1193 3138 τῷ
1228 3067 1387 3122 πάθει
1435 3069 1542 3121 τῶν
1575 3069 1746 3138 φθαρ-

1854 3067 1958 3122 bile
1997 3077 2276 3137 pernegat.
2329 3066 2442 3120 Non
2490 3069 2632 3122 enim
2673 3084 2770 3136 par
2804 3079 2916 3122 erat
2953 3082 3105 3132 eum,
3149 3071 3414 3136 corrupti-

165 3162 284 3209 τῶν
334 3159 692 3228 προσέχοντα,
735 3162 802 3229 τῇ
857 3158 1093 3229 ἀπαθείᾳ
1154 3159 1246 3212 τοῦ
1306 3159 1440 3212 Θεοῦ
1503 3162 1749 3213 άπιστεῖν

169 3249 472 3317 προσῆκεν,
515 3249 652 3312 οὐδὲ,
683 3253 747 3319 τῇ
789 3252 984 3320 ῥευστῇ
1029 3250 1183 3318 φύσει
1217 3253 1308 3304 καὶ
1351 3251 1570 3322 μυρίαις
1620 3253 1751 3305 ὑπο-

173 3341 408 3412 κειμένῃ
443 3340 792 3410 μεταϐολαῖς,
823 3341 922 3410 τὴν
957 3344 1219 3413 ἄτρεπτον
1258 3345 1350 3395 καὶ
1401 3343 1750 3396 ἀναλλοίωτον

168 3433 361 3485 οὐσίαν
394 3433 757 3504 παρατιθέντα
793 3434 921 3503 (70).
970 3436 1106 3504 Μηδ’
1128 3437 1206 3488 ὅτι
1232 3438 1299 3488 τὰ
1329 3435 1496 3506 θνητὰ
1527 3435 1638 3500 ζῶα
1667 3435 1750 3488 διὰ

173 3525 382 3589 πάθους
430 3529 619 3597 γεννᾷ,
664 3528 758 3579 καὶ
799 3528 889 3580 τὸν
925 3528 1055 3580 Θεὸν
1091 3530 1263 3599 ἐχρῆν
1293 3528 1463 3591 οὕτως
1511 3528 1745 3581 οἴεσθαι·

174 3619 298 3671 ἀλλ’
323 3619 569 3673 ἐντεῦθεν
603 3621 800 3690 μᾶλλον
829 3622 1135 3691 ὸδηγεῖτθαι
1170 3623 1304 3693 πρὸς
1337 3623 1431 3692 τὴν
1463 3621 1748 3690 ἀλήθειαν·

175 3713 286 3776 ὅτι,
321 3714 507 3782 ἐπειδὴ
539 3714 606 3766 τὰ
636 3715 851 3786 φθαρτὰ
888 3716 1079 3778 οὕτως,
1110 3717 1136 3766 ὁ
1172 3714 1445 3784 ᾶξθαρτος
1473 3717 1749 3777 ἐναντίως.

177 3804 292 3854 Καὶ
329 3805 433 3873 μὴν
488 3804 606 3856 οὐδὲ
642 3806 818 3857 ἐκεῖνό
855 3823 918 3875 γε
965 3805 1030 3858 ἂν
1080 3807 1240 3866 εἴποι,
1293 3806 1365 3866 ὡς
1414 3805 1614 3877 κυρίως
1660 3808 1752 3858 καί

176 3893 414 3966 πρώτως
466 3897 555 3948 ἐπὶ
601 3897 708 3949 τῶν
747 3897 1046 3968 ἀνθρώπων
1087 3897 1439 3965 τεταγμένων
1484 3897 1592 3949 τῶν
1632 3898 1750 3950 ὀνο-

181 3989 371 4058 μάτων
396 3989 617 4049 τούτων,
641 3990 1089 4059 καταχρηστικῶς
1111 3991 1271 4058 ἡμεῖς
1294 3989 1615 4058 ὲπιλέγομεν
1638 3989 1753 4058 (7-1)

177 4079 260 4148 τῷ
291 4079 426 4148 Θεῷ.
472 4080 527 4131 Ὀ
559 4083 666 4149 γάρ
698 4098 776 4131 τοι
823 4080 1021 4149 Κύριος
1066 4079 1221 4148 ἡμῶν
1259 4079 1464 4146 Ἰησους
1498 4077 1750 4148 Χριστὸς,

177 4175 320 4242 πρὸς
352 4173 448 4243 τὴν
484 4172 697 4225 πάντων
747 4174 920 4242 ἀρχὴν
963 4173 1056 4224 καὶ
1093 4174 1187 4241 τὴν
1220 4171 1390 4240 ἀληθῆ
1435 4170 1544 4222 τῶν
1586 4170 1751 4221 ὄντων

174 4264 362 4316 αἰτίαν
410 4264 695 4331 ἐπανάγων
741 4265 907 4334 ἡμᾶς,
951 4263 1146 4332 Ὑμεῖς
1188 4262 1255 4314 δὲ
1296 4260 1381 4330 μὴ
1432 4260 1747 4326 καλέσητε,

177 4353 336 4423 φησὶ,
379 4352 604 4419 πατέρα
659 4351 824 4419 ὑμῶν
875 4353 971 4404 ἐπὶ
1024 4351 1134 4418 τῆς
1185 4350 1325 4419 γῆς·
1356 4345 1442 4415 εἷς
1479 4349 1589 4418 γάρ
1622 4350 1750 4401 ἐστι

1853 3161 2039 3215 bilium
2093 3157 2432 3214 all'cctionem
2493 3159 2899 3225 attendentem,
2944 3171 3106 3229 atque
3159 3161 3415 3213 substan-

1854 3255 1980 3308 tiam
2029 3252 2416 3307 immutabilem
2468 3268 2533 3306 ac
2573 3252 2968 3306 inalterabilem
3013 3264 3219 3307 natura:
3259 3252 3416 3307 ﬂuxae

1852 3356 1906 3395 et
1945 3342 2246 3396 innumeris
2282 3342 2669 3396 mutationibus
2699 3343 2946 3396 obnoxiae
2985 3354 3412 3412 comparantem,

1853 3432 2017 3486 Deum
2075 3449 2177 3486 non
2234 3433 2454 3488 credere
2519 3432 2888 3487 allectionibns
2941 3435 3251 3489 immunem.
3308 3434 3416 3489 Nec

1852 3523 2104 3590 quoniam
2145 3523 2392 3578 mortalia
2423 3523 2672 3577 animalia
2709 3539 2805 3594 per
2841 3525 3086 3577 allectum
3120 3536 3407 3594 generant,

1854 3615 1925 3667 ita
1964 3629 2178 3682 quoque
2229 3614 2295 3667 de
2346 3613 2454 3668 Deo
2505 3615 2706 3668 sentire
2760 3615 3038 3683 oportebat
3083 3631 3097 3666 :
3144 3616 3237 3667 se-l
3289 3615 3416 3669 hinc

1854 3709 2030 3772 magis
2077 3707 2268 3761 deduci
2303 3706 2371 3760 ad
2424 3707 2726 3766 veritatem.
2770 3708 2910 3775 quod
2941 3708 3191 3774 quoniam
3228 3722 3415 3761 corru-

1853 3798 2056 3868 ptibilia
2093 3798 2195 3852 hoc
2226 3799 2406 3862 modo,
2439 3797 2484 3852 is
2521 3799 2614 3867 qui
2654 3797 3076 3866 incorruptiliilis
3106 3808 3211 3860 cst,
3257 3801 3415 3854 tnodo

1853 3893 2127 3948 contrario
2177 3902 2418 3962 generat.
2468 3891 2651 3962 Neque
2698 3907 2825 3946 vero
2861 3892 2988 3946 illud
3036 3892 3265 3956 dixerit,
3314 3907 3412 3945 no-

1855 3985 1996 4038 mina
2022 3985 2137 4038 lucc
2159 4000 2278 4053 qua:
2310 3984 2472 4054 259
2501 3986 2719 4054 proprie
2752 3999 2815 4039 ac
2861 3986 3116 4054 primario
3148 3987 3214 4039 de
3244 3987 3415 4039 homi-

1855 4077 2008 4130 nibus
2061 4087 2315 4145 usurpata
2361 4086 2514 4142 sunt,
2555 4078 2618 4130 de
2671 4077 2777 4129 Deo
2806 4093 2831 4128 a
2873 4076 3026 4129 nobis
3057 4076 3160 4129 dici
3193 4089 3288 4145 per
3331 4078 3417 4130 ah-

1853 4186 2034 4224 usum.
2085 4168 2291 4223 Etenim
2334 4168 2588 4223 Dominus
2627 4178 2808 4222 uoster
2837 4167 2994 4221 Jesus
3038 4167 3303 4233 Christus,
3349 4169 3415 4220 ad

1853 4261 2090 4314 Omnium
2138 4259 2456 4328 principium
2499 4267 2552 4312 et
2597 4273 2780 4310 veram
2830 4273 3009 4310 rerum
3055 4272 3273 4310 causam
3321 4272 3417 4310 nos

1855 4354 2116 4405 reducens
2147 4370 2157 4403 :
2204 4349 2304 4403 Vos
2345 4361 2517 4404 autem
2554 4350 2714 4403 nolite
2757 4365 2960 4412 uocare,
2995 4348 3185 4416 inquit,
3218 4359 3418 4417 patrem

175 4443 384 4511 Πατὴρ
413 4443 523 4512 (72)
557 4442 723 4512 ὑμῶν
754 4447 786 4497 ό
819 4443 1119 4509 οὐράνιος.
1165 4442 1288 4504 Πῶς
1327 4437 1417 4494 οὖν
1449 4441 1524 4502 ὠς
1568 4457 1746 4510 σαρκι-

1855 4454 2080 4496 vestrum
2121 4445 2172 4494 in
2210 4453 2386 4505 terra;
2427 4457 2560 4496 unus
2601 4443 2740 4494 enim
2787 4453 2860 4494 est
2900 4441 3058 4494 Pater
3105 4453 3267 4494 vester
3311 4458 3415 4496 ca:-

175 4535 292 4587 κῶν
321 4535 507 4587 παθῶν
539 4535 962 4604 προηγουμένως
1003 4534 1333 4595 ἐνδεικτικὰς
1367 4533 1567 4594 ταύτας
1605 4534 1752 4601 ἡμᾶς

176 4628 322 4692 ἀξιοῖ
352 4628 448 4690 τὰς
492 4629 672 4696 φωνὰς
711 4628 1163 4697 ἀποπέμπεσθαι,
1213 4626 1278 4689 ἃς
1308 4628 1335 4677 ὁ
1366 4627 1566 4696 Κύριος
1618 4626 1748 4693 (75)»

175 4721 252 4780 ῶς
300 4721 361 4788 τῇ
400 4719 633 4789 ἀπαθείᾳ
668 4718 759 4770 τοῦ
805 4718 938 4769 Θεοῦ
991 4715 1321 4787 πρεπούσας,
1367 4716 1473 4769 ἀπὸ
1509 4714 1616 4766 τῶν
1657 4715 1751 4767 ἀν-

177 4807 417 4880 θρώπων
461 4809 595 4879 πρὸς
644 4809 806 4861 αὐτὸν
860 4809 972 4879 (74)
1030 4808 1411 4878 μετατίθησιν;
1449 4808 1508 4858 Εἰ
1563 4807 1616 4859 δὲ
1666 4807 1756 4857 καὶ

248 4923 296 4953 ⁶¹
339 4920 525 4975 Matth.
556 4939 711 4990 χχιιι,
739 4925 792 4980 9.

250 5035 362 5105 (67)
407 5034 565 5107 Unus
599 5049 690 5089 aut
726 5039 862 5091 alter
898 5053 992 5093 ms.
1023 5053 1142 5090 cum
1188 5039 1345 5093 editis
1376 5039 1583 5107 λέγων.
1611 5083 1620 5092 .
1648 5080 1660 5092 .
1691 5081 1703 5092 .
1733 5082 1745 5094 .

175 5107 446 5177 ὲκκλίνωᾷε
467 5105 568 5177 Alii
599 5108 838 5177 quinque
879 5124 1004 5162 mss.
1037 5108 1294 5177 λέγω.....
1325 5105 1607 5164 ἐκκλίνων.

253 5177 369 5249 (63)
409 5175 548 5229 Editi
597 5176 986 5232 ἐνδείκνυνται.
1046 5175 1270 5233 Veteres
1341 5181 1578 5249 quinque
1628 5180 1748 5234 libri

176 5248 535 5300 ἐνδείκνυται.

253 5318 369 5388 (69)
411 5316 550 5371 Editi
578 5316 748 5391 Paris.
772 5319 1112 5391 ἀκούσωμεν,
1139 5322 1216 5372 ὅτι
1245 5319 1548 5391 ἄνθρωπος.
1579 5320 1751 5373 Edilio

182 5389 317 5460 Ven.
345 5398 396 5441 ct
432 5402 525 5441 sex
558 5402 685 5460 mss.
712 5389 1034 5460 ἀκούσωμεν
1081 5389 1379 5460 ἄνθρωπος.
1423 5393 1526 5442 Sed
1565 5406 1747 5444 vocem

177 5460 261 5511 ὅτι
293 5459 488 5530 inepte
536 5458 788 5511 omissam
820 5458 963 5530 esse
1014 5477 1077 5513 ex
1127 5458 1196 5514 co
1228 5461 1562 5528 intelligitur.
1607 5463 1747 5530 quod

179 5527 361 5600 statim
395 5530 634 5600 legamus
661 5530 786 5582 ὅταν
812 5529 887 5592 δὲ,
919 5531 999 5582 ὅτι
1026 5533 1054 5582 6
1094 5531 1224 5592 Θεὸς
1259 5527 1466 5600 Πατήρ.

250 5597 363 5665 (70)
409 5598 628 5671 Veteres
675 5612 904 5668 quatuor
963 5600 1080 5652 libri
1138 5617 1258 5671 cum
1313 5597 1468 5655 editis
1521 5618 1750 5671 παρατι-

180 5668 371 5741 θέντα.
417 5668 516 5720 Alii
575 5675 677 5722 duo
745 5686 873 5726 mss.
923 5669 1301 5741 παρατιθέναι.
1369 5671 1564 5722 lbidcm
1604 5668 1748 5724 'editi

183 5738 339 5824 μηδὲ.
358 5740 438 5790 ὅτι
460 5779 472 5791 .
496 5779 507 5792 .
535 5781 545 5791 .
575 5777 585 5789 .
610 5780 620 5790 .
669 5741 880 5810 γεννᾷν.
913 5738 1058 5796 Libri
1095 5743 1296 5810 antiqui
1332 5741 1452 5812 μηδ’
1482 5743 1562 5793 ὅτι
1583 5779 1595 5792 .
1624 5780 1635 5792 .
1659 5779 1671 5792 .
1698 5780 1709 5792 .

178 5825 361 5878 γεννᾳ.

1860 4535 2000 4587 testis
2025 4535 2089 4586 3’.
2142 4535 2421 4599 Quomodo
2472 4533 2633 4604 igitur
2683 4548 2841 4588 voces
2888 4533 3019 4594 has,
3070 4542 3321 4600 tauquam
3373 4533 3415 4585 si

1860 4625 2128 4692 principue
2182 4624 2432 4675 carnales
2499 4621 2719 4676 allectus
2794 4622 3192 4691 signiﬁcarent,
3259 4636 3415 4688 repuo

1863 4715 2084 4768 diendas
2133 4726 2312 4769 censet
2355 4730 2537 4783 :quas
2587 4714 2866 4768 Dominus‘
2894 4725 3076 4769 noster
3124 4712 3269 4768 velut
3328 4713 3416 4764 Dci

1867 4809 2134 4875 apalhmm
2187 4808 2437 4859 tlcccnlcs
2470 4807 2537 4858 ab
2573 4805 2878 4859 hominibus
2922 4805 2984 4857 ad
3020 4807 3192 4872 ipsum
3241 4813 3418 4857 trans-

1923 5040 2036 5110 (7l)
2079 5038 2227 5110 Editi
2272 5047 2326 5090 et
2372 5052 2501 5092 mss.
2550 5052 2652 5088 non
2697 5035 2848 5102 pauci
2901 5032 3243 5102 ἐπιλέγομεν.
3288 5035 3416 5105 εἰσ-ς,

1853 5108 2042 5168 tertius
2080 5108 2441 5176 ὲπιλέγωμεν.

1923 5180 2036 5248 (72)
2076 5180 2215 5232 Edili
2246 5173 2273 5231 6
2301 5173 2508 5245 Πατήρ.
2541 5175 2817 5229 Articulus
2850 5173 2902 5227 in
2936 5190 3062 5226 mss.
3088 5174 3286 5227 nostris
3313 5191 3420 5227 non

1853 5261 2137 5303 HIVPIIHIII‘.

1923 5318 2033 5388 (75)
2076 5318 2214 5372 Editi
2275 5317 2479 5388 Κύριος
2538 5317 2716 5387 ἡμῶν.
2775 5315 2882 5368 Vox
2943 5314 3126 5368 ultima
3173 5313 3225 5366 in
3288 5326 3419 5366 mss.

1854 5391 2021 5445 decet.

1930 5461 2039 5528 (74)
2080 5460 2218 5513 Editi
2252 5469 2304 5511 et
2329 5458 2433 5511 duo
2467 5474 2592 5510 mss.
2624 5457 2758 5528 πρὸς
2798 5457 3004 5508 ἑαυτόν.
3055 5452 3212 5528 Unde
3250 5453 3424 5528 intor-

1859 5525 1980 5597 [ιι-οδ
2008 5525 2030 5581 ε⁷
2063 5533 2131 5582 ad
2169 5547 2222 5583 se
2260 5531 2426 5592 ipsum
2479 5525 2774 5595 transfert:
2810 5532 2948 5593 quod
2996 5526 3121 5597 quin
3163 5525 3420 5597 yitiosnm

1859 5593 1948 5660 sit.
1979 5601 2210 5653 dubitari
2242 5600 2384 5652 nullo
2418 5603 2574 5652 modo
2607 5593 2802 5667 potest.
2837 5597 2949 5649 Non
2978 5595 3121 5650 enim
3163 5593 3425 5667 Dominus

1860 5687 1917 5724 se
1952 5673 2063 5739 ipse
2095 5679 2247 5724 vocat
2290 5669 2501 5721 Patrem
2533 5687 2546 5721 ι
2581 5661 2672 5720 εἱςά
2715 5667 2770 5739 id
2822 5681 3012 5739 nomen
3058 5661 3317 5739 transfert
3356 5664 3422 5720 ad

1863 5731 2024 5793 Deum
2062 5743 2472 5799 universorum,
2523 5753 2614 5790 seu
2663 5738 2726 5790 ad
2766 5753 2919 5789 suum
2974 5736 3139 5803 ipsius
3185 5731 3422 5786 Patrem.

1862 5812 2036 5865 Codex
2071 5811 2219 5863 Coll).
2250 5820 2302 5863 et
2335 5809 2421 5862 alii
2463 5818 2571 5863 tres
2603 5809 2734 5871 πρὸς
2765 5806 2946 5869 αὑτὸν,
2976 5818 3138 5862 recte.
