4084 6318
196 325 302 380 615

1314 322 1682 380 ADVERSL'S
1722 324 2084 381 EENOMIUM
2127 326 2253 381 LIB.
2296 324 2358 380 ll.

3350 330 3455 388 626

197 441 479 497 δεικνύναι
501 441 616 507 (84)
642 442 739 515 τὴν
772 444 957 496 οὐσίαν
984 443 1338 510 ἐφιλονείκει·
1365 444 1480 495 νυνὶ
1513 445 1591 506 δὲ,
1624 443 1775 497 πάλιν

1888 446 2012 499 tiam
2066 448 2365 517 genituram
2425 460 2544 501 esse
2600 448 2881 502 ostendere
2935 447 3248 500 conabatur.
3307 445 3459 503 Nunc

195 538 299 604 τὴν
328 534 426 604 τῆς
452 535 635 601 οὐσίας
670 537 939 589 οίκείωσιν
978 536 1065 588 διὰ
1100 536 1196 605 τῆς
1224 535 1406 604 φωνῆς
1445 536 1644 608 ταύτης
1683 554 1777 605 ση-

203 627 536 699 μαινομένην
586 629 748 699 ὁρῶν,
799 628 859 679 τὸ
903 630 1259 698 γεγεννῆσθαι
1303 626 1397 680 τοῦ
1443 632 1776 699 γεννήματος

197 720 512 788 ἀφαιρεῖται
546 719 681 786 (85).
724 719 832 770 Kal.
864 717 967 786 μὴν
1011 720 1057 770 εἰ
1086 718 1242 770 τοῦτο
1271 717 1346 778 ὼς
1373 716 1576 778 πάθους
1604 718 1775 787 δηλω-

194 808 351 861 τικὸν
382 810 744 881 παραιτεῖται,
773 808 825 860 τί
860 809 1055 863 κωλύει
1092 812 1186 863 καὶ
1220 809 1277 860 τὸ
1319 810 1647 879 δημιουργὸν
1680 812 1777 863 αύ-

195 900 292 952 τὺν
323 896 459 953 εἶναι
505 898 592 952 διὰ
639 898 737 961 τὰς
780 901 947 965 αὑτὰς
992 903 1169 961 αίτίας
1216 902 1288 971 μὴ
1343 900 1770 973 παραδέχεσθαι;

196 993 346 1045 Διότι
396 990 595 1052 πάσαις
637 995 755 1055 ταῖς
793 995 1129 1064 σωματικαῖς
1163 992 1460 1062 ἐνεργείαις
1510 992 1540 1062 ἢ
1578 991 1774 1044 πλείων

201 1102 283 1146 τις
316 1082 533 1145 πάντως
565 1082 597 1153 ἢ
633 1084 867 1139 ἐλάττων
896 1086 1060 1147 κόπος
1103 1084 1473 1149 συνέζευκται.
1507 1082 1649 1137 κατὰ
1678 1084 1776 1153 τὴν

199 1176 492 1243 ἀναλογίαν
524 1178 623 1249 τῆς
647 1179 739 1232 τοῦ
773 1178 1049 1239 ποιοῦντος
1073 1177 1351 1250 δυνάμεως
1384 1180 1476 1231 καὶ
1511 1178 1611 1246 τῆς
1641 1178 1775 1247 πρὸς

193 1266 271 1317 τά
298 1267 500 1341 μεγέθη
527 1268 635 1322 τῶν
666 1266 1069 1338 ἐνεργουμένων
1096 1268 1375 1341 διαφορᾶς.
1418 1268 1528 1337 Τήν
1558 1283 1620 1332 γε
1672 1266 1775 1337 μὴν

195 1359 353 1414 θείαν
381 1361 472 1413 καὶ
500 1360 771 1431 μακαρίαν
800 1357 958 1426 φύσιν
994 1360 1222 1431 καμάτῳ
1248 1359 1424 1423 λέγειν
1461 1356 1775 1425 συνέχεσθαι

194 1450 301 1519 οὐχ
323 1446 485 1521 ἦττον
527 1448 741 1512 ἀσεϐὲς,
784 1448 816 1519 ἢ
864 1451 974 1513 τοῖς
1006 1450 1302 1519 αἰσχίστοις
1344 1447 1511 1517 αὐτὴν
1552 1447 1775 1499 πάθεσιν

199 1544 546 1598 ὑποϐάλλειν.
581 1541 641 1594 El
672 1542 727 1593 δὲ
754 1541 978 1606 ἀπαθῶς
1016 1542 1206 1606 κτίζει,
1241 1539 1422 1611 ἅπαθῆ
1451 1536 1587 1593 εἶναι
1620 1539 1773 1605 δέξα-

198 1636 299 1690 σθε
321 1638 416 1690 καὶ
435 1634 532 1705 τὴν
552 1633 824 1703 γέννησιν.

273 1728 364 1781 24.
406 1726 493 1789 Ὠς
538 1726 633 1797 μὲν
668 1722 760 1780 οὖν
803 1724 1006 1794 κυρίως
1046 1724 1138 1777 καὶ
1176 1727 1559 1796 προσηκόντως
1588 1725 1775 1797 Πατὴρ

1880 546 2057 589 autem
2110 552 2303 590 rursus
2347 537 2660 591 substantia:
2695 538 2857 609 260
2886 538 3318 609 conjunctionem
3356 539 3457 593 bac

1880 642 2011 681 voce
2070 629 2361 698 significari
2415 646 2535 683 cum
2593 630 2809 694 videat,
2866 635 3165 700 genituram
3221 630 3455 699 genitam

1878 735 1997 773 esse
2051 730 2226 789 negat.
2268 721 2426 789 Atqui
2476 722 2519 775 si
2574 720 2675 775 hoc
2727 732 2981 788 tanquam
3014 722 3153 788 quod
3204 721 3454 775 all'ectnm

1884 812 2170 876 signiticet,
2206 814 2469 881 repudiat,
2500 813 2630 883 quid
2661 813 2904 881 prohibet
2937 813 3140 867 eisdem
3173 816 3237 867 de
3274 813 3455 867 causis

1877 899 2039 952 etiam
2075 909 2373 955 creatorem
2422 902 2594 970 ipsum
2644 916 2763 956 esse
2805 900 3048 972 negare?
3081 901 3211 955 Nam
3242 918 3336 971 pro
3364 918 3451 955 ra-

1879 993 2024 1045 tione
2056 990 2249 1045 virium
2279 994 2395 1061 ejus
2432 993 2521 1061 qui
2574 994 2723 1060 facit,
2754 1006 2806 1049 et
2854 1010 2952 1064 pro
2994 994 3310 1049 discrimine
3339 1012 3453 1047 ma—

1876 1083 2171 1151 gnitudinis
2218 1098 2405 1138 eorum
2454 1100 2573 1154 qua
2627 1084 2784 1149 (lunt,
2819 1088 3123 1139 necessario
3156 1095 3245 1139 aut
3284 1087 3457 1155 major

1878 1187 1967 1228 aut
2016 1176 2191 1228 minor
2238 1174 2390 1228 labor
2435 1178 2713 1245 corporeis
2758 1178 3008 1238 omnibus
3051 1176 3457 1245 operationibus

1876 1267 2242 1336 conjungitor.
2288 1266 2531 1320 Divinam
2590 1277 2767 1321 autent
2825 1284 2888 1323 ac
2936 1268 3145 1322 beatam
3198 1277 3448 1322 naturam

1878 1359 2055 1411 dicere
2088 1359 2271 1412 labore
2304 1359 2496 1428 premi,
2532 1373 2634 1412 non
2677 1360 2849 1412 minus
2896 1359 3118 1427 impium
3156 1369 3256 1422 est,
3292 1371 3452 1427 quam

1878 1467 1994 1504 eam
2054 1451 2333 1506 aﬂectibus
2396 1452 2720 1522 turpissimis
2781 1450 3064 1519 subjicere.
3120 1448 3213 1503 Sin
3274 1458 3452 1503 autem

1878 1545 2011 1597 citra
2054 1542 2302 1597 allectum
2350 1553 2528 1606 creat,
2570 1545 2969 1614 generationem
3015 1554 3227 1610 quoque
3258 1537 3452 1594 all‘ectu

1878 1648 2071 1687 vacare
2101 1633 2397 1693 fateamini.

1948 1722 2039 1776 24.
2080 1720 2232 1788 Quod
2279 1725 2441 1793 igitur
2492 1726 2708 1794 proprie
2750 1740 2813 1777 ac
2859 1726 3051 1778 merito
3084 1723 3223 1780 Deus
3257 1722 3455 1777 dicitur

192 1817 417 1883 λέγεται
443 1816 473 1867 ὁ
495 1790 645 1879 Θεὸς,
676 1814 770 1869 καὶ
794 1790 1016 1884 ὡςόύχὶ
1050 1790 1275 1879 πάθους,
1308 1790 1420 1868 ἀλλ’
1450 1790 1775 1880 οἰκειώσεῶς

1880 1816 2059 1881 Pater,
2098 1825 2151 1871 et
2182 1817 2322 1885 quod
2370 1834 2474 1871 non
2514 1817 2757 1883 aﬂ‘ectas,
2794 1819 2885 1871 sed
2932 1816 3326 1887 conjunctionis
3361 1830 3453 1868 no-

192 1912 350 1961 ἐστιν
383 1908 569 1979 ὀνομα,
609 1908 642 1977 ἢ
680 1907 780 1976 τῆς
808 1907 947 1959 κατὰ
977 1909 1154 1977 χάριν,
1190 1907 1263 1967 ὡς
1291 1908 1381 1958 ἐπὶ
1416 1908 1523 1957 τῶν
1566 1908 1769 1979 ἀνθρώ-

192 2018 342 2063 πων,
374 2001 406 2070 ῆ
435 1978 533 2069 τῆς
560 1999 703 2053 κατὰ
730 2000 910 2068 φύσιν,
938 2000 1012 2061 ὡς
1042 2000 1133 2051 ἐπὶ
1163 1998 1256 2051 τοῦ
1285 2000 1641 2067 Μονογενοῦς,
1665 2004 1777 2053 ἱκαο

188 2095 307 2157 νῶς
338 2093 547 2165 εἴρηται
569 2110 581 2122 ·
620 2093 798 2163 δῶμεν
829 2092 885 2145 δὲ
913 2087 1050 2145 εἶναι
1075 2090 1358 2163 τροπικὴν,
1392 2092 1484 2144 καὶ
1516 2094 1580 2143 ἐκ
1614 2109 1776 2161 μετα-

192 2186 377 2255 φορᾶς
414 2182 665 2253 λέγεσθαι
712 2182 846 2253 (86),
883 2182 1069 2252 ῶσπερ
1117 2183 1210 2233 καὶ
1257 2181 1419 2243 ἄλλας
1448 2181 1646 2253 μυρίας
1683 2181 1776 2233 καὶ

188 2280 301 2347 τὴν
354 2276 534 2347 φωνὴν
586 2276 806 2345 ταύτην.
878 2275 963 2336 Ὡς
1009 2275 1210 2335 τοίνυν,
1258 2272 1625 2345 ὀργιζόμενον,
1685 2275 1777 2327 καὶ

192 2368 495 2427 ὑπνοῦντα,
539 2368 631 2419 καὶ
667 2366 957 2435 πετόμενον
1010 2364 1297 2429 ἀκούοντες
1353 2366 1441 2419 τὸν
1485 2367 1632 2430 Θεὸν,
1685 2367 1775 2419 καὶ

192 2460 377 2513 ἃλλων
403 2458 656 2511 τοιούτων
672 2460 935 2529 ἀπρεπεῖς
956 2459 1094 2511 κατὰ
1116 2457 1204 2511 τὸν
1225 2459 1510 2528 πρόχειρον
1533 2456 1656 2509 νοῦν
1680 2457 1777 2520 τὰς

192 2549 470 2619 ἐμφάσεις
493 2548 897 2620 παρεχομένων,
932 2547 1053 2601 οὕτε
1078 2550 1175 2612 τὰς
1198 2550 1377 2617 φωνάς
1404 2547 1497 2600 τοῦ
1528 2546 1667 2599 Πνεύ
1676 2564 1777 2617 μα-

190 2658 293 2704 τος
351 2642 737 2714 διαγράφομεν,
783 2639 905 2693 οὔτε
957 2642 1281 2712 σωματικῶς
1314 2640 1421 2694 τῶν
1474 2641 1776 2713 λεγομένων

192 2734 470 2805 ἀκούομεν
494 2753 508 2767 ’
540 2735 593 2787 τί
625 2736 819 2807 δήποτε
845 2738 966 2805 οὐχὶ
998 2736 1109 2797 καὶ,
1140 2736 1238 2804 τῆς
1262 2734 1444 2802 φωνῆς
1468 2735 1670 2805 ταύτης
1690 2733 1779 2787 οὓ-

190 2843 281 2877 τω
311 2826 548 2895 συνεχῶς
577 2826 1022 2897 παραληφθείσης
1056 2825 1158 2876 an?)
1187 2824 1278 2875 τοῦ
1302 2823 1613 2892 Πνεύματος
1642 2824 1773 2892 (87),

190 2916 302 2979 τὰς
333 2916 649 2986 θεοπρεπείς
671 2916 838 2985 αὐτῆς
860 2918 1069 2978 ἐννοίας
1093 2916 1518 2988 διερευνώμεθα;
1547 2917 1577 2986 ἦ
1613 2917 1777 2986 μόνην

192 3009 409 3079 ταύτην
429 3009 526 3078 τῆς
551 3008 773 3079 Γραφῆς
800 3010 1169 3080 ἀπαλείψομεν
1200 3011 1333 3078 (88),
1370 3013 1433 3063 ὲκ
1455 3011 1552 3079 τῆς
1574 3009 1777 3081 ἀνθρω·

195 3104 368 3170 πένης
414 3101 663 3171 χρήσεως
706 3101 1165 3169 συκοφαντοῦντες
1221 3103 1423 3171 αὑτήν;
1483 3102 1693 3154 Ούτωσὶ
1721 3101 1777 3155 δὲ

195 3193 519 3265 σκοπῶμεν.
578 3194 679 3247 Δύο
725 3195 1135 3266 σημαινομένων
1188 3194 1251 3247 ἐκ
1300 3194 1401 3263 τῆς
1446 3194 1536 3247 τοῦ
1584 3197 1775 3266 γεννᾷν

196 3288 574 3359 προσηγορίας
604 3287 745 3341 κατά
774 3289 873 3359 τὴν
896 3282 996 3341 ὧδε
1029 3286 1334 3358 συνήθειαν,
1362 3286 1564 3351 πάθους
1596 3305 1653 3339 τε
1683 3288 1773 3341 τοῦ

193 3381 499 3447 γεννῶντος
537 3383 630 3433 καὶ
666 3383 763 3450 τῆς
795 3382 931 3452 πρὸς
962 3382 1020 3433 τὸ
1058 3379 1389 3450 γεννώμενον
1431 3380 1774 3444 οίκειὼσεως,

193 3474 334 3525 ὅταν
360 3471 506 3543 παρὰ
528 3472 622 3524 τοῦ
656 3473 862 3541 ιιατρὸς
893 3472 971 3541 τῷ
1001 3474 1291 3540 Μονογενεῖ
1318 3473 1540 3541 λέγηται
1568 3474 1648 3535 τὸ,
1682 3473 1774 3525 Ἐκ

194 3562 464 3633 γαστρός
493 3564 605 3629 πρὸ
633 3564 937 3631 ἑωσφόρον
962 3563 1262 3633 ἐγέννησὰ
1289 3581 1381 3615 σε.
1416 3564 1509 3615 καὶ
1534 3564 1613 3627 τὸ,
1646 3566 1776 3627 Υἱός

189 3673 322 3724 μου
351 3651 410 3708 εἷ
436 3654 537 3720 σὺ,
576 3654 689 3723 ἐγὼ
722 3653 987 3723 σήμερον
1020 3654 1348 3725 γεγέννηκὰ
1391 3672 1463 3708 σε
1483 3672 1494 3685 '
1552 3656 1777 3724 πότερον

197 3750 411 3811 τούτων
435 3748 792 3820 παρίστασθαι
830 3749 1017 3819 φῶμεν
1046 3749 1132 3801 διὰ
1158 3749 1251 3801 τοῦ
1288 3750 1561 3820 ρήματος;
1587 3750 1646 3801 τὸ
1676 3750 1775 3819 ἐμ-

199 3858 224 3891 1
262 3839 379 3903 ιθές
408 3839 512 3892 τῶν
536 3838 864 3909 γεννώντων,
893 3839 926 3908 ἦ
956 3841 1053 3911 τὴν
1072 3842 1169 3911 τῆς
1194 3840 1405 3907 φύσεως
1439 3842 1772 3910 οίκειότητα;

216 3927 364 3997 Ἐγὼ
396 3929 493 3998 μὲν
514 3932 619 4001 γὰρ
650 3929 804 3983 τοῦτό
829 3947 1002 4000 φημι·
1037 3932 1128 3982 καὶ
1160 3930 1278 3982 οὐδὲ
1298 3930 1516 3993 τούτους
1541 3930 1775 4001 ήγουμαί

200 4038 342 4075 ποτε
377 4020 451 4093 μὴ
487 4024 605 4091 ούχὶ
626 4025 705 4086 είς
734 4022 990 4094 λαμπρὰν
1028 4022 1385 4093 μελαγχολίαν
1418 4023 1775 4093 παρενεχθέν-

195 4133 306 4178 τας
345 4113 758 4168 ἐναντιώσεσθαι
783 4118 912 4179 (89).
952 4118 1111 4169 Ὥστε
1140 4120 1185 4169 εί
1219 4118 1316 4186 μὲν
1346 4118 1516 4169 οἰκεία
1549 4116 1624 4185 τῷ
1660 4115 1777 4185 Θεῷ

202 4209 239 4275 ἡ
270 4206 445 4276 φωνὴ,
476 4206 529 4259 τί
554 4206 833 4276 ἀτιμάζεις
856 4207 929 4268 ὡς
959 4207 1235 4279 ἀλλοτρίαν
1261 4225 1274 4271 ;
1299 4210 1345 4259 εί
1376 4207 1431 4259 δὲ
1463 4210 1526 4259 ἐκ
1547 4209 1653 4259 τῶν
1687 4209 1777 4260 ἁν-

204 4298 499 4367 ορωπίνων
542 4299 1021 4368 μετακεκόμισται,
1060 4300 1122 4349 τὸ
1176 4300 1325 4365 ὑγιὲς
1354 4300 1520 4367 αὐτῆς
1554 4298 1775 4364 ἐκλεξά-

209 4404 396 4459 μενος,
438 4387 572 4457 φύγε
607 4389 663 4442 τὺ
690 4392 865 4461 χεῖρον
886 4389 993 4442 τῶν
1021 4390 1379 4460 δηλουμένων.
1424 4390 1637 4455 Ἔξεστι
1670 4390 1777 4461 γὰρ

1883 1922 2002 1963 tuen
2038 1918 2141 1973 est,
2176 1916 2271 1961 aut
2304 1907 2419 1972 ejus
2452 1923 2571 1977 quae
2602 1910 2657 1962 llt
2690 1925 2783 1978 per
2812 1912 3062 1978 gratiam,
3098 1919 3154 1963 ut
3186 1909 3237 1963 in
3274 1909 3450 1962 homi-

1882 2001 2062 2065 nibus,
2096 2011 2187 2054 aut
2231 2000 2349 2069 ejus
2382 2016 2501 2070 qua:
2547 2004 2840 2054 secundum
2886 2013 3129 2055 naturam
3162 2012 3265 2064 est,
3297 2010 3353 2055 ut
3398 2001 3451 2053 in

1886 2092 2191 2161 Unigenito,
2225 2094 2359 2146 satis
2416 2093 2617 2145 dictum
2673 2101 2774 2147 est.
2825 2092 2929 2147 Sed
2975 2092 3163 2149 demus
3209 2102 3264 2147 et
3314 2094 3454 2149 hanc

1883 2198 2065 2236 vocem
2096 2183 2353 2251 tropicam
2382 2198 2525 2247 esse,
2551 2199 2797 2253 eamque,
2829 2184 3037 2239 sicntet
3063 2185 3197 2239 alias
3226 2199 3461 2240 sescena

1887 2286 1988 2339 tas,
2018 2290 2115 2345 per
2162 2275 2566 2329 translationem
2603 2276 2729 2329 dici.
2770 2274 3226 2342 Quemadmodum
3268 2277 3453 2345 igitur,

1880 2386 2000 2423 cum
2034 2370 2197 2422 Deum
2233 2368 2484 2419 audimus
2528 2368 2709 2432 irasci,
2740 2369 2995 2435 dormire,
3025 2368 3223 2435 volare,
3258 2379 3313 2423 et
3346 2369 3453 2423 alia

1881 2464 1930 2515 id
1979 2477 2167 2532 genus,
2203 2476 2325 2531 quae
2380 2476 2541 2512 sensu
2582 2459 2741 2513 obvio
2782 2460 3184 2527 intelligentiam
3238 2460 3456 2513 indeco-

1883 2570 1993 2605 ram
2046 2569 2156 2621 pra:
2205 2566 2263 2606 se
2318 2553 2516 2614 ferunt,
2547 2566 2651 2604 non
2690 2560 2864 2606 tamen
2902 2566 3061 2605 voces
3092 2552 3325 2621 Spiritus
3355 2565 3451 2606 ex-

1883 2645 2189 2712 pungimns,
2220 2656 2317 2696 nec
2342 2642 2499 2696 modo
2526 2655 2784 2710 corporeo
2810 2642 2922 2696 haec
2946 2642 3084 2695 dicta
3116 2643 3445 2710 accipimus;

1880 2751 2035 2803 quant
2090 2735 2299 2788 tandem
2344 2736 2412 2788 ob
2458 2748 2700 2795 causam,
2729 2748 2848 2786 cum
2884 2734 2995 2786 lucc
3028 2747 3126 2785 vox
3162 2734 3294 2787 adeo
3334 2732 3450 2786 fre-

1880 2834 2105 2895 quenter
2133 2840 2162 2878 a
2195 2824 2394 2894 Spiritu
2434 2833 2688 2891 usurpata
2740 2824 2828 2887 sit,
2873 2838 2974 2877 non
3028 2824 3191 2878 etiam
3245 2838 3445 2880 conve-

1882 2920 2109 2972 nientem
2177 2916 2287 2971 Deo
2352 2917 2752 2985 intelligentiam
2831 2917 3254 2988 investigamus?
3323 2936 3451 2971 ιιιιιιι

1882 3010 2017 3061 hanc
2066 3008 2234 3061 solam
2289 3023 2354 3061 ex
2406 3007 2683 3077 Scriptura
2733 3007 3052 3069 delebimus,
3086 3022 3203 3062 eam
3246 3022 3308 3063 ex
3349 3010 3456 3063 ltu-

1806 3133 1846 3186 ρ
1883 3116 2040 3154 manu
2070 3115 2165 3154 usu
2209 3100 2642 3154 calumniantes?
2670 3100 2737 3152 At
2766 3114 2875 3153 rem
2912 3100 2991 3153 sic
3024 3101 3452 3157 consideremus.

1885 3194 2015 3245 (lum
2053 3194 2157 3248 duo
2201 3192 2575 3260 significentur
2608 3191 2898 3261 generandi
2934 3206 3064 3245 voce
3103 3206 3166 3245 ex
3220 3194 3453 3248 humano

1884 3300 2057 3349 more,
2111 3286 2422 3353 generantis
2476 3285 2682 3337 scilicet
2735 3282 2977 3347 allectus,
3035 3294 3089 3339 et
3149 3287 3455 3355 conjunctio

1883 3393 2002 3430 cum
2031 3378 2244 3447 genito;
2276 3374 2490 3442 quando
2514 3390 2541 3427 a
2568 3372 2726 3428 Patre
2752 3376 2815 3428 ad
2848 3374 3189 3441 Uuigenitum
3224 3376 3455 3431 dicitur:

1887 3468 1969 3521 Ea:
1998 3478 2138 3523 utero
2165 3478 2286 3522 ante
2310 3469 2590 3535 lttrilerum
2626 3471 2776 3536 genui
2812 3476 2859 3519 te
2887 3468 2964 3528 '7;
2998 3478 3079 3522 et:
3110 3466 3282 3522 Filius
3316 3486 3459 3523 mem

1883 3578 1936 3613 es
1969 3572 2045 3621 tu,
2079 3578 2170 3629 ego
2200 3562 2351 3614 hodie
2379 3563 2532 3629 genui
2561 3571 2606 3613 te
2635 3560 2714 3623 8";
2749 3570 2923 3613 utram
2962 3561 3148 3613 harum
3186 3563 3457 3633 significa-

1887 3656 2088 3706 tionum
2124 3656 2226 3707 hoc
2258 3654 2424 3707 verbo
2454 3654 2678 3707 indicari
2711 3654 2989 3707 dicemus?
3015 3660 3460 3722 generantinmnu

1884 3744 2153 3812 all‘ectnm,
2190 3760 2257 3797 au
2306 3754 2510 3798 natura:
2544 3746 3017 3812 conjunctionent?
3048 3744 3156 3815 Ego
3190 3747 3291 3801 hoc
3332 3762 3459 3802 ceu—

1882 3854 2008 3902 seo;
2045 3848 2100 3891 et
2145 3853 2211 3892 ne
2254 3836 2353 3891 hos
2397 3837 2639 3906 quidem,
2674 3838 2774 3892 nisi
2827 3838 2880 3891 in
2929 3840 3275 3893 manifestum
3326 3852 3461 3893 atm-

1882 3931 2003 3983 bilis
2052 3931 2293 3985 morbum
2359 3930 2693 3993 incidissent,
2729 3931 3165 3984 contradicturos
3219 3946 3454 3999 unquam

1884 4022 2050 4075 fuisse
2083 4022 2334 4073 arbitror.
2363 4020 2567 4085 Quare,
2599 4021 2641 4073 si
2672 4021 2921 4073 convenit
2942 4021 3176 4075 Deoba-c
3205 4038 3327 4087 vox,
3360 4038 3460 4076 cur

1883 4116 2023 4167 sicut
2073 4113 2302 4166 alienam
2352 4114 2601 4179 spernis“!
2656 4110 2749 4164 Sin
2800 4122 2978 4164 autem
3032 4128 3095 4166 ex
3150 4114 3459 4169 hominibus

1886 4205 2145 4259 translata
2194 4214 2300 4267 est,
2336 4219 2466 4256 sano
2514 4204 2816 4273 signiﬁcatu
2875 4204 3104 4269 delecto,
3140 4208 3261 4274 fuge
3309 4206 3459 4259 dete-

1886 4298 2104 4351 riorem.
2142 4294 2274 4349 Nam
2314 4294 2554 4362 profecto
2586 4296 2637 4348 in
2669 4296 2904 4349 dictione
2939 4311 3059 4363 qua:
3092 4299 3257 4349 multa
3290 4298 3459 4366 signi-

1887 4392 2028 4453 licat,
2059 4404 2178 4441 cum
2224 4389 2288 4440 ad
2326 4399 2519 4441 rectam
2582 4387 2851 4441 notionem
2911 4402 3005 4454 per
3053 4388 3217 4456 ipsum
3270 4402 3456 4440 vocem

203 4479 383 4549 δήπου
412 4479 467 4531 ἐν
500 4477 796 4549 πολυσήμῳ
912 4479 1072 4546 λέξει,
1100 4480 1236 4550 πρὸς
1258 4482 1354 4551 τὴν
1382 4480 1547 4550 ὀρθὴν
1574 4480 1775 4533 ἔννοιαν

1884 4478 2143 4532 deductus
2190 4477 2379 4541 fueris,
2425 4477 2550 4529 licet
2592 4477 2848 4529 ltumilem
2894 4488 3212 4545 turpemque
3259 4477 3457 4530 intelli-

202 4569 541 4639 όδηγηθέντα
567 4569 654 4623 διὰ
675 4572 766 4624 τοῦ
792 4574 1051 4642 ῥήματος,
1085 4574 1145 4625 τὸ
1167 4572 1418 4624 ταπεινὸν
1444 4574 1535 4625 καὶ
1557 4572 1775 4641 αἰσχρὸν

202 4663 307 4732 τῆς
339 4661 625 4733 ἐμφάσεως
654 4662 973 4733 ὑπερϐῆναι.
1018 4666 1125 4718 Καὶ
1170 4666 1242 4735 μή
1278 4682 1366 4734 μοι
1400 4664 1520 4732 λέγε
1541 4681 1552 4693 ·
1596 4664 1688 4726 Τίς
1720 4663 1775 4715 δὲ

280 4839 330 4871 ⁶ν
361 4839 503 4896 Psal.
529 4856 639 4904 cu,
666 4840 718 4894 5.
796 4840 841 4871 ⁸⁸
866 4839 1007 4895 Psal.
1041 4858 1100 4907 ll,
1132 4841 1181 4894 7.

283 4990 1043 5065 (Sili-Idmelvatoszxvdvat.
1098 4996 1314 5049 Veteres
1368 4997 1606 5062 quinque
1656 4995 1778 5049 libri

206 5060 691 5120 οὖσανδεικνύναι.
728 5066 842 5119 Mox
884 5082 1013 5119 mss.
1051 5066 1286 5118 nonnulli
1322 5060 1637 5134 φιλονεικεῖ.

288 5134 404 5205 (85)
439 5135 587 5208 Illud,
629 5138 976 5208 ἀφαιρεῖται,
1019 5138 1083 5189 ad
1137 5138 1365 5208 verbum
1420 5139 1782 5205 interpretans

211 5206 628 5277 Trapezuntjns,
668 5208 745 5260 sic
772 5206 985 5260 vertit:
1030 5207 1256 5274 genitum
1291 5224 1402 5259 esse
1439 5226 1470 5259 α
1521 5210 1780 5277 genimiue

212 5285 454 5345 removet.
492 5272 603 5328 Hoc
630 5290 733 5340 est,
765 5285 914 5343 negat
955 5272 1072 5345 ﬁeri
1124 5279 1387 5340 potuine,
1434 5288 1487 5329 ut
1521 5272 1781 5345 'gcnitura

212 5345 389 5414 genita
427 5344 604 5412 fuerit.
637 5346 713 5399 Eo
746 5357 951 5411 spectat
978 5357 1083 5401 tota
1112 5346 1290 5399 Basilii
1328 5344 1689 5410 ratiocinatio,
1725 5359 1777 5398 ut

214 5417 427 5485 νηοὺεέ
452 5417 743 5485 pugnantia
779 5418 921 5484 loqui
962 5418 1299 5471 Eunomium.
1336 5418 1399 5470 Et
1441 5434 1565 5471 vero
1617 5418 1773 5480 prnii~

217 5486 314 5537 teri
349 5483 545 5537 Filium
574 5483 873 5552 genituram
901 5496 1109 5550 esse,et
1147 5496 1323 5540 tamen
1364 5503 1556 5555 negare
1588 5487 1777 5540 Filium

216 5556 451 5627 genitum
484 5554 669 5614 fuisse.
698 5557 824 5623 quid
856 5569 957 5622 est.
991 5572 1191 5624 qnzcso,
1244 5560 1343 5611 nisi
1379 5554 1667 5627 pugnantia
1703 5558 1779 5610 lo-

216 5625 324 5692 qui,
346 5634 394 5677 et
425 5639 609 5677 secum
641 5642 743 5679 tt0n
777 5629 1122 5679 consentire?

285 5692 605 5769 (786)7Cndex
638 5707 858 5769 unuset
882 5698 1007 5769 editi
1169 5701 1476 5769 μεταφορᾶς
1509 5698 1775 5769 εἰρῆσθαι.

218 5763 416 5833 Reliqui
448 5782 542 5820 se!
580 5782 707 5821 mss.
744 5765 1012 5832 λέγεσθαι.
1058 5763 1179 5822 Μοῖς’
1216 5763 1407 5837 legitur
1447 5772 1495 5821 in
1551 5763 1778 5835 vulgatis

1883 4574 2117 4642 gentiam
2166 4572 2464 4640 prmterire.
2509 4568 2615 4622 Nec
2661 4570 2790 4621 mihi
2828 4570 2975 4621 dicas
3008 4585 3023 4623 :
3056 4566 3185 4634 Quae
3219 4583 3346 4621 vero
3376 4581 3457 4622 est

1885 4664 2184 4734 generatio,
2221 4673 2273 4717 et
2308 4662 2505 4730 qualis,
2538 4672 2593 4714 et
2620 4661 2889 4729 quomodo
2933 4661 3050 4714 fleri
3090 4659 3306 4730 potuit?
3340 4658 3453 4713 Non

1881 4997 1928 5047 εί
1979 4995 2159 5046 τοίνυν
2196 5010 2210 5045 :
2252 4993 2344 5046 sed
2401 5006 2496 5055 pro
2540 4992 2588 5042 εἰ
2639 4990 2818 5041 τοίνυν
2866 4989 3125 5055 scriptum
3166 4988 3217 5041 in
3257 4988 3455 5043 nostris

1882 5074 2086 5131 septem
2130 5063 2405 5117 codicibus
2442 5062 2741 5112 inveninms
2780 5061 2868 5121 Ὠς
2893 5058 3099 5131 τοίνυνἷ

1955 5134 2066 5197 (87)
2107 5133 2329 5187 Codices
2372 5132 2575 5198 aliquot
2627 5130 2778 5198 παρὰ
2825 5127 2919 5181 τοῦ
2961 5127 3299 5197 Πνεύματος.
3338 5125 3453 5181 Vox

1882 5205 2096 5273 αὐτῆς,
2153 5220 2271 5274 qua:
2333 5204 2512 5257 statim
2576 5203 2859 5267 sequitur,
2908 5200 2961 5252 in
3010 5201 3253 5267 quinque
3316 5214 3447 5253 mss.

1881 5278 2052 5328 dt'csl.

1954 5345 2063 5409 ('88)
2105 5344 2224 5396 llaec
2252 5345 2462 5395 diverse
2520 5342 2571 5393 in
2610 5340 2840 5393 diversis
2869 5338 3290 5406 diSIingnuntnr.
3320 5336 3453 5389 Nam

1888 5417 1939 5467 in
1966 5410 2197 5482 vulgatis
2235 5424 2289 5466 et
2328 5415 2380 5464 in
2432 5427 2538 5489 uno
2568 5410 2755 5463 codice
2784 5410 2985 5489 virgula
3023 5411 3193 5489 posita
3233 5417 3316 5489 est
3365 5422 3454 5458 so-

1887 5486 1991 5538 lum
2045 5478 2159 5552 post
2191 5498 2374 5537 vocem
2412 5482 2698 5551 χρήσεωςτ
2733 5490 2783 5531 at
2834 5482 2883 5532 in
2908 5478 3090 5552 Regiis
3116 5478 3354 5552 secundo
3401 5488 3457 5552 et

1885 5548 2075 5621 quarto
2114 5554 2317 5622 virgula
2345 5548 2522 5605 statim
2551 5563 2669 5619 post
2694 5552 2910 5603 verbum
2938 5548 3317 5617 ἁπαλείψομεν
3345 5549 3455 5599 col-

1888 5628 2114 5679 locatur.
2154 5626 2387 5678 Primam
2418 5622 2776 5688 distinguendi
2826 5629 3087 5673 rattouem
3125 5630 3343 5671 secutus
3370 5625 3471 5671 est.

1887 5698 2149 5761 interpres
2177 5706 2327 5747 vetus
2355 5710 2367 5743 :
2405 5709 2501 5745 nos
2526 5693 2899 5758 posteriorem.

1958 5758 2067 5833 (39)
2110 5766 2327 5821 Vettius
2354 5764 2555 5830 aliquot
2591 5762 2708 5813 libri
2762 5758 3203 5811 ἑναντιώσασοαι.
