4084 6318
160 370 266 424 (29

157 578 402 645 φροντὶς,
452 582 916 652 παρηλλαγμένων
966 586 1074 638 τῶν
1115 586 1409 655 ὀνομάτων.
1451 591 1722 658 παρηλλα-

156 666 367 733 γμένας
392 669 668 738 ὁμολογεῖν
693 673 784 724 καὶ
816 671 912 735 τὰς
944 676 1147 737 οὐσίας.

231 757 377 811 ΒΑΣ.
409 761 530 824 Πῶς
550 762 614 814 ἄν
633 778 714 824 τις
743 763 1099 836 εὐκολώτερον
1139 765 1398 834 χρήσαιτο
1429 766 1634 835 λύγοις;
1664 771 1722 832 ὃς

158 865 242 913 γε,
275 847 340 902 δι’
366 851 544 918 ὀλίγου
575 852 710 921 πρὸς
745 855 812 907 τὰ
858 857 1072 910 ἐναντία
1109 859 1587 929 περιτρεπόμενος,
1631 859 1724 911 νῦν

158 936 260 1004 μέν
286 956 416 1009 φησι
442 939 540 1007 τὴν
560 939 820 1012 διαφορὰν
845 947 952 998 τῶν
978 945 1252 1014 ὀνομάτων
1278 949 1590 1015 ἀναγκαίως
1618 950 1724 1003 τῶν

154 1027 356 1080 οὐσιῶν
397 1028 494 1097 τὴν
527 1032 878 1104 παραλλαγὴν
921 1035 1267 1103 ὑποφαίνειν·
1325 1037 1418 1091 νῦν
1458 1038 1513 1092 δὲ
1566 1041 1724 1094 πάλιν

153 1119 255 1191 τὴν
292 1120 572 1174 κοινωνίαν
611 1125 684 1196 μὴ
715 1130 1031 1179 κοινοποιείν
1064 1128 1160 1193 τὰς
1189 1131 1406 1196 οὐσίας;
1466 1133 1620 1200 Ἀλλ’,
1649 1131 1725 1187 οἷ-

159 1226 282 1279 μαι,
318 1213 641 1284 προσόμοιον
671 1234 724 1268 τι
755 1218 1013 1286 ποιοῦμεν
1051 1224 1162 1284 τοῖς
1187 1223 1278 1273 τὸν
1306 1223 1622 1295 ἀνδροφόνον
1660 1227 1724 1277 ἐκ

155 1298 438 1372 λοιδορίας,
460 1303 492 1374 ἢ
516 1303 744 1377 πληγῆς,
773 1309 806 1376 ἦ
837 1324 978 1374 τινος
999 1311 1105 1364 τῶν
1126 1311 1378 1365 τοιούτων
1402 1317 1726 1390 ἁμαρτημά-

154 1407 266 1443 των
292 1395 583 1464 κρίνουσιν.

227 1481 318 1536 25.
365 1486 482 1539 Ἐπὶ
521 1485 613 1541 οὖν
643 1489 701 1540 τὸ
735 1493 1022 1559 κεφάλαιον
1053 1495 1162 1547 τῶν
1201 1497 1384 1550 κακῶν
1435 1500 1596 1552 αὐτοῦ
1627 1517 1721 1571 με-

154 1573 430 1647 τἰὅῶμεν.
487 1581 828 1651 Θεασάμενος
860 1579 1034 1649 οὗτος,
1082 1588 1163 1640 ὅτι
1202 1591 1352 1662 κοινὴ
1392 1593 1423 1662 ἡ
1458 1592 1722 1662 πρόληψις

155 1667 326 1719 πᾶσιν
383 1669 582 1737 ὁμοίως
625 1672 964 1742 Χριστιανοῖς
1015 1679 1305 1750 ἐνυπάρχει
1347 1684 1489 1749 (τοῖς
1531 1699 1595 1750 γε
1647 1681 1721 1743 ὡς

151 1757 369 1827 άληθῶς
423 1761 522 1830 τῆς
573 1769 939 1837 προσηγορίας
970 1769 1171 1842 ταύτης
1215 1775 1406 1841 ἀξίοις)
1459 1776 1586 1842 περὶ
1626 1775 1718 1828 τοῦ

1277 379 1647 434 ADVERSUS
1688 380 2050 437 EUNOMIUM
2089 386 2216 439 LIB.
2261 388 2326 439 ll.

229 486 389 540 ΙΞΥΝ.
431 489 552 542 Ὅτι
602 490 786 563 ἐχρῆν,
835 493 988 563 εἴπερ
1023 496 1203 556 αὐτοῖς
1246 491 1436 578 ἦνπῆς
1474 498 1725 567 ἀληθείας
1755 509 1795 563 Α

3284 397 3390 450 G30

1905 501 2035 554 Eua.
2074 502 2384 570 Oportebat,
2417 503 2609 572 inquit,
2643 506 2685 558 si
2719 520 2820 573 qua
2857 506 2934 558 cis
2977 515 3116 560 esset
3150 509 3390 566 veritatis

1826 607 1976 659 cura,
2025 608 2144 645 cum
2207 595 2423 648 nomina
2485 596 2694 648 diversa
2750 599 2878 662 sint,
2933 598 3172 652 diversas
3228 600 3389 652 etiam

1825 684 2155 739 substantias
2183 687 2449 741 confiteri.

1899 773 2020 830 Bas.
2063 773 2336 840 Quomodo
2386 777 2506 847 quis
2556 776 2769 830 facilius
2824 781 3002 833 verbis
3051 780 3124 832 uti
3179 779 3390 848 possit?

1826 868 1915 935 qui
1968 869 2176 924 scilicet
2227 868 2369 924 brevi
2423 872 2489 924 ad
2548 873 2819 923 contraria
2869 887 3195 939 conversus,
3248 887 3388 925 nunc

1827 957 2040 1024 quidem
2089 959 2266 1020 dicat,
2327 963 2601 1016 nominum
2657 962 3023 1018 diversitatem
3082 965 3387 1018 necessario

1825 1049 2248 1103 substantiarum
2291 1049 2656 1106 diversitatem
2705 1054 2992 1106 ostendere
3023 1072 3036 1106 :
3068 1071 3210 1109 nunc
3261 1069 3385 1108 vero

1825 1154 1854 1193 e
1905 1142 2196 1202 contrario,
2251 1156 2438 1196 eorum
2490 1144 3030 1198 communicationem
3081 1159 3183 1198 non
3234 1161 3384 1199 coni-

1826 1247 2012 1285 munes
2070 1233 2399 1286 substantias
2457 1232 2667 1290 facere?
2725 1235 2850 1300 Sed,
2903 1236 3119 1304 opinor,
3168 1236 3387 1305 perinde

1825 1321 2053 1376 facimus
2091 1334 2251 1392 atque
2284 1326 2358 1388 hi,
2385 1326 2476 1393 qui
2506 1326 2822 1382 homicidam
2854 1327 3106 1393 coavicii,
3143 1337 3236 1380 aut
3269 1328 3388 1381 vul-

1825 1416 1989 1476 neris,
2023 1425 2116 1468 aut
2151 1414 2453 1484 hujusmodi
2487 1419 2692 1484 peccati
2724 1428 2997 1473 accusant.

1890 1507 1978 1561 25.
2022 1506 2102 1558 Ad
2149 1515 2312 1574 caput
2359 1507 2520 1574 igitur
2564 1507 2823 1559 malorum
2873 1509 2985 1574 ejus
3024 1518 3384 1562 transeamus.

1825 1601 1917 1653 llic
1942 1599 2026 1654 ille
2053 1615 2173 1653 cum
2193 1597 2411 1651 vidisset
2434 1598 2781 1664 anticipatam
2807 1599 3110 1666 opinionem
3135 1596 3388 1652 omnibus

1823 1693 2020 1758 pariter
2064 1689 2408 1755 Christianis,
2438 1689 2528 1757 qui
2567 1704 2692 1743 vere
2721 1689 2823 1744 hac
2852 1692 3204 1758 appellatione
3236 1693 3382 1763 digni

1823 1791 1966 1844 sum,
1997 1797 2333 1835 communem
2365 1796 2505 1846 esse,
2535 1780 2727 1834 Filium
2757 1781 3003 1835 videlicet
3038 1781 3207 1834 lucem
3235 1785 3383 1852 geni-

151 1848 273 1915 φῶς
333 1845 468 1906 εἶναι
524 1855 614 1909 τὸν
672 1858 796 1910 Υίὸν
853 1861 1128 1931 γεννητὸν,
1186 1868 1249 1917 ἐκ
1299 1865 1390 1916 τοῦ
1422 1867 1716 1935 ἀγεννήτου

1825 1883 1929 1924 tam
1979 1887 2119 1937 esse,
2151 1889 2214 1926 ex
2250 1874 2484 1942 ingenita
2534 1875 2655 1930 luce
2701 1875 3148 1943 resplendentem,
3176 1883 3228 1927 et
3264 1890 3383 1930 esse

150 1942 333 2008 φωτὸς
377 1948 772 2020 ἀπολάμῲαντα
801 1952 934 2023 (98),
974 1957 1066 2009 καὶ
1095 1959 1392 2028 αὐτοζωὴν,
1438 1960 1531 2010 καὶ
1564 1961 1720 2012 αὐτο-

147 2032 354 2098 ἀγαθον
377 2041 438 2089 ἐκ
461 2033 560 2108 τῆς
595 2041 856 2104 ζωοποιοῦ
888 2049 1069 2119 πηγῆς
1096 2051 1193 2119 τῆς
1224 2051 1494 2122 πατρικῆς
1520 2052 1718 2119 ἀγαθό-

144 2140 313 2192 τητος
344 2129 668 2198 προελθόντα
688 2153 703 2166 ο
740 2134 856 2191 εἶτα
881 2139 1222 2210 ἐνθυμηθεὶς,
1253 2142 1355 2202 ὅτι,
1400 2145 1446 2194 εί
1491 2142 1564 2213 μὴ
1591 2143 1719 2195 ταύ-

143 2234 250 2281 τας
296 2222 446 2291 ἡμῶν
490 2226 587 2290 τὰς
630 2230 838 2293 ἐννοίας
886 2231 1307 2296 διασαλεύσειεν,
1365 2235 1516 2288 οὐδὲν
1570 2235 1717 2306 αὐτῷ

149 2309 313 2364 πλέον
337 2316 443 2368 τῶν
469 2321 811 2389 σοφισμάτων
833 2323 1116 2393 γενήσεται
1143 2325 1274 2396 (99),
1301 2326 1376 2392 ὡς
1400 2327 1492 2381 τοῦ
1515 2345 1578 2398 γε
1601 2329 1715 2398 φῶς

141 2403 530 2474 ὁμολογοῦντος
574 2411 663 2464 τὸν
714 2414 946 2486 Πατέρα,
1001 2417 1113 2485 φῶς
1152 2419 1208 2471 δὲ
1269 2421 1362 2473 καὶ
1417 2422 1509 2474 τὸν
1563 2423 1711 2487 Υἱὸν,

141 2495 249 2563 τῆς
301 2497 394 2549 τοῦ
445 2501 624 2567 φωτὸς
653 2505 858 2569 ἐννοίας
901 2510 1028 2578 μιᾶς
1066 2511 1156 2562 καὶ
1188 2511 1286 2578 τῆς
1328 2512 1499 2579 αὐτῆς
1538 2515 1714 2583 ὑπαρ-

142 2587 368 2659 χούσης.
409 2594 726 2666 αὐτομάτως
775 2602 853 2664 είς
904 2601 1001 2672 τὴν
1065 2605 1354 2674 ὁμολογίαν
1415 2607 1514 2677 τῆς
1574 2607 1714 2660 κατά

270 2681 452 2739 οὐσίαν
473 2688 799 2760 οἰκειότητος
825 2692 1273 2765 ὐπαχθησομένου
1303 2695 1378 2767 (Ι)
1400 2714 1413 2726 ·
1447 2699 1584 2766 φωτὶ
1608 2700 1715 2771 γὰρ

143 2769 289 2838 πρὸς
335 2775 467 2841 φῶς,
501 2781 618 2830 κατ’
654 2781 813 2836 αὐτὸν
850 2785 939 2836 τὸν
977 2785 1071 2837 τοῦ
1121 2788 1296 2854 φωτὸς
1348 2787 1523 2857 λόγον,
1571 2769 1716 2843 οὐδε-

145 2863 272 2928 μία,
303 2864 424 2918 οὐτε
461 2873 599 2926 κατὰ
624 2873 719 2943 τὴν
760 2879 1056 2946 προφορὰν,
1090 2877 1211 2930 οὐτε
1241 2881 1363 2931 κατ’
1397 2881 1565 2951 αὐτὴν
1611 2885 1712 2954 τὴν

143 2950 354 3006 ἔννοιαν
395 2956 492 3026 (2),
529 2963 642 3012 ἐστὶ
689 2966 1040 3037 παραλλαγή·
1098 2970 1183 3020 ἵνα
1236 2966 1328 3023 οὖν
1366 2972 1521 3024 τοῦτο
1557 2975 1712 3045 ἡμῶν

141 3046 433 3119 ἀφέληται,
472 3057 582 3117 τοῖς
624 3057 732 3108 τῶν
779 3062 1165 3131 τεχνασμάτων
1211 3065 1446 3130 δικτύοις
1483 3067 1571 3120 τὸν
1615 3069 1712 3138 τῆς

141 3139 384 3205 πίστεως
442 3143 596 3214 λόγον
649 3152 1120 3223 περιστοιχίζεται,
1157 3156 1479 3230 ἀσύμϐλητα
1541 3162 1712 3213 ταῦτα

141 3230 245 3282 καὶ
287 3233 620 3309 ἀκοινώνητα
685 3243 961 3308 παντελῶς
991 3246 1237 3318 ἀλλήλοις
1266 3246 1404 3303 εἶναι
1431 3252 1713 3314 διδάσκων,

140 3322 242 3374 καὶ
274 3324 370 3389 τὴν
400 3328 494 3380 τοῦ
527 3331 819 3402 άγεννήτου
869 3337 1004 3407 πρὸς
1037 3340 1094 3390 τὸ
1137 3343 1393 3410 γεννητὸν
1423 3344 1712 3406 ἀντίθεσιν,

135 3412 346 3505 ταύτην
394 3419 487 3469 καὶ
536 3420 613 3489 τῷ
647 3426 783 3490 φωτὶ
825 3427 961 3495 πρὸς
1001 3429 1060 3480 τὸ
1096 3430 1210 3498 φῶς
1265 3427 1399 3484 εἶναι
1438 3433 1627 3501 λέγων,
1679 3436 1711 3505 ἦ

134 3521 305 3557 τουτο
342 3507 635 3576 φεύγοντας
683 3518 829 3584 ἡμᾶς
874 3520 948 3585 (5)
986 3520 1238 3575 σύνθετον
1275 3519 1413 3578 εἶναι
1448 3527 1537 3578 τὸν
1581 3527 1712 3580 Θεὸν

135 3596 428 3666 ὁμολογεῖν
461 3603 802 3672 ἀναγκάζων.
841 3611 1055 3665 Μᾶλλον
1092 3613 1148 3666 δὲ
1189 3616 1357 3684 αὐτῆς
1401 3617 1564 3669 αὐτοῦ
1614 3618 1713 3688 τῆς

135 3685 341 3752 λέξεως
369 3693 708 3766 ἀκούσωμεν.

217 3780 376 3836 ΕΥΝ.
413 3787 644 3858 Πότερον
673 3792 800 3846 ἄλλο
824 3811 876 3847 τι
904 3799 1177 3868 σημαίνει,
1215 3801 1368 3870 φησὶ,
1397 3800 1457 3852 τὸ
1483 3801 1597 3869 φῶς
1628 3801 1712 3854 ἐπ’

133 3877 440 3947 ἀγεννήτου
465 3881 539 3950 (4)
571 3885 717 3953 παρά
742 3886 801 3937 τὸ
829 3891 1101 3960 γεννητὸν,
1133 3891 1164 3961 ἢ
1195 3892 1387 3945 ταυτὸν
1419 3894 1708 3965 ἑκάτερον;

138 3967 210 4018 Εἰ
248 3969 344 4036 μὲν
387 3972 496 4042 γάρ
543 3973 618 4042 (5)
661 3975 846 4047 ἕτερόν
874 3997 926 4030 τι
976 3984 1070 4034 καὶ
1105 3984 1321 4053 ἕτερον,
1361 3983 1599 4055 εὖδηλον,
1630 3987 1712 4038 ὅτι

137 4060 241 4112 καὶ
277 4059 527 4115 σύνθετον
562 4065 622 4116 τὸ
651 4066 707 4131 ἐξ
742 4067 926 4140 ἑτέρου
966 4073 1060 4123 καὶ
1091 4073 1275 4142 ἐτέρου
1319 4077 1670 4145 συγκείμενον
1695 4092 1708 4104 °

136 4153 205 4203 τὸ
257 4152 314 4206 δὲ
361 4153 609 4209 σύνθετον
661 4159 759 4211 οὐκ
817 4161 1137 4231 ἀγέννητον·
1170 4167 1218 4216 εί
1250 4166 1306 4217 δὲ
1339 4167 1552 4232 ταυτὸν,
1589 4169 1713 4220 ὅσον

140 4244 520 4313 παρήλλακται
551 4248 612 4299 τὸ
643 4252 897 4321 γεννητὸν
927 4255 1061 4321 πρὸς
1094 4253 1152 4306 τὸ
1181 4255 1494 4327 ἀγέννητον,
1529 4259 1714 4311 τοσοῦ-

139 4352 237 4386 τον
277 4338 489 4408 ἀνάγκη
525 4342 899 4413 παρηλλάχθαι
930 4327 989 4397 τὸ
1020 4347 1132 4414 φῶς
1179 4349 1313 4418 πρὸς
1354 4350 1414 4401 τὸ
1444 4350 1580 4417 φῶς,
1619 4353 1712 4402 καδ-

140 4429 248 4497 τὴν
288 4427 433 4499 ζωὴν
461 4434 593 4501 πρὸς
619 4435 718 4505 τὴν
748 4433 912 4506 ζωὴν,
950 4437 1043 4491 καὶ
1072 4437 1169 4510 την
1195 4440 1422 4510 δύναμιν
1452 4441 1588 4514 πρὸς
1614 4443 1712 4514 τὴν

139 4519 394 4590 δύναμιν.

1822 1967 1993 2034 ipsam
2023 1981 2118 2034 per
2141 1983 2200 2021 se
2227 1968 2414 2029 vitam,
2442 1969 2726 2040 ipsumque
2755 1985 2848 2039 per
2875 1983 2932 2023 se
2958 1970 3171 2029 bonum,
3201 1984 3264 2022 ex
3298 1969 3376 2021 vi-

1823 2061 2076 2115 viﬁcante
2121 2061 2268 2115 fonte
2321 2071 2559 2129 paternae
2613 2062 2870 2117 bonitatis
2916 2063 3320 2132 provenientem
3363 2079 3383 2115 ι

1819 2153 2012 2206 deinde
2043 2169 2163 2206 cum
2197 2152 2570 2216 intellexisset,
2607 2153 2703 2207 has
2737 2165 2950 2207 nostras
2990 2156 3234 2207 notiones
3276 2153 3378 2206 nisi

1819 2247 2198 2310 concussisset,
2236 2244 2372 2308 fore,
2421 2256 2477 2298 ιιι
2518 2246 2679 2316 262
2722 2246 2855 2299 nihil
2888 2245 3111 2300 omnino
3156 2247 3256 2300 sibi
3288 2260 3382 2299 su-

1817 2339 1983 2409 persit
2016 2347 2213 2409 praeter
2242 2338 2570 2408 sophismata
2607 2340 2719 2409 (qui
2751 2340 2891 2391 enim
2921 2338 3132 2392 Patrem
3165 2339 3382 2392 conlltc-

1821 2444 1904 2484 ιιιι·
1935 2432 2105 2484 lucem
2138 2446 2279 2495 esse,
2307 2441 2361 2483 et
2408 2430 2600 2484 Filium
2632 2444 2846 2498 quoque
2876 2444 2995 2483 esse
3033 2428 3228 2495 lucem,
3255 2445 3380 2482 cum

1821 2523 1952 2574 lucis
1978 2521 2048 2573 sit
2078 2537 2179 2573 una
2208 2531 2261 2574 et
2291 2521 2478 2574 eadem
2509 2520 2680 2584 notio,
2712 2521 3030 2573 naturaliter
3059 2535 3122 2573 eo
3156 2519 3382 2573 deduce-

1818 2625 1925 2674 tur,
1950 2621 2007 2666 ut
2034 2613 2468 2681 conjunctionem
2498 2612 2791 2666 secundum
2839 2611 3194 2668 substantiam
3221 2612 3380 2666 conli-

1821 2715 1997 2760 lt‘allll‘
2022 2724 2037 2761 ι
2063 2723 2184 2760 nam
2215 2706 2388 2760 lucem
2420 2707 2558 2759 inter
2582 2714 2635 2759 et
2664 2705 2854 2767 lucem,
2885 2705 3180 2758 secundum
3211 2705 3378 2772 ipsam

1819 2799 1952 2852 lucis
1989 2801 2272 2868 rationem,
2305 2799 2444 2852 nulla
2473 2813 2644 2876 neque
2668 2799 2720 2852 in
2751 2797 3086 2868 prolatione,
3119 2811 3293 2867 neque
3323 2797 3376 2850 in

1818 2893 1928 2958 ipsa
1979 2892 2370 2961 signiﬁcatione
2425 2893 2710 2946 diversitas
2752 2895 2920 2960 est):
2969 2901 3026 2946 ut
3068 2891 3231 2962 igitur
3279 2893 3380 2946 hoc

1818 2984 1971 3036 nubis
2005 2983 2243 3045 adimat,
2283 2979 2638 3034 artiﬁciorum
2678 2982 2878 3035 retibus
2918 2982 3039 3035 ﬁdei
3078 2981 3376 3034 doctrinam

1817 3075 2220 3139 circumvallat,
2267 3078 2380 3128 hazc
2417 3075 2556 3127 inter
2585 3088 2644 3127 se
2679 3089 2852 3143 neque
2898 3073 3057 3126 ullam
3097 3087 3381 3144 compara-

1821 3167 2056 3228 tionem,
2111 3180 2284 3233 neque
2335 3164 2495 3217 ullam
2549 3165 2983 3219 communionem
3035 3166 3235 3220 docens
3281 3166 3379 3219 ha-

1821 3255 1986 3308 bere:
2021 3265 2072 3308 et
2098 3271 2213 3322 quze
2238 3267 2318 3309 est
2347 3256 2583 3326 genitum
2618 3257 2758 3309 inter
2789 3265 2843 3311 et
2883 3257 3176 3327 ingenitum
3207 3272 3376 3326 Oppu-

1816 3348 1960 3411 sitio,
1994 3348 2134 3400 hanc
2164 3347 2349 3401 dicens
2375 3349 2535 3400 etiam
2562 3363 2681 3402 esse
2717 3348 2888 3402 lucem
2925 3351 3066 3402 inter
3092 3356 3147 3401 et
3177 3349 3374 3412 lucem,

1814 3449 1901 3492 aul
1937 3439 1981 3493 si
2013 3439 2112 3494 hoc
2142 3453 2476 3503 aversamur,
2513 3442 2866 3508 cmnpositnm
2901 3455 3022 3494 esse
3052 3441 3214 3492 Deum
3247 3455 3383 3492 con-

1814 3532 1954 3585 literi
1983 3545 2204 3603 cogens.
2240 3531 2346 3585 Sed
2390 3531 2568 3600 petius
2598 3532 2766 3600 ipsam
2812 3532 2928 3602 ejus
2959 3530 3250 3586 dictionem
3283 3546 3375 3585 au.

1815 3623 2045 3676 diamus.

1889 3808 2019 3863 Eua.
2068 3807 2255 3863 Utrum
2291 3809 2431 3861 aliud
2474 3811 2600 3878 quid
2642 3809 2927 3876 signiﬁcat,
2973 3809 3162 3878 inquit,
3199 3809 3289 3861 lux
3325 3809 3376 3862 in

1816 3903 2049 3972 ingenito
2082 3912 2274 3970 praJter
2305 3903 2566 3972 genitum,
2600 3918 2667 3954 an
2701 3901 2837 3955 idem
2866 3901 3192 3969 utrumque?
3219 3899 3376 3963 Nam,

1815 3997 1859 4048 si
1894 3995 2037 4048 aliud
2079 4005 2239 4062 atque
2271 3995 2454 4056 aliud,
2498 3995 2671 4063 palam
2715 4004 2796 4049 est
2827 3996 2988 4048 etiam
3020 3995 3378 4062 compositum

1816 4088 1864 4138 id
1895 4100 2018 4140 esse
2040 4125 2055 4149 ,
2090 4087 2230 4155 quod
2259 4103 2324 4140 ex
2366 4087 2470 4140 alio
2498 4098 2658 4154 atque
2698 4088 2802 4139 alio
2833 4097 3061 4140 constat.
3096 4087 3247 4152 Quod
3276 4103 3372 4139 au-

1816 4188 1920 4231 tem
1951 4180 2305 4246 compositqu
2342 4190 2457 4244 est,
2511 4181 2804 4249 ingenitum
2853 4195 2958 4234 neu
3007 4190 3109 4235 est.
3155 4181 3211 4233 Si
3253 4196 3383 4232 vero

1815 4270 1976 4332 idem,
2014 4282 2275 4339 quantum
2309 4272 2581 4326 ditt-rsum
2616 4282 2697 4326 est
2726 4273 2965 4340 genitum
2995 4274 3063 4325 ab
3102 4272 3377 4341 ingenito,

1817 4364 2025 4408 tantum
2057 4371 2279 4411 necesse
2316 4369 2395 4412 est
2431 4358 2602 4411 lucem
2636 4374 2662 4411 a
2703 4360 2821 4412 luce
2857 4359 3124 4413 diversam
3153 4373 3294 4422 esse,
3325 4367 3382 4413 et

1815 4461 1977 4503 vnam
2008 4466 2035 4502 a
2069 4452 2201 4515 vita,
2233 4461 2286 4506 et
2315 4453 2610 4520 potentiam
2642 4467 2670 4505 a
2701 4453 2961 4520 potentia.

217 4611 364 4665 ΒΑΣ.
429 4613 616 4682 Ὁρᾶτε
661 4618 752 4669 καὶ
795 4620 1002 4674 συνίετε
1053 4623 1114 4674 τὸ
1148 4624 1248 4693 τῆς
1295 4625 1548 4691 ἀσεϐείας
1589 4645 1710 4699 φρι-

1887 4630 2010 4684 Bas.
2057 4631 2242 4685 Videte
2274 4641 2328 4684 et
2353 4632 2632 4699 intelligite
2665 4634 2990 4688 horrendam
3022 4634 3380 4698 impietatem.

138 4704 289 4757 κτόν.
326 4705 506 4769 Ὅσον,
538 4708 689 4777 φησι,
715 4708 774 4761 τὸ
804 4711 1096 4783 ἀγέννητον
1126 4716 1219 4767 τοῦ
1255 4719 1508 4786 γεννητοῦ
1535 4720 1710 4791 διενή-

371 4952 586 5028 Αιιιιίᾳιιί
627 4953 731 5006 duo
763 4954 880 5028 libri
922 4956 1269 5028 ἀπολάμψαν.
1323 4958 1422 5011 Alii
1479 4975 1606 5016 mss.
1653 4970 1707 5015 et

138 5021 280 5072 editi
311 5019 765 5098 ἀπολάμψαντα.μ
789 5024 1002 5098 διξιιὶιιιΔ
1026 5019 1168 5095 ung
1191 5033 1462 5098 secundus
1488 5031 1707 5098 perinde

139 5099 316 5171 atque
345 5091 470 5170 editi
495 5091 680 5164 πηγῆς
707 5095 826 5171 τῆς,
872 5113 934 5171 ea:
970 5091 1129 5171 [oute—
1176 5107 1409 5171 paterin
1446 5091 1710 5152 bonitatis.

143 5161 362 5226 lleliqui
419 5161 572 5215 mss.’
598 5161 780 5239 πηγῆς
812 5168 906 5219 καὶ
934 5161 1054 5235 τῆς,
1089 5161 1185 5221 ρκ’
1215 5168 1504 5234 viviﬁcante
1550 5171 1713 5239 fonte,

136 5245 323 5305 (atque
353 5241 567 5305 paterna
595 5235 826 5305 bonitate
856 5239 1290 5305 progredientem.

211 5298 332 5378 ⁸(
345 5374 352 5378 α
367 5299 576 5378 ρι’)δὲιν·¹
590 5303 746 5368 αὐτῷ
770 5298 972 5360 πλέονῖ
980 5306 1097 5360 τῶν
1119 5308 1522 5377 σοφισμάτων.
1537 5312 1710 5376 Verte,

141 5368 319 5443 ΝιΙιὶί
446 5372 730 5443 proderunt
769 5377 1110 5443 sophismata.
1144 5368 1352 5432 Μλιιιιιῖι.

223 5439 300 5507 (1)
340 5441 477 5521 ιξιιίιι
508 5451 568 5521 et
605 5443 731 5521 Reg.
783 5439 1018 5521 quintus
1051 5450 1399 5518 σοφισμάτων
1433 5449 1601 5507 ἔσται,
1652 5453 1707 5505 '0

135 5509 257 5630 γάρ
304 5509 418 5577 φῶς
451 5511 724 5580 ὁμολογῶν
757 5509 844 5567 τὸν
878 5509 1570 5590 Πατέρα.ξ...ὀίκειότητος
1615 5523 1709 5574 ὑπο

136 5598 213 5630 αν
256 5579 467 5630 ήσεται.
488 5584 554 5630 ΑΙ.
579 5584 814 5630 animum
846 5599 1041 5630 msgdm
1076 5591 1125 5630 in
1142 5601 1393 5630 nnnluvln
1447 5592 1544 5630 uici
1565 5596 1707 5630 nnrnl

136 5579 554 5660 gemmea:
579 5579 973 5660 quinqueniss.
991 5579 1044 5640 ιιὶ
1076 5591 1125 5640 in
1142 5601 1417 5660 contextu,
1447 5579 1708 5660 nisi'quod

144 5650 287 5717 ιιιιε.
310 5721 322 5729 ⁵
354 5651 544 5729 tertius
602 5668 696 5729 pro
729 5650 793 5723 γε
829 5657 1020 5710 habeat
1047 5675 1128 5720 τε,
1153 5671 1208 5712 et
1268 5660 1319 5712 in
1357 5650 1486 5726 llcg.
1515 5650 1710 5729 (μιίιιιυ

140 5736 244 5787 pro
277 5718 610 5798 οἰκειότητος
639 5718 847 5792 legatur
897 5718 1240 5798 ταυτότητος.
1296 5718 1490 5785 Parui"
1531 5718 1711 5786 'refert

145 5802 270 5843 utro
298 5790 458 5844 modo
488 5790 657 5861 legas,
680 5790 799 5848 cum
827 5807 1055 5866 utroque
1087 5790 1238 5856 modo
1266 5804 1453 5856 eadem
1496 5813 1706 5857 senten-

1817 4723 2106 4787 Quantum,
2139 4723 2346 4793 inquit,
2383 4724 2676 4792 ingenitum
2715 4741 2743 4778 ιι
2772 4725 2955 4792 genito
3003 4724 3219 4790 dili'ert,
3260 4734 3381 4778 tan-

1816 4898 1883 4948 tia
1919 4896 2200 4949 efﬁciatur.

1883 4967 2129 5032 titiliditi
2183 4966 2336 5037 vta—:81
2375 4965 2474 5037 τὴν
2527 4967 2752 5021 ἔννοιαν.
2819 4970 3037 5037 Antiqui
3103 4982 3208 5025 tres
3256 4971 3378 5025 libri

1818 5038 1936 5088 κατ’
1982 5037 2150 5106 αὐτὴν
2181 5037 2280 5106 τὴν
2313 5035 2536 5090 ἔννοιαν.
2571 5039 2688 5092 Mox
2753 5038 2882 5105 Reg.
2921 5035 3190 5093 secundus
3221 5041 3381 5094 τοῦτο

1814 5108 1978 5185 ἡμᾶς.
2036 5108 2152 5188 Alii.
2199 5111 2302 5161 duo
2357 5125 2485 5160 mss.
2541 5109 2731 5162 τούτου
2789 5111 2957 5180 ἡμᾶς.
2990 5110 3129 5164 Editi
3161 5120 3215 5165 et
3243 5111 3378 5183 Reg.

1811 5190 2030 5243 quintus
2059 5187 2116 5229 ut
2143 5195 2193 5230 Ill
2225 5187 2499 5231 contextu.

1881 5247 1958 5316 (5)
1984 5246 2137 5308 Illud,
2166 5249 2336 5317 ἡμᾶς,
2372 5264 2435 5302 ex
2459 5259 2688 5316 quatuor
2719 5267 2847 5304 mss.
2878 5250 3200 5306 addidimus.

1881 5317 1954 5387 (4i
1985 5317 2167 5371 Nullus
2187 5321 2290 5371 erit
2316 5320 2634 5392 seusus_nisi
2661 5322 2918 5390 legamus,
2952 5321 3104 5392 παρά
3130 5320 3192 5374 τὸ
3219 5323 3387 5391 ἀγέν-

1809 5405 1987 5470 νητον,
2020 5402 2284 5470 uon‘vero
2308 5389 2562 5470 γεννητόν
2587 5389 2868 5470 εηίιτιέθιιίιιι
2896 5389 3050 5470 paulo
3079 5389 3301 5470 ppulit)
3322 5395 3380 5448 δὲ

1811 5459 2062 5511 σύνθετον
2096 5459 2537 5529 οὐκίάγὲννητον.
2590 5461 2678 5513 Sic
2712 5463 2872 5528 igitur
2899 5459 3163 5516 reddenda
3195 5465 3379 5518 Eunu-

1807 5530 1898 5580 Inii
1931 5530 2087 5606 verba
2120 5543 2132 5580 :
2162 5528 2354 5606 _Utrum
2377 5528 2546 5606 tumin
2576 5531 2803 5600 ingenito
2834 5533 3138 5606 ali‘udquid
3169 5533 3375 5606 signiﬁ-

1809 5609 1974 5672 catque
1988 5600 2307 5672 ingenitum,
2332 5618 2398 5652 an
2417 5671 2423 5672 γ
2440 5601 2574 5672 idem
2599 5613 2873 5672 utrumque
2893 5604 2918 5655 ?
2951 5600 3168 5658 Mittam.

1881 5668 1956 5738 (5)
1977 5669 2198 5723 Codices
2231 5680 2338 5726 tres
2372 5671 2470 5740 μὲν
2499 5670 2625 5741 γάρ.
2665 5668 2861 5728 Vocula
2901 5673 3010 5745 γάρ
3045 5676 3096 5728 in
3163 5675 3380 5732 excusis

1810 5739 2162 5792 desideratur.

1847 5748 2162 5795 esmeratur.
