  <div class='ocr_page' id='page_1' title='image "/cluster/home/n/w/nwhite01/storage/ocr_20150623/29/pst.000005712274/719.png"; bbox 0 0 4078 6316; ppageno 0'>
   <div class='ocr_carea' id='block_1_1' title="bbox 643 331 737 383">
    <p class='ocr_par' dir='ltr' id='par_1_1' title="bbox 643 331 737 383">
     <span class='ocr_line' id='line_1_1' title="bbox 643 331 737 383; baseline -0.011 0"><span class='ocrx_word' id='word_1_1' title='bbox 643 331 737 383; x_wconf 68' lang='grc'><strong>051</strong></span> 
     </span>
    </p>
   </div>
   <div class='ocr_carea' id='block_1_2' title="bbox 1936 314 2527 372">
    <p class='ocr_par' dir='ltr' id='par_1_2' title="bbox 1936 314 2527 372">
     <span class='ocr_line' id='line_1_2' title="bbox 1936 314 2527 372; baseline -0.01 -1"><span class='ocrx_word' id='word_1_2' title='bbox 1936 317 1993 372; x_wconf 85' lang='lat' dir='ltr'><strong>S.</strong></span> <span class='ocrx_word' id='word_1_3' title='bbox 2040 316 2278 370; x_wconf 79' lang='lat' dir='ltr'><strong>BASlLll</strong></span> <span class='ocrx_word' id='word_1_4' title='bbox 2318 314 2527 369; x_wconf 79' lang='lat' dir='ltr'><strong>MAGNI</strong></span> 
     </span>
    </p>
   </div>
   <div class='ocr_carea' id='block_1_3' title="bbox 3754 311 3858 363">
    <p class='ocr_par' dir='ltr' id='par_1_3' title="bbox 3754 311 3858 363">
     <span class='ocr_line' id='line_1_3' title="bbox 3754 311 3858 363; baseline 0 0"><span class='ocrx_word' id='word_1_5' title='bbox 3754 311 3858 363; x_wconf 74' lang='lat'><strong>652</strong></span> 
     </span>
    </p>
   </div>
   <div class='ocr_carea' id='block_1_4' title="bbox 643 428 2210 504">
    <p class='ocr_par' dir='ltr' id='par_1_4' title="bbox 643 435 2196 504">
     <span class='ocr_line' id='line_1_4' title="bbox 643 435 2196 504; baseline -0.009 -3"><span class='ocrx_word' id='word_1_6' title='bbox 643 456 756 501; x_wconf 89' lang='lat' dir='ltr'><strong>tum</strong></span> <span class='ocrx_word' id='word_1_7' title='bbox 786 441 999 496; x_wconf 80' lang='lat' dir='ltr'><strong>diﬂ‘eret</strong></span> <span class='ocrx_word' id='word_1_8' title='bbox 1034 437 1124 493; x_wconf 79' lang='lat' dir='ltr'><strong>lux</strong></span> <span class='ocrx_word' id='word_1_9' title='bbox 1157 455 1185 492; x_wconf 88' lang='lat' dir='ltr'><strong>a</strong></span> <span class='ocrx_word' id='word_1_10' title='bbox 1218 440 1354 502; x_wconf 88' lang='lat' dir='ltr'><strong>luce,</strong></span> <span class='ocrx_word' id='word_1_11' title='bbox 1388 449 1440 495; x_wconf 89' lang='lat' dir='ltr'><strong>et</strong></span> <span class='ocrx_word' id='word_1_12' title='bbox 1476 438 1582 490; x_wconf 87' lang='lat' dir='ltr'><strong>vita</strong></span> <span class='ocrx_word' id='word_1_13' title='bbox 1628 454 1655 489; x_wconf 75' lang='grc' dir='ltr'><strong>ιι</strong></span> <span class='ocrx_word' id='word_1_14' title='bbox 1704 440 1837 501; x_wconf 83' lang='lat' dir='ltr'><strong>vita,</strong></span> <span class='ocrx_word' id='word_1_15' title='bbox 1870 447 1922 489; x_wconf 85' lang='lat' dir='ltr'><strong>et</strong></span> <span class='ocrx_word' id='word_1_16' title='bbox 1961 435 2196 504; x_wconf 91' lang='lat' dir='ltr'><strong>potentia</strong></span> 
     </span>
    </p>
   </div>
   <div class='ocr_carea' id='block_1_5' title="bbox 2315 428 3860 504">
    <p class='ocr_par' dir='ltr' id='par_1_5' title="bbox 2315 428 3860 501">
     <span class='ocr_line' id='line_1_5' title="bbox 2315 428 3860 501; baseline -0.003 -17"><span class='ocrx_word' id='word_1_17' title='bbox 2315 448 2438 501; x_wconf 68' lang='grc' dir='ltr'>νοχε,</span> <span class='ocrx_word' id='word_1_18' title='bbox 2486 430 2730 484; x_wconf 82' lang='grc' dir='ltr'>τοσοῦτον</span> <span class='ocrx_word' id='word_1_19' title='bbox 2770 429 2954 483; x_wconf 77' lang='grc' dir='ltr'><strong>διοίσει</strong></span> <span class='ocrx_word' id='word_1_20' title='bbox 3001 430 3061 483; x_wconf 77' lang='grc' dir='ltr'>τὸ</span> <span class='ocrx_word' id='word_1_21' title='bbox 3094 430 3207 499; x_wconf 79' lang='grc' dir='ltr'><strong>φῶς</strong></span> <span class='ocrx_word' id='word_1_22' title='bbox 3255 428 3389 498; x_wconf 72' lang='grc' dir='ltr'>πρὸς</span> <span class='ocrx_word' id='word_1_23' title='bbox 3428 428 3490 481; x_wconf 79' lang='grc' dir='ltr'>τὸ</span> <span class='ocrx_word' id='word_1_24' title='bbox 3531 432 3669 498; x_wconf 74' lang='grc' dir='ltr'>φῶς,</span> <span class='ocrx_word' id='word_1_25' title='bbox 3702 428 3790 482; x_wconf 73' lang='grc' dir='ltr'>καὶ</span> <span class='ocrx_word' id='word_1_26' title='bbox 3829 432 3860 498; x_wconf 81' lang='grc' dir='ltr'>ή</span> 
     </span>
    </p>
   </div>
   <div class='ocr_carea' id='block_1_6' title="bbox 644 527 2201 604">
    <p class='ocr_par' dir='ltr' id='par_1_6' title="bbox 644 527 2201 604">
     <span class='ocr_line' id='line_1_6' title="bbox 644 527 2201 604; baseline -0.006 -16"><span class='ocrx_word' id='word_1_27' title='bbox 644 554 671 588; x_wconf 83' lang='lat' dir='ltr'><strong>a</strong></span> <span class='ocrx_word' id='word_1_28' title='bbox 703 534 960 604; x_wconf 79' lang='lat' dir='ltr'><strong>potentia.</strong></span> <span class='ocrx_word' id='word_1_29' title='bbox 999 531 1398 600; x_wconf 65' lang='lat' dir='ltr'><strong>[interrogemus</strong></span> <span class='ocrx_word' id='word_1_30' title='bbox 1426 530 1587 599; x_wconf 77' lang='lat' dir='ltr'><strong>igitur</strong></span> <span class='ocrx_word' id='word_1_31' title='bbox 1622 530 1795 597; x_wconf 86' lang='lat' dir='ltr'><strong>ipsum</strong></span> <span class='ocrx_word' id='word_1_32' title='bbox 1819 572 1832 591; x_wconf 85' lang='lat'><strong>,</strong></span> <span class='ocrx_word' id='word_1_33' title='bbox 1865 529 2073 594; x_wconf 89' lang='lat' dir='ltr'><strong>Quanto</strong></span> <span class='ocrx_word' id='word_1_34' title='bbox 2122 527 2201 579; x_wconf 90' lang='lat' dir='ltr'><strong>iu-</strong></span> 
     </span>
    </p>
   </div>
   <div class='ocr_carea' id='block_1_7' title="bbox 643 620 2199 695">
    <p class='ocr_par' dir='ltr' id='par_1_7' title="bbox 643 620 2199 695">
     <span class='ocr_line' id='line_1_7' title="bbox 643 620 2199 695; baseline -0.005 -17"><span class='ocrx_word' id='word_1_35' title='bbox 643 625 866 679; x_wconf 83' lang='lat' dir='ltr'><strong>tervallo</strong></span> <span class='ocrx_word' id='word_1_36' title='bbox 892 626 1187 695; x_wconf 77' lang='lat' dir='ltr'><strong>ingenitum</strong></span> <span class='ocrx_word' id='word_1_37' title='bbox 1219 640 1246 675; x_wconf 93' lang='lat' dir='ltr'><strong>a</strong></span> <span class='ocrx_word' id='word_1_38' title='bbox 1294 624 1473 693; x_wconf 78' lang='lat' dir='ltr'><strong>genito</strong></span> <span class='ocrx_word' id='word_1_39' title='bbox 1510 620 1813 689; x_wconf 79' lang='lat' dir='ltr'><strong>Sejuuctum</strong></span> <span class='ocrx_word' id='word_1_40' title='bbox 1857 620 1975 675; x_wconf 70' lang='lat' dir='ltr'><strong>est?</strong></span> <span class='ocrx_word' id='word_1_41' title='bbox 2023 626 2199 671; x_wconf 85' lang='lat' dir='ltr'><strong>utrum</strong></span> 
     </span>
    </p>
   </div>
   <div class='ocr_carea' id='block_1_8' title="bbox 644 709 2202 783">
    <p class='ocr_par' dir='ltr' id='par_1_8' title="bbox 644 709 2202 783">
     <span class='ocr_line' id='line_1_8' title="bbox 644 709 2202 783; baseline -0.004 -17"><span class='ocrx_word' id='word_1_42' title='bbox 644 730 811 783; x_wconf 85' lang='lat' dir='ltr'><strong>parvo</strong></span> <span class='ocrx_word' id='word_1_43' title='bbox 849 714 1047 783; x_wconf 88' lang='lat' dir='ltr'><strong>aliquo,</strong></span> <span class='ocrx_word' id='word_1_44' title='bbox 1087 724 1140 767; x_wconf 83' lang='lat' dir='ltr'><strong>et</strong></span> <span class='ocrx_word' id='word_1_45' title='bbox 1173 716 1304 779; x_wconf 87' lang='lat' dir='ltr'><strong>tali,</strong></span> <span class='ocrx_word' id='word_1_46' title='bbox 1346 724 1403 767; x_wconf 90' lang='lat' dir='ltr'><strong>ut</strong></span> <span class='ocrx_word' id='word_1_47' title='bbox 1446 722 1643 781; x_wconf 84' lang='lat' dir='ltr'><strong>queam</strong></span> <span class='ocrx_word' id='word_1_48' title='bbox 1670 714 1881 767; x_wconf 90' lang='lat' dir='ltr'><strong>tandem</strong></span> <span class='ocrx_word' id='word_1_49' title='bbox 1918 709 2202 778; x_wconf 85' lang='lat' dir='ltr'><strong>aliquando</strong></span> 
     </span>
    </p>
   </div>
   <div class='ocr_carea' id='block_1_9' title="bbox 646 804 2202 873">
    <p class='ocr_par' dir='ltr' id='par_1_9' title="bbox 646 804 2202 873">
     <span class='ocr_line' id='line_1_9' title="bbox 646 804 2202 873; baseline -0.003 -14"><span class='ocrx_word' id='word_1_50' title='bbox 646 810 697 859; x_wconf 88' lang='lat' dir='ltr'><strong>in</strong></span> <span class='ocrx_word' id='word_1_51' title='bbox 728 806 863 863; x_wconf 88' lang='lat' dir='ltr'><strong>i&#39;dem</strong></span> <span class='ocrx_word' id='word_1_52' title='bbox 897 808 1037 860; x_wconf 88' lang='lat' dir='ltr'><strong>inter</strong></span> <span class='ocrx_word' id='word_1_53' title='bbox 1066 822 1123 861; x_wconf 87' lang='lat' dir='ltr'><strong>se</strong></span> <span class='ocrx_word' id='word_1_54' title='bbox 1152 808 1437 863; x_wconf 87' lang='lat' dir='ltr'><strong>convenire</strong></span> <span class='ocrx_word' id='word_1_55' title='bbox 1463 806 1479 857; x_wconf 76' lang='grc' dir='ltr'><strong>ι</strong></span> <span class='ocrx_word' id='word_1_56' title='bbox 1510 821 1576 858; x_wconf 89' lang='lat' dir='ltr'><strong>an</strong></span> <span class='ocrx_word' id='word_1_57' title='bbox 1615 808 1715 861; x_wconf 85' lang='lat' dir='ltr'><strong>hoc</strong></span> <span class='ocrx_word' id='word_1_58' title='bbox 1742 806 1966 860; x_wconf 83' lang='lat' dir='ltr'><strong>omnino</strong></span> <span class='ocrx_word' id='word_1_59' title='bbox 2002 804 2202 873; x_wconf 83' lang='lat' dir='ltr'><strong>impos-</strong></span> 
     </span>
    </p>
   </div>
   <div class='ocr_carea' id='block_1_10' title="bbox 644 894 2199 967">
    <p class='ocr_par' dir='ltr' id='par_1_10' title="bbox 644 894 2199 967">
     <span class='ocr_line' id='line_1_10' title="bbox 644 894 2199 967; baseline 0.001 -20"><span class='ocrx_word' id='word_1_60' title='bbox 644 894 820 959; x_wconf 82' lang='lat' dir='ltr'><strong>sibile,</strong></span> <span class='ocrx_word' id='word_1_61' title='bbox 847 905 901 951; x_wconf 91' lang='lat' dir='ltr'><strong>et</strong></span> <span class='ocrx_word' id='word_1_62' title='bbox 927 897 1115 964; x_wconf 77' lang='lat' dir='ltr'><strong>magis,</strong></span> <span class='ocrx_word' id='word_1_63' title='bbox 1138 914 1300 967; x_wconf 90' lang='lat' dir='ltr'><strong>quam</strong></span> <span class='ocrx_word' id='word_1_64' title='bbox 1331 896 1576 949; x_wconf 90' lang='lat' dir='ltr'><strong>eumdem</strong></span> <span class='ocrx_word' id='word_1_65' title='bbox 1608 909 1875 951; x_wconf 89' lang='lat' dir='ltr'><strong>mortuum</strong></span> <span class='ocrx_word' id='word_1_66' title='bbox 1898 911 2020 949; x_wconf 76' lang='lat' dir='ltr'><strong>esse</strong></span> <span class='ocrx_word' id='word_1_67' title='bbox 2044 896 2199 949; x_wconf 87' lang='lat' dir='ltr'><strong>simul</strong></span> 
     </span>
    </p>
   </div>
   <div class='ocr_carea' id='block_1_11' title="bbox 645 986 2199 1057">
    <p class='ocr_par' dir='ltr' id='par_1_11' title="bbox 645 986 2199 1057">
     <span class='ocr_line' id='line_1_11' title="bbox 645 986 2199 1057; baseline 0.002 -19"><span class='ocrx_word' id='word_1_68' title='bbox 645 996 699 1038; x_wconf 85' lang='lat' dir='ltr'><strong>et</strong></span> <span class='ocrx_word' id='word_1_69' title='bbox 731 986 949 1051; x_wconf 80' lang='lat' dir='ltr'><strong>vivere,</strong></span> <span class='ocrx_word' id='word_1_70' title='bbox 1003 1003 1161 1056; x_wconf 89' lang='lat' dir='ltr'><strong>quam</strong></span> <span class='ocrx_word' id='word_1_71' title='bbox 1208 1002 1395 1040; x_wconf 88' lang='lat' dir='ltr'><strong>sanum</strong></span> <span class='ocrx_word' id='word_1_72' title='bbox 1437 988 1594 1042; x_wconf 83' lang='lat' dir='ltr'><strong>simul</strong></span> <span class='ocrx_word' id='word_1_73' title='bbox 1648 1004 1765 1042; x_wconf 83' lang='lat' dir='ltr'><strong>esse</strong></span> <span class='ocrx_word' id='word_1_74' title='bbox 1811 998 1864 1041; x_wconf 93' lang='lat' dir='ltr'><strong>et</strong></span> <span class='ocrx_word' id='word_1_75' title='bbox 1907 998 2199 1057; x_wconf 71' lang='lat' dir='ltr'><strong>aegrotare,</strong></span> 
     </span>
    </p>
   </div>
   <div class='ocr_carea' id='block_1_12' title="bbox 647 1079 2205 1148">
    <p class='ocr_par' dir='ltr' id='par_1_12' title="bbox 647 1079 2205 1148">
     <span class='ocr_line' id='line_1_12' title="bbox 647 1079 2205 1148; baseline 0.005 -22"><span class='ocrx_word' id='word_1_76' title='bbox 647 1090 807 1143; x_wconf 84' lang='lat' dir='ltr'><strong>quam</strong></span> <span class='ocrx_word' id='word_1_77' title='bbox 845 1079 1063 1148; x_wconf 76' lang='lat' dir='ltr'><strong>vigilare</strong></span> <span class='ocrx_word' id='word_1_78' title='bbox 1090 1079 1247 1134; x_wconf 87' lang='lat' dir='ltr'><strong>simul</strong></span> <span class='ocrx_word' id='word_1_79' title='bbox 1272 1090 1326 1132; x_wconf 92' lang='lat' dir='ltr'><strong>et</strong></span> <span class='ocrx_word' id='word_1_80' title='bbox 1350 1081 1619 1136; x_wconf 73' lang='lat' dir='ltr'><strong>dormire?</strong></span> <span class='ocrx_word' id='word_1_81' title='bbox 1652 1083 1797 1135; x_wconf 80' lang='lat' dir='ltr'><strong>Talia</strong></span> <span class='ocrx_word' id='word_1_82' title='bbox 1823 1095 2054 1142; x_wconf 78' lang='lat' dir='ltr'><strong>namque</strong></span> <span class='ocrx_word' id='word_1_83' title='bbox 2080 1092 2205 1134; x_wconf 86' lang='lat' dir='ltr'><strong>sunt</strong></span> 
     </span>
    </p>
   </div>
   <div class='ocr_carea' id='block_1_13' title="bbox 648 1172 2203 1240">
    <p class='ocr_par' dir='ltr' id='par_1_13' title="bbox 648 1172 2203 1240">
     <span class='ocr_line' id='line_1_13' title="bbox 648 1172 2203 1240; baseline 0.003 -21"><span class='ocrx_word' id='word_1_84' title='bbox 648 1186 978 1239; x_wconf 65' lang='lat' dir='ltr'><strong>quaecunque</strong></span> <span class='ocrx_word' id='word_1_85' title='bbox 1023 1173 1124 1226; x_wconf 83' lang='lat' dir='ltr'><strong>sibi</strong></span> <span class='ocrx_word' id='word_1_86' title='bbox 1156 1172 1379 1224; x_wconf 77' lang='lat' dir='ltr'><strong>invicem</strong></span> <span class='ocrx_word' id='word_1_87' title='bbox 1414 1188 1623 1225; x_wconf 87' lang='lat' dir='ltr'><strong>summa</strong></span> <span class='ocrx_word' id='word_1_88' title='bbox 1647 1172 1982 1240; x_wconf 78' lang='lat' dir='ltr'><strong>appositione</strong></span> <span class='ocrx_word' id='word_1_89' title='bbox 2011 1174 2203 1224; x_wconf 70' lang='lat' dir='ltr'><strong>adver-</strong></span> 
     </span>
    </p>
   </div>
   <div class='ocr_carea' id='block_1_14' title="bbox 648 1264 2202 1331">
    <p class='ocr_par' dir='ltr' id='par_1_14' title="bbox 648 1264 2202 1331">
     <span class='ocr_line' id='line_1_14' title="bbox 648 1264 2202 1331; baseline 0.003 -16"><span class='ocrx_word' id='word_1_90' title='bbox 648 1272 858 1328; x_wconf 85' lang='lat' dir='ltr'><strong>santur,</strong></span> <span class='ocrx_word' id='word_1_91' title='bbox 888 1266 1023 1318; x_wconf 84' lang='lat' dir='ltr'><strong>adeo</strong></span> <span class='ocrx_word' id='word_1_92' title='bbox 1050 1272 1106 1315; x_wconf 94' lang='lat' dir='ltr'><strong>ut</strong></span> <span class='ocrx_word' id='word_1_93' title='bbox 1134 1276 1397 1331; x_wconf 58' lang='lat' dir='ltr'><strong>praesente</strong></span> <span class='ocrx_word' id='word_1_94' title='bbox 1428 1265 1597 1318; x_wconf 89' lang='lat' dir='ltr'><strong>altero</strong></span> <span class='ocrx_word' id='word_1_95' title='bbox 1625 1264 1850 1316; x_wconf 79' lang='lat' dir='ltr'><strong>alterunt</strong></span> <span class='ocrx_word' id='word_1_96' title='bbox 1884 1264 2073 1317; x_wconf 76' lang='lat' dir='ltr'><strong>abesse</strong></span> <span class='ocrx_word' id='word_1_97' title='bbox 2110 1280 2202 1319; x_wconf 89' lang='lat' dir='ltr'><strong>ue-</strong></span> 
     </span>
    </p>
   </div>
   <div class='ocr_carea' id='block_1_15' title="bbox 651 1355 2203 1422">
    <p class='ocr_par' dir='ltr' id='par_1_15' title="bbox 651 1355 2203 1422">
     <span class='ocr_line' id='line_1_15' title="bbox 651 1355 2203 1422; baseline 0.001 -13"><span class='ocrx_word' id='word_1_98' title='bbox 651 1369 807 1410; x_wconf 86' lang='lat' dir='ltr'><strong>cesse</strong></span> <span class='ocrx_word' id='word_1_99' title='bbox 834 1356 940 1409; x_wconf 89' lang='lat' dir='ltr'><strong>sit:</strong></span> <span class='ocrx_word' id='word_1_100' title='bbox 976 1368 1095 1422; x_wconf 73' lang='lat' dir='ltr'><strong>qua)</strong></span> <span class='ocrx_word' id='word_1_101' title='bbox 1132 1356 1205 1406; x_wconf 91' lang='lat' dir='ltr'><strong>ita</strong></span> <span class='ocrx_word' id='word_1_102' title='bbox 1238 1366 1545 1421; x_wconf 86' lang='lat' dir='ltr'><strong>comparata</strong></span> <span class='ocrx_word' id='word_1_103' title='bbox 1589 1363 1731 1417; x_wconf 90' lang='lat' dir='ltr'><strong>sunt,</strong></span> <span class='ocrx_word' id='word_1_104' title='bbox 1770 1364 1826 1407; x_wconf 93' lang='lat' dir='ltr'><strong>ut</strong></span> <span class='ocrx_word' id='word_1_105' title='bbox 1857 1355 2075 1408; x_wconf 88' lang='lat' dir='ltr'><strong>omnino</strong></span> <span class='ocrx_word' id='word_1_106' title='bbox 2106 1371 2203 1411; x_wconf 75' lang='lat' dir='ltr'><strong>nec</strong></span> 
     </span>
    </p>
   </div>
   <div class='ocr_carea' id='block_1_16' title="bbox 652 1448 1921 1515">
    <p class='ocr_par' dir='ltr' id='par_1_16' title="bbox 652 1448 1921 1515">
     <span class='ocr_line' id='line_1_16' title="bbox 652 1448 1921 1515; baseline 0 -14"><span class='ocrx_word' id='word_1_107' title='bbox 652 1448 807 1501; x_wconf 81' lang='lat' dir='ltr'><strong>simul</strong></span> <span class='ocrx_word' id='word_1_108' title='bbox 834 1460 973 1513; x_wconf 84' lang='lat' dir='ltr'><strong>esse,</strong></span> <span class='ocrx_word' id='word_1_109' title='bbox 1002 1461 1100 1502; x_wconf 87' lang='lat' dir='ltr'><strong>nec</strong></span> <span class='ocrx_word' id='word_1_110' title='bbox 1126 1448 1266 1502; x_wconf 90' lang='lat' dir='ltr'><strong>inter</strong></span> <span class='ocrx_word' id='word_1_111' title='bbox 1296 1463 1353 1502; x_wconf 90' lang='lat' dir='ltr'><strong>se</strong></span> <span class='ocrx_word' id='word_1_112' title='bbox 1386 1450 1659 1503; x_wconf 86' lang='lat' dir='ltr'><strong>conciliari</strong></span> <span class='ocrx_word' id='word_1_113' title='bbox 1693 1451 1921 1515; x_wconf 85' lang='lat' dir='ltr'><strong>possint.</strong></span> 
     </span>
    </p>
   </div>
   <div class='ocr_carea' id='block_1_17' title="bbox 720 1621 2204 1699">
    <p class='ocr_par' dir='ltr' id='par_1_17' title="bbox 720 1621 2204 1699">
     <span class='ocr_line' id='line_1_17' title="bbox 720 1621 2204 1699; baseline 0.003 -22"><span class='ocrx_word' id='word_1_114' title='bbox 720 1621 809 1678; x_wconf 74' lang='lat'><strong>26.</strong></span> <span class='ocrx_word' id='word_1_115' title='bbox 854 1624 1035 1693; x_wconf 84' lang='lat' dir='ltr'><strong>Itaque</strong></span> <span class='ocrx_word' id='word_1_116' title='bbox 1069 1640 1188 1679; x_wconf 90' lang='lat' dir='ltr'><strong>cum</strong></span> <span class='ocrx_word' id='word_1_117' title='bbox 1239 1629 1303 1680; x_wconf 91' lang='lat' dir='ltr'><strong>ad</strong></span> <span class='ocrx_word' id='word_1_118' title='bbox 1340 1629 1479 1683; x_wconf 86' lang='lat' dir='ltr'><strong>hunc</strong></span> <span class='ocrx_word' id='word_1_119' title='bbox 1511 1631 1725 1683; x_wconf 89' lang='lat' dir='ltr'><strong>modum</strong></span> <span class='ocrx_word' id='word_1_120' title='bbox 1762 1630 1945 1699; x_wconf 80' lang='lat' dir='ltr'><strong>genito</strong></span> <span class='ocrx_word' id='word_1_121' title='bbox 1994 1631 2204 1699; x_wconf 77' lang='lat' dir='ltr'><strong>ingeni-</strong></span> 
     </span>
    </p>
   </div>
   <div class='ocr_carea' id='block_1_18' title="bbox 2301 521 3866 594">
    <p class='ocr_par' dir='ltr' id='par_1_18' title="bbox 2301 521 3866 594">
     <span class='ocr_line' id='line_1_18' title="bbox 2301 521 3866 594; baseline -0.001 -19"><span class='ocrx_word' id='word_1_122' title='bbox 2301 524 2409 591; x_wconf 80' lang='grc' dir='ltr'>ζωὴ</span> <span class='ocrx_word' id='word_1_123' title='bbox 2459 523 2590 593; x_wconf 79' lang='grc' dir='ltr'>πρὸς</span> <span class='ocrx_word' id='word_1_124' title='bbox 2618 525 2713 594; x_wconf 81' lang='grc' dir='ltr'>τὴν</span> <span class='ocrx_word' id='word_1_125' title='bbox 2743 522 2904 592; x_wconf 80' lang='grc' dir='ltr'>ζωὴν,</span> <span class='ocrx_word' id='word_1_126' title='bbox 2946 521 3035 574; x_wconf 77' lang='grc' dir='ltr'>καὶ</span> <span class='ocrx_word' id='word_1_127' title='bbox 3080 525 3111 593; x_wconf 78' lang='grc' dir='ltr'>ἡ</span> <span class='ocrx_word' id='word_1_128' title='bbox 3152 525 3375 594; x_wconf 75' lang='grc' dir='ltr'>δύναμις</span> <span class='ocrx_word' id='word_1_129' title='bbox 3412 521 3552 591; x_wconf 79' lang='grc' dir='ltr'>πρὸς</span> <span class='ocrx_word' id='word_1_130' title='bbox 3581 526 3683 593; x_wconf 72' lang='grc' dir='ltr'>τὴν</span> <span class='ocrx_word' id='word_1_131' title='bbox 3715 522 3866 576; x_wconf 70' lang='grc' dir='ltr'>δύνα-</span> 
     </span>
    </p>
   </div>
   <div class='ocr_carea' id='block_1_19' title="bbox 2306 614 3863 689">
    <p class='ocr_par' dir='ltr' id='par_1_19' title="bbox 2306 614 3863 689">
     <span class='ocr_line' id='line_1_19' title="bbox 2306 614 3863 689; baseline 0.001 -20"><span class='ocrx_word' id='word_1_132' title='bbox 2306 636 2409 689; x_wconf 87' lang='grc' dir='ltr'>μιν.</span> <span class='ocrx_word' id='word_1_133' title='bbox 2477 618 2865 688; x_wconf 77' lang='grc' dir='ltr'>Ἐρωτήσωμεν</span> <span class='ocrx_word' id='word_1_134' title='bbox 2902 616 3080 667; x_wconf 80' lang='grc' dir='ltr'><strong>τοίνυν</strong></span> <span class='ocrx_word' id='word_1_135' title='bbox 3125 619 3315 671; x_wconf 71' lang='grc' dir='ltr'>αὐτόν·</span> <span class='ocrx_word' id='word_1_136' title='bbox 3353 614 3425 668; x_wconf 79' lang='grc' dir='ltr'><strong>Τὸ</strong></span> <span class='ocrx_word' id='word_1_137' title='bbox 3464 614 3522 665; x_wconf 83' lang='grc' dir='ltr'>δὲ</span> <span class='ocrx_word' id='word_1_138' title='bbox 3574 616 3863 688; x_wconf 73' lang='grc' dir='ltr'><strong>ἀγέννητον</strong></span> 
     </span>
    </p>
   </div>
   <div class='ocr_carea' id='block_1_20' title="bbox 2301 705 3863 781">
    <p class='ocr_par' dir='ltr' id='par_1_20' title="bbox 2301 705 3863 781">
     <span class='ocr_line' id='line_1_20' title="bbox 2301 705 3863 781; baseline -0.001 -19"><span class='ocrx_word' id='word_1_139' title='bbox 2301 710 2388 763; x_wconf 72' lang='grc' dir='ltr'><strong>τοῦ</strong></span> <span class='ocrx_word' id='word_1_140' title='bbox 2430 710 2671 777; x_wconf 62' lang='grc' dir='ltr'>γεννητοῦ</span> <span class='ocrx_word' id='word_1_141' title='bbox 2700 709 2847 778; x_wconf 82' lang='grc' dir='ltr'>πόσῳ</span> <span class='ocrx_word' id='word_1_142' title='bbox 2866 707 3045 776; x_wconf 87' lang='grc' dir='ltr'>μέτρῳ</span> <span class='ocrx_word' id='word_1_143' title='bbox 3066 708 3341 777; x_wconf 82' lang='grc' dir='ltr'><strong>διώρισται</strong></span> <span class='ocrx_word' id='word_1_144' title='bbox 3364 727 3377 774; x_wconf 92' lang='grc'>;</span> <span class='ocrx_word' id='word_1_145' title='bbox 3404 705 3511 781; x_wconf 81' lang='grc' dir='ltr'><strong>ἀρα</strong></span> <span class='ocrx_word' id='word_1_146' title='bbox 3539 709 3721 777; x_wconf 79' lang='grc' dir='ltr'>μικρῷ</span> <span class='ocrx_word' id='word_1_147' title='bbox 3740 728 3863 770; x_wconf 80' lang='grc' dir='ltr'>τινι,</span> 
     </span>
    </p>
   </div>
   <div class='ocr_carea' id='block_1_21' title="bbox 2302 800 3867 873">
    <p class='ocr_par' dir='ltr' id='par_1_21' title="bbox 2302 800 3867 873">
     <span class='ocr_line' id='line_1_21' title="bbox 2302 800 3867 873; baseline -0.001 -17"><span class='ocrx_word' id='word_1_148' title='bbox 2302 804 2393 856; x_wconf 79' lang='grc' dir='ltr'>καὶ</span> <span class='ocrx_word' id='word_1_149' title='bbox 2422 802 2657 873; x_wconf 75' lang='grc' dir='ltr'>τοσούτῳ</span> <span class='ocrx_word' id='word_1_150' title='bbox 2694 804 2790 870; x_wconf 84' lang='grc'>(6),</span> <span class='ocrx_word' id='word_1_151' title='bbox 2822 802 2956 855; x_wconf 80' lang='grc' dir='ltr'>ὥστε</span> <span class='ocrx_word' id='word_1_152' title='bbox 2991 800 3245 854; x_wconf 69' lang='grc' dir='ltr'>δύνασθαί</span> <span class='ocrx_word' id='word_1_153' title='bbox 3282 820 3406 855; x_wconf 83' lang='grc' dir='ltr'>ποτε</span> <span class='ocrx_word' id='word_1_154' title='bbox 3443 802 3535 856; x_wconf 76' lang='grc' dir='ltr'>καὶ</span> <span class='ocrx_word' id='word_1_155' title='bbox 3568 800 3649 861; x_wconf 83' lang='grc' dir='ltr'><strong>είς</strong></span> <span class='ocrx_word' id='word_1_156' title='bbox 3679 803 3867 853; x_wconf 75' lang='grc' dir='ltr'>ταυτὸν</span> 
     </span>
    </p>
   </div>
   <div class='ocr_carea' id='block_1_22' title="bbox 2303 893 3864 967">
    <p class='ocr_par' dir='ltr' id='par_1_22' title="bbox 2303 893 3864 967">
     <span class='ocr_line' id='line_1_22' title="bbox 2303 893 3864 967; baseline -0.003 -18"><span class='ocrx_word' id='word_1_157' title='bbox 2303 895 2545 964; x_wconf 80' lang='grc' dir='ltr'>ἀλλήλοις</span> <span class='ocrx_word' id='word_1_158' title='bbox 2577 912 2638 946; x_wconf 86' lang='grc' dir='ltr'><strong>συ</strong></span> <span class='ocrx_word' id='word_1_159' title='bbox 2649 896 2848 965; x_wconf 76' lang='grc' dir='ltr'>μδῆναι</span> <span class='ocrx_word' id='word_1_160' title='bbox 2871 916 2883 957; x_wconf 85' lang='grc'>;</span> <span class='ocrx_word' id='word_1_161' title='bbox 2910 896 2941 967; x_wconf 73' lang='grc' dir='ltr'>ἦ</span> <span class='ocrx_word' id='word_1_162' title='bbox 2966 893 3121 947; x_wconf 81' lang='grc' dir='ltr'>τοῦτο</span> <span class='ocrx_word' id='word_1_163' title='bbox 3148 893 3423 952; x_wconf 64' lang='grc' dir='ltr'>παντελῶς</span> <span class='ocrx_word' id='word_1_164' title='bbox 3449 895 3752 963; x_wconf 75' lang='grc' dir='ltr'>ἀμήχανον,</span> <span class='ocrx_word' id='word_1_165' title='bbox 3778 895 3864 943; x_wconf 78' lang='grc' dir='ltr'>καὶ</span> 
     </span>
    </p>
   </div>
   <div class='ocr_carea' id='block_1_23' title="bbox 2304 981 3869 1057">
    <p class='ocr_par' dir='ltr' id='par_1_23' title="bbox 2304 981 3869 1057">
     <span class='ocr_line' id='line_1_23' title="bbox 2304 981 3869 1057; baseline -0.006 -17"><span class='ocrx_word' id='word_1_166' title='bbox 2304 988 2461 1040; x_wconf 77' lang='grc' dir='ltr'>πλέον</span> <span class='ocrx_word' id='word_1_167' title='bbox 2494 987 2895 1057; x_wconf 80' lang='grc' dir='ltr'>ἀδυνατώτερον</span> <span class='ocrx_word' id='word_1_168' title='bbox 2939 985 3029 1040; x_wconf 75' lang='grc' dir='ltr'>τοῦ</span> <span class='ocrx_word' id='word_1_169' title='bbox 3064 985 3153 1037; x_wconf 84' lang='grc' dir='ltr'>τὸν</span> <span class='ocrx_word' id='word_1_170' title='bbox 3188 984 3347 1036; x_wconf 70' lang='grc' dir='ltr'>αὑτὸν</span> <span class='ocrx_word' id='word_1_171' title='bbox 3392 983 3487 1052; x_wconf 79' lang='grc' dir='ltr'>ζῇν</span> <span class='ocrx_word' id='word_1_172' title='bbox 3520 988 3579 1036; x_wconf 81' lang='grc' dir='ltr'>ἐν</span> <span class='ocrx_word' id='word_1_173' title='bbox 3610 982 3691 1053; x_wconf 78' lang='grc' dir='ltr'><strong>τῷ</strong></span> <span class='ocrx_word' id='word_1_174' title='bbox 3724 981 3869 1049; x_wconf 73' lang='grc' dir='ltr'>αὐτῷ</span> 
     </span>
    </p>
   </div>
   <div class='ocr_carea' id='block_1_24' title="bbox 2303 1074 3866 1146">
    <p class='ocr_par' dir='ltr' id='par_1_24' title="bbox 2303 1074 3866 1146">
     <span class='ocr_line' id='line_1_24' title="bbox 2303 1074 3866 1146; baseline -0.001 -13"><span class='ocrx_word' id='word_1_175' title='bbox 2303 1080 2392 1133; x_wconf 67' lang='grc' dir='ltr'>καὶ</span> <span class='ocrx_word' id='word_1_176' title='bbox 2422 1078 2692 1139; x_wconf 83' lang='grc' dir='ltr'>τεθνάναι,</span> <span class='ocrx_word' id='word_1_177' title='bbox 2732 1080 2824 1131; x_wconf 76' lang='grc' dir='ltr'>καὶ</span> <span class='ocrx_word' id='word_1_178' title='bbox 2852 1080 3107 1146; x_wconf 73' lang='grc' dir='ltr'>ὑγιαίνειν</span> <span class='ocrx_word' id='word_1_179' title='bbox 3148 1074 3284 1128; x_wconf 85' lang='grc' dir='ltr'><strong>κατά</strong></span> <span class='ocrx_word' id='word_1_180' title='bbox 3317 1076 3511 1126; x_wconf 68' lang='grc' dir='ltr'>ταυτὸν</span> <span class='ocrx_word' id='word_1_181' title='bbox 3547 1077 3645 1129; x_wconf 76' lang='grc' dir='ltr'>καὶ</span> <span class='ocrx_word' id='word_1_182' title='bbox 3673 1075 3866 1131; x_wconf 58' lang='grc' dir='ltr'>νοσεῖν.</span> 
     </span>
    </p>
   </div>
   <div class='ocr_carea' id='block_1_25' title="bbox 2305 1166 3870 1242">
    <p class='ocr_par' dir='ltr' id='par_1_25' title="bbox 2305 1166 3870 1242">
     <span class='ocr_line' id='line_1_25' title="bbox 2305 1166 3870 1242; baseline -0.004 -17"><span class='ocrx_word' id='word_1_183' title='bbox 2305 1174 2394 1225; x_wconf 75' lang='grc' dir='ltr'>καὶ</span> <span class='ocrx_word' id='word_1_184' title='bbox 2431 1173 2786 1242; x_wconf 74' lang='grc' dir='ltr'><strong>ἐγρηγορέναι</strong></span> <span class='ocrx_word' id='word_1_185' title='bbox 2820 1170 2953 1240; x_wconf 77' lang='grc' dir='ltr'>ὁμοῦ</span> <span class='ocrx_word' id='word_1_186' title='bbox 3003 1174 3094 1225; x_wconf 76' lang='grc' dir='ltr'>καὶ</span> <span class='ocrx_word' id='word_1_187' title='bbox 3131 1166 3443 1230; x_wconf 77' lang='grc' dir='ltr'>καθεύδεινς</span> <span class='ocrx_word' id='word_1_188' title='bbox 3489 1167 3731 1221; x_wconf 76' lang='grc' dir='ltr'><strong>Τοιαῦτα</strong></span> <span class='ocrx_word' id='word_1_189' title='bbox 3766 1168 3870 1235; x_wconf 75' lang='grc' dir='ltr'>γὰρ</span> 
     </span>
    </p>
   </div>
   <div class='ocr_carea' id='block_1_26' title="bbox 2304 1260 3873 1332">
    <p class='ocr_par' dir='ltr' id='par_1_26' title="bbox 2304 1260 3873 1332">
     <span class='ocr_line' id='line_1_26' title="bbox 2304 1260 3873 1332; baseline -0.001 -14"><span class='ocrx_word' id='word_1_190' title='bbox 2304 1266 2397 1318; x_wconf 83' lang='grc' dir='ltr'>ὅσα</span> <span class='ocrx_word' id='word_1_191' title='bbox 2424 1263 2563 1315; x_wconf 74' lang='grc' dir='ltr'>κατὰ</span> <span class='ocrx_word' id='word_1_192' title='bbox 2586 1263 2683 1331; x_wconf 77' lang='grc' dir='ltr'><strong>τὴν</strong></span> <span class='ocrx_word' id='word_1_193' title='bbox 2716 1263 2887 1332; x_wconf 80' lang='grc' dir='ltr'>ἄκραν</span> <span class='ocrx_word' id='word_1_194' title='bbox 2915 1262 3180 1317; x_wconf 80' lang='grc' dir='ltr'><strong>ἀντίθεσιν</strong></span> <span class='ocrx_word' id='word_1_195' title='bbox 3206 1260 3449 1331; x_wconf 82' lang='grc' dir='ltr'>ἀλλήλοις</span> <span class='ocrx_word' id='word_1_196' title='bbox 3477 1261 3873 1330; x_wconf 65' lang='grc' dir='ltr'>ἀντικαθέστη·</span> 
     </span>
    </p>
   </div>
   <div class='ocr_carea' id='block_1_27' title="bbox 2305 1350 3871 1425">
    <p class='ocr_par' dir='ltr' id='par_1_27' title="bbox 2305 1350 3871 1425">
     <span class='ocr_line' id='line_1_27' title="bbox 2305 1350 3871 1425; baseline -0.004 -14"><span class='ocrx_word' id='word_1_197' title='bbox 2305 1375 2417 1416; x_wconf 85' lang='grc' dir='ltr'>κεν,</span> <span class='ocrx_word' id='word_1_198' title='bbox 2459 1354 2595 1407; x_wconf 80' lang='grc' dir='ltr'>ὥστε</span> <span class='ocrx_word' id='word_1_199' title='bbox 2633 1353 2893 1424; x_wconf 73' lang='grc' dir='ltr'><strong>παρόντος</strong></span> <span class='ocrx_word' id='word_1_200' title='bbox 2921 1352 3011 1405; x_wconf 79' lang='grc' dir='ltr'><strong>τοῦ</strong></span> <span class='ocrx_word' id='word_1_201' title='bbox 3067 1355 3248 1425; x_wconf 79' lang='grc' dir='ltr'>ἐτέρου</span> <span class='ocrx_word' id='word_1_202' title='bbox 3301 1350 3612 1420; x_wconf 70' lang='grc' dir='ltr'><strong>ἀναγκαίως</strong></span> <span class='ocrx_word' id='word_1_203' title='bbox 3656 1355 3871 1406; x_wconf 78' lang='grc' dir='ltr'><strong>ἀπεῖναι</strong></span> 
     </span>
    </p>
   </div>
   <div class='ocr_carea' id='block_1_28' title="bbox 2305 1446 3871 1519">
    <p class='ocr_par' dir='ltr' id='par_1_28' title="bbox 2305 1446 3871 1519">
     <span class='ocr_line' id='line_1_28' title="bbox 2305 1446 3871 1519; baseline -0.003 -15"><span class='ocrx_word' id='word_1_204' title='bbox 2305 1450 2547 1518; x_wconf 80' lang='grc' dir='ltr'>θάτερον,</span> <span class='ocrx_word' id='word_1_205' title='bbox 2588 1447 2622 1501; x_wconf 75' lang='grc' dir='ltr'><strong>ἃ.</strong></span> <span class='ocrx_word' id='word_1_206' title='bbox 2666 1450 2757 1500; x_wconf 71' lang='grc' dir='ltr'>καὶ</span> <span class='ocrx_word' id='word_1_207' title='bbox 2789 1447 3175 1519; x_wconf 83' lang='grc' dir='ltr'>ἀσυνύπαρκτα</span> <span class='ocrx_word' id='word_1_208' title='bbox 3232 1446 3503 1510; x_wconf 80' lang='grc' dir='ltr'><strong>παντελῶς</strong></span> <span class='ocrx_word' id='word_1_209' title='bbox 3556 1446 3653 1497; x_wconf 74' lang='grc' dir='ltr'>καὶ</span> <span class='ocrx_word' id='word_1_210' title='bbox 3700 1448 3871 1517; x_wconf 61' lang='lat' dir='ltr'><strong>imlp-</strong></span> 
     </span>
    </p>
   </div>
   <div class='ocr_carea' id='block_1_29' title="bbox 2304 1535 2968 1609">
    <p class='ocr_par' dir='ltr' id='par_1_29' title="bbox 2304 1535 2968 1609">
     <span class='ocr_line' id='line_1_29' title="bbox 2304 1535 2968 1609; baseline -0.003 -16"><span class='ocrx_word' id='word_1_211' title='bbox 2304 1542 2443 1595; x_wconf 76' lang='grc' dir='ltr'>δατα</span> <span class='ocrx_word' id='word_1_212' title='bbox 2475 1540 2547 1609; x_wconf 87' lang='lat'><strong>(7)</strong></span> <span class='ocrx_word' id='word_1_213' title='bbox 2575 1535 2711 1591; x_wconf 76' lang='grc' dir='ltr'>εἶναι</span> <span class='ocrx_word' id='word_1_214' title='bbox 2741 1539 2968 1606; x_wconf 77' lang='grc' dir='ltr'>πέφυκε.</span> 
     </span>
    </p>
   </div>
   <div class='ocr_carea' id='block_1_30' title="bbox 2374 1626 3873 1701">
    <p class='ocr_par' dir='ltr' id='par_1_30' title="bbox 2374 1626 3873 1701">
     <span class='ocr_line' id='line_1_30' title="bbox 2374 1626 3873 1701; baseline -0.005 -16"><span class='ocrx_word' id='word_1_215' title='bbox 2374 1630 2460 1685; x_wconf 68' lang='grc' dir='ltr'><strong>Ξϐ.</strong></span> <span class='ocrx_word' id='word_1_216' title='bbox 2497 1631 2649 1682; x_wconf 81' lang='grc' dir='ltr'>Κατά</span> <span class='ocrx_word' id='word_1_217' title='bbox 2681 1630 2744 1700; x_wconf 78' lang='grc' dir='ltr'>δὴ</span> <span class='ocrx_word' id='word_1_218' title='bbox 2776 1626 2867 1683; x_wconf 74' lang='grc' dir='ltr'><strong>οὖν</strong></span> <span class='ocrx_word' id='word_1_219' title='bbox 2904 1628 3088 1682; x_wconf 77' lang='grc' dir='ltr'>τοῦτον</span> <span class='ocrx_word' id='word_1_220' title='bbox 3122 1629 3211 1681; x_wconf 83' lang='grc' dir='ltr'>τὸν</span> <span class='ocrx_word' id='word_1_221' title='bbox 3252 1631 3445 1698; x_wconf 76' lang='grc' dir='ltr'>τρόπον</span> <span class='ocrx_word' id='word_1_222' title='bbox 3476 1627 3611 1701; x_wconf 77' lang='grc' dir='ltr'>πρὸς</span> <span class='ocrx_word' id='word_1_223' title='bbox 3653 1626 3714 1679; x_wconf 72' lang='grc' dir='ltr'>τὸ</span> <span class='ocrx_word' id='word_1_224' title='bbox 3753 1643 3873 1691; x_wconf 78' lang='grc' dir='ltr'>γεν-</span> 
     </span>
    </p>
   </div>
   <div class='ocr_carea' id='block_1_31' title="bbox 653 1716 2210 1793">
    <p class='ocr_par' dir='ltr' id='par_1_31' title="bbox 653 1718 2205 1787">
     <span class='ocr_line' id='line_1_31' title="bbox 653 1718 2205 1787; baseline 0.006 -22"><span class='ocrx_word' id='word_1_225' title='bbox 653 1721 762 1766; x_wconf 82' lang='grc' dir='ltr'>ιυιη</span> <span class='ocrx_word' id='word_1_226' title='bbox 791 1727 1108 1783; x_wconf 86' lang='lat' dir='ltr'><strong>oppunatur,</strong></span> <span class='ocrx_word' id='word_1_227' title='bbox 1155 1720 1243 1787; x_wconf 89' lang='lat' dir='ltr'><strong>qui</strong></span> <span class='ocrx_word' id='word_1_228' title='bbox 1276 1721 1489 1771; x_wconf 81' lang='lat' dir='ltr'><strong>Patrem</strong></span> <span class='ocrx_word' id='word_1_229' title='bbox 1523 1718 1693 1773; x_wconf 89' lang='lat' dir='ltr'><strong>lucetn</strong></span> <span class='ocrx_word' id='word_1_230' title='bbox 1726 1722 2005 1787; x_wconf 89' lang='lat' dir='ltr'><strong>nominat,</strong></span> <span class='ocrx_word' id='word_1_231' title='bbox 2036 1721 2205 1775; x_wconf 78' lang='lat' dir='ltr'><strong>lucem</strong></span> 
     </span>
    </p>
   </div>
   <div class='ocr_carea' id='block_1_32' title="bbox 2315 1716 3872 1793">
    <p class='ocr_par' dir='ltr' id='par_1_32' title="bbox 2315 1716 3872 1793">
     <span class='ocr_line' id='line_1_32' title="bbox 2315 1716 3872 1793; baseline -0.005 -16"><span class='ocrx_word' id='word_1_232' title='bbox 2315 1723 2463 1793; x_wconf 71' lang='grc' dir='ltr'>νητδν</span> <span class='ocrx_word' id='word_1_233' title='bbox 2488 1720 2567 1791; x_wconf 81' lang='grc' dir='ltr'>τῷ</span> <span class='ocrx_word' id='word_1_234' title='bbox 2599 1722 2873 1791; x_wconf 82' lang='grc' dir='ltr'>ἀγεννήτῳ</span> <span class='ocrx_word' id='word_1_235' title='bbox 2902 1721 3001 1790; x_wconf 80' lang='grc' dir='ltr'>τῆς</span> <span class='ocrx_word' id='word_1_236' title='bbox 3030 1717 3347 1781; x_wconf 75' lang='grc' dir='ltr'><strong>ἀντιθέσεως</strong></span> <span class='ocrx_word' id='word_1_237' title='bbox 3370 1721 3556 1789; x_wconf 71' lang='grc' dir='ltr'>οὔσης,</span> <span class='ocrx_word' id='word_1_238' title='bbox 3585 1722 3612 1772; x_wconf 81' lang='grc' dir='ltr'>ὁ</span> <span class='ocrx_word' id='word_1_239' title='bbox 3637 1718 3731 1771; x_wconf 77' lang='grc' dir='ltr'>τὸν</span> <span class='ocrx_word' id='word_1_240' title='bbox 3764 1716 3872 1770; x_wconf 76' lang='lat' dir='ltr'><strong>Ua-</strong></span> 
     </span>
    </p>
   </div>
   <div class='ocr_carea' id='block_1_33' title="bbox 656 1804 2208 1877">
    <p class='ocr_par' dir='ltr' id='par_1_33' title="bbox 656 1804 2208 1877">
     <span class='ocr_line' id='line_1_33' title="bbox 656 1804 2208 1877; baseline 0.006 -21"><span class='ocrx_word' id='word_1_241' title='bbox 656 1804 835 1858; x_wconf 90' lang='lat' dir='ltr'><strong>ltidem</strong></span> <span class='ocrx_word' id='word_1_242' title='bbox 870 1804 1087 1873; x_wconf 86' lang='lat' dir='ltr'><strong>Filium,</strong></span> <span class='ocrx_word' id='word_1_243' title='bbox 1119 1810 1317 1877; x_wconf 90' lang='lat' dir='ltr'><strong>quique</strong></span> <span class='ocrx_word' id='word_1_244' title='bbox 1347 1811 1484 1863; x_wconf 87' lang='lat' dir='ltr'><strong>hanc</strong></span> <span class='ocrx_word' id='word_1_245' title='bbox 1521 1809 1695 1865; x_wconf 86' lang='lat' dir='ltr'><strong>lucem</strong></span> <span class='ocrx_word' id='word_1_246' title='bbox 1732 1810 1798 1865; x_wconf 89' lang='lat' dir='ltr'><strong>ab</strong></span> <span class='ocrx_word' id='word_1_247' title='bbox 1830 1811 1917 1867; x_wconf 89' lang='lat' dir='ltr'><strong>illa</strong></span> <span class='ocrx_word' id='word_1_248' title='bbox 1944 1812 2058 1865; x_wconf 91' lang='lat' dir='ltr'><strong>luce</strong></span> <span class='ocrx_word' id='word_1_249' title='bbox 2089 1821 2208 1865; x_wconf 89' lang='lat' dir='ltr'><strong>tan-</strong></span> 
     </span>
    </p>
   </div>
   <div class='ocr_carea' id='block_1_34' title="bbox 656 1897 2211 1973">
    <p class='ocr_par' dir='ltr' id='par_1_34' title="bbox 656 1897 2211 1973">
     <span class='ocr_line' id='line_1_34' title="bbox 656 1897 2211 1973; baseline 0.006 -24"><span class='ocrx_word' id='word_1_250' title='bbox 656 1903 765 1949; x_wconf 90' lang='lat' dir='ltr'><strong>tum</strong></span> <span class='ocrx_word' id='word_1_251' title='bbox 814 1897 1019 1954; x_wconf 84' lang='lat' dir='ltr'><strong>distare</strong></span> <span class='ocrx_word' id='word_1_252' title='bbox 1057 1900 1209 1965; x_wconf 85' lang='lat' dir='ltr'><strong>dicit,</strong></span> <span class='ocrx_word' id='word_1_253' title='bbox 1260 1910 1520 1968; x_wconf 89' lang='lat' dir='ltr'><strong>quantum</strong></span> <span class='ocrx_word' id='word_1_254' title='bbox 1570 1902 1811 1971; x_wconf 79' lang='lat' dir='ltr'><strong>genitum</strong></span> <span class='ocrx_word' id='word_1_255' title='bbox 1854 1906 1920 1958; x_wconf 86' lang='lat' dir='ltr'><strong>ab</strong></span> <span class='ocrx_word' id='word_1_256' title='bbox 1971 1904 2211 1973; x_wconf 73' lang='lat' dir='ltr'><strong>ingenito</strong></span> 
     </span>
    </p>
   </div>
   <div class='ocr_carea' id='block_1_35' title="bbox 653 1988 2209 2061">
    <p class='ocr_par' dir='ltr' id='par_1_35' title="bbox 653 1988 2209 2061">
     <span class='ocr_line' id='line_1_35' title="bbox 653 1988 2209 2061; baseline 0.006 -22"><span class='ocrx_word' id='word_1_257' title='bbox 653 1988 849 2052; x_wconf 90' lang='lat' dir='ltr'><strong>distat,</strong></span> <span class='ocrx_word' id='word_1_258' title='bbox 883 1990 972 2045; x_wconf 89' lang='lat' dir='ltr'><strong>ille</strong></span> <span class='ocrx_word' id='word_1_259' title='bbox 1015 2008 1319 2061; x_wconf 76' lang='lat' dir='ltr'><strong>quanquam</strong></span> <span class='ocrx_word' id='word_1_260' title='bbox 1352 1992 1725 2047; x_wconf 88' lang='lat' dir='ltr'><strong>humaniorem</strong></span> <span class='ocrx_word' id='word_1_261' title='bbox 1759 2012 1818 2051; x_wconf 86' lang='lat' dir='ltr'><strong>se</strong></span> <span class='ocrx_word' id='word_1_262' title='bbox 1849 1998 2012 2049; x_wconf 79' lang='lat' dir='ltr'><strong>verbo</strong></span> <span class='ocrx_word' id='word_1_263' title='bbox 2041 1996 2209 2049; x_wconf 86' lang='lat' dir='ltr'><strong>simu—</strong></span> 
     </span>
    </p>
   </div>
   <div class='ocr_carea' id='block_1_36' title="bbox 655 2076 2211 2153">
    <p class='ocr_par' dir='ltr' id='par_1_36' title="bbox 655 2076 2211 2153">
     <span class='ocr_line' id='line_1_36' title="bbox 655 2076 2211 2153; baseline 0.007 -24"><span class='ocrx_word' id='word_1_264' title='bbox 655 2076 749 2142; x_wconf 87' lang='lat' dir='ltr'><strong>lat,</strong></span> <span class='ocrx_word' id='word_1_265' title='bbox 778 2078 947 2135; x_wconf 83' lang='lat' dir='ltr'><strong>lucem</strong></span> <span class='ocrx_word' id='word_1_266' title='bbox 980 2084 1183 2137; x_wconf 82' lang='lat' dir='ltr'><strong>scilicet</strong></span> <span class='ocrx_word' id='word_1_267' title='bbox 1210 2083 1403 2137; x_wconf 87' lang='lat' dir='ltr'><strong>Filium</strong></span> <span class='ocrx_word' id='word_1_268' title='bbox 1437 2099 1650 2153; x_wconf 86' lang='lat' dir='ltr'><strong>quoque</strong></span> <span class='ocrx_word' id='word_1_269' title='bbox 1687 2088 1995 2151; x_wconf 88' lang='lat' dir='ltr'><strong>nominans,</strong></span> <span class='ocrx_word' id='word_1_270' title='bbox 2034 2102 2211 2140; x_wconf 89' lang='lat' dir='ltr'><strong>nonne</strong></span> 
     </span>
    </p>
   </div>
   <div class='ocr_carea' id='block_1_37' title="bbox 654 2172 2212 2246">
    <p class='ocr_par' dir='ltr' id='par_1_37' title="bbox 654 2172 2212 2246">
     <span class='ocr_line' id='line_1_37' title="bbox 654 2172 2212 2246; baseline 0.007 -23"><span class='ocrx_word' id='word_1_271' title='bbox 654 2172 842 2225; x_wconf 82' lang='lat' dir='ltr'><strong>saltem</strong></span> <span class='ocrx_word' id='word_1_272' title='bbox 871 2175 919 2228; x_wconf 81' lang='lat' dir='ltr'><strong>vi</strong></span> <span class='ocrx_word' id='word_1_273' title='bbox 943 2178 1224 2228; x_wconf 78' lang='lat' dir='ltr'><strong>verborum</strong></span> <span class='ocrx_word' id='word_1_274' title='bbox 1249 2178 1571 2231; x_wconf 87' lang='lat' dir='ltr'><strong>sententiam</strong></span> <span class='ocrx_word' id='word_1_275' title='bbox 1599 2180 1648 2232; x_wconf 91' lang='lat' dir='ltr'><strong>iu</strong></span> <span class='ocrx_word' id='word_1_276' title='bbox 1674 2181 2002 2232; x_wconf 85' lang='lat' dir='ltr'><strong>contrarium</strong></span> <span class='ocrx_word' id='word_1_277' title='bbox 2028 2192 2212 2246; x_wconf 87' lang='lat' dir='ltr'><strong>aperte</strong></span> 
     </span>
    </p>
   </div>
   <div class='ocr_carea' id='block_1_38' title="bbox 654 2264 2208 2337">
    <p class='ocr_par' dir='ltr' id='par_1_38' title="bbox 654 2264 2208 2337">
     <span class='ocr_line' id='line_1_38' title="bbox 654 2264 2208 2337; baseline 0.006 -23"><span class='ocrx_word' id='word_1_278' title='bbox 654 2264 1270 2320; x_wconf 86' lang='lat' dir='ltr'><strong>abducit?Cousiderate</strong></span> <span class='ocrx_word' id='word_1_279' title='bbox 1291 2269 1432 2320; x_wconf 87' lang='lat' dir='ltr'><strong>enim</strong></span> <span class='ocrx_word' id='word_1_280' title='bbox 1456 2268 1581 2337; x_wconf 91' lang='lat' dir='ltr'><strong>quid</strong></span> <span class='ocrx_word' id='word_1_281' title='bbox 1619 2280 1919 2337; x_wconf 84' lang='lat' dir='ltr'><strong>opponatur</strong></span> <span class='ocrx_word' id='word_1_282' title='bbox 1955 2270 2208 2337; x_wconf 82' lang='lat' dir='ltr'><strong>ingenito,</strong></span> 
     </span>
    </p>
   </div>
   <div class='ocr_carea' id='block_1_39' title="bbox 653 2354 2207 2434">
    <p class='ocr_par' dir='ltr' id='par_1_39' title="bbox 653 2354 2207 2434">
     <span class='ocr_line' id='line_1_39' title="bbox 653 2354 2207 2434; baseline 0.008 -27"><span class='ocrx_word' id='word_1_283' title='bbox 653 2354 865 2410; x_wconf 88' lang='lat' dir='ltr'><strong>aliudue</strong></span> <span class='ocrx_word' id='word_1_284' title='bbox 896 2358 1213 2428; x_wconf 80' lang='lat' dir='ltr'><strong>ingenitum,</strong></span> <span class='ocrx_word' id='word_1_285' title='bbox 1261 2376 1327 2413; x_wconf 90' lang='lat' dir='ltr'><strong>an</strong></span> <span class='ocrx_word' id='word_1_286' title='bbox 1379 2362 1660 2430; x_wconf 80' lang='lat' dir='ltr'><strong>genitum?</strong></span> <span class='ocrx_word' id='word_1_287' title='bbox 1704 2361 1955 2415; x_wconf 85' lang='lat' dir='ltr'><strong>Geuitum</strong></span> <span class='ocrx_word' id='word_1_288' title='bbox 2002 2364 2207 2434; x_wconf 88' lang='lat' dir='ltr'><strong>utique.</strong></span> 
     </span>
    </p>
   </div>
   <div class='ocr_carea' id='block_1_40' title="bbox 652 2443 2212 2519">
    <p class='ocr_par' dir='ltr' id='par_1_40' title="bbox 652 2443 2212 2519">
     <span class='ocr_line' id='line_1_40' title="bbox 652 2443 2212 2519; baseline 0.007 -20"><span class='ocrx_word' id='word_1_289' title='bbox 652 2443 789 2512; x_wconf 85' lang='lat' dir='ltr'><strong>Quid</strong></span> <span class='ocrx_word' id='word_1_290' title='bbox 828 2462 953 2502; x_wconf 89' lang='lat' dir='ltr'><strong>vero</strong></span> <span class='ocrx_word' id='word_1_291' title='bbox 981 2449 1268 2519; x_wconf 87' lang='lat' dir='ltr'><strong>opponitur</strong></span> <span class='ocrx_word' id='word_1_292' title='bbox 1300 2451 1445 2505; x_wconf 85' lang='lat' dir='ltr'><strong>luci?</strong></span> <span class='ocrx_word' id='word_1_293' title='bbox 1475 2453 1636 2507; x_wconf 80' lang='lat' dir='ltr'><strong>luxue</strong></span> <span class='ocrx_word' id='word_1_294' title='bbox 1678 2453 1804 2517; x_wconf 85' lang='lat' dir='ltr'><strong>alia,</strong></span> <span class='ocrx_word' id='word_1_295' title='bbox 1841 2470 1906 2507; x_wconf 89' lang='lat' dir='ltr'><strong>an</strong></span> <span class='ocrx_word' id='word_1_296' title='bbox 1939 2457 2212 2510; x_wconf 76' lang='lat' dir='ltr'><strong>tenebrze?</strong></span> 
     </span>
    </p>
   </div>
   <div class='ocr_carea' id='block_1_41' title="bbox 654 2538 2210 2617">
    <p class='ocr_par' dir='ltr' id='par_1_41' title="bbox 654 2538 2210 2617">
     <span class='ocr_line' id='line_1_41' title="bbox 654 2538 2210 2617; baseline 0.006 -25"><span class='ocrx_word' id='word_1_297' title='bbox 654 2538 910 2595; x_wconf 63' lang='lat' dir='ltr'><strong>Tenebrae</strong></span> <span class='ocrx_word' id='word_1_298' title='bbox 938 2544 1196 2610; x_wconf 75' lang='lat' dir='ltr'><strong>profecto.</strong></span> <span class='ocrx_word' id='word_1_299' title='bbox 1246 2546 1454 2615; x_wconf 87' lang='lat' dir='ltr'><strong>Itaque,</strong></span> <span class='ocrx_word' id='word_1_300' title='bbox 1486 2548 1526 2600; x_wconf 91' lang='lat' dir='ltr'><strong>si</strong></span> <span class='ocrx_word' id='word_1_301' title='bbox 1557 2559 1815 2615; x_wconf 89' lang='lat' dir='ltr'><strong>quantum</strong></span> <span class='ocrx_word' id='word_1_302' title='bbox 1852 2547 2025 2603; x_wconf 76' lang='lat' dir='ltr'><strong>diﬂ&#39;ert</strong></span> <span class='ocrx_word' id='word_1_303' title='bbox 2059 2550 2210 2617; x_wconf 78' lang='lat' dir='ltr'><strong>geni-</strong></span> 
     </span>
    </p>
   </div>
   <div class='ocr_carea' id='block_1_42' title="bbox 657 2633 2212 2703">
    <p class='ocr_par' dir='ltr' id='par_1_42' title="bbox 657 2633 2212 2703">
     <span class='ocr_line' id='line_1_42' title="bbox 657 2633 2212 2703; baseline 0.008 -22"><span class='ocrx_word' id='word_1_304' title='bbox 657 2640 765 2684; x_wconf 89' lang='lat' dir='ltr'><strong>tum</strong></span> <span class='ocrx_word' id='word_1_305' title='bbox 797 2634 865 2686; x_wconf 86' lang='lat' dir='ltr'><strong>ab</strong></span> <span class='ocrx_word' id='word_1_306' title='bbox 899 2633 1151 2703; x_wconf 77' lang='lat' dir='ltr'><strong>ingenito,</strong></span> <span class='ocrx_word' id='word_1_307' title='bbox 1202 2644 1403 2689; x_wconf 86' lang='lat' dir='ltr'><strong>tantum</strong></span> <span class='ocrx_word' id='word_1_308' title='bbox 1447 2650 1669 2689; x_wconf 88' lang='lat' dir='ltr'><strong>necesse</strong></span> <span class='ocrx_word' id='word_1_309' title='bbox 1713 2648 1794 2689; x_wconf 87' lang='lat' dir='ltr'><strong>est</strong></span> <span class='ocrx_word' id='word_1_310' title='bbox 1824 2637 1995 2691; x_wconf 85' lang='lat' dir='ltr'><strong>lucem</strong></span> <span class='ocrx_word' id='word_1_311' title='bbox 2030 2653 2058 2691; x_wconf 86' lang='lat' dir='ltr'><strong>a</strong></span> <span class='ocrx_word' id='word_1_312' title='bbox 2093 2638 2212 2694; x_wconf 83' lang='lat' dir='ltr'><strong>luce</strong></span> 
     </span>
    </p>
   </div>
   <div class='ocr_carea' id='block_1_43' title="bbox 654 2720 2207 2794">
    <p class='ocr_par' dir='ltr' id='par_1_43' title="bbox 654 2720 2207 2794">
     <span class='ocr_line' id='line_1_43' title="bbox 654 2720 2207 2794; baseline 0.005 -22"><span class='ocrx_word' id='word_1_313' title='bbox 654 2720 887 2786; x_wconf 81' lang='lat' dir='ltr'><strong>diﬂ&#39;erre,</strong></span> <span class='ocrx_word' id='word_1_314' title='bbox 912 2725 997 2776; x_wconf 92' lang='lat' dir='ltr'><strong>cui</strong></span> <span class='ocrx_word' id='word_1_315' title='bbox 1024 2740 1089 2777; x_wconf 79' lang='lat' dir='ltr'><strong>ex</strong></span> <span class='ocrx_word' id='word_1_316' title='bbox 1118 2726 1365 2778; x_wconf 87' lang='lat' dir='ltr'><strong>omnibus</strong></span> <span class='ocrx_word' id='word_1_317' title='bbox 1396 2726 1640 2793; x_wconf 87' lang='lat' dir='ltr'><strong>impietas</strong></span> <span class='ocrx_word' id='word_1_318' title='bbox 1664 2738 1937 2794; x_wconf 87' lang='lat' dir='ltr'><strong>comperta</strong></span> <span class='ocrx_word' id='word_1_319' title='bbox 1964 2743 2068 2780; x_wconf 90' lang='lat' dir='ltr'><strong>non</strong></span> <span class='ocrx_word' id='word_1_320' title='bbox 2106 2741 2207 2791; x_wconf 86' lang='lat' dir='ltr'><strong>est,</strong></span> 
     </span>
    </p>
   </div>
   <div class='ocr_carea' id='block_1_44' title="bbox 651 2810 2207 2886">
    <p class='ocr_par' dir='ltr' id='par_1_44' title="bbox 651 2810 2207 2886">
     <span class='ocr_line' id='line_1_44' title="bbox 651 2810 2207 2886; baseline 0.008 -25"><span class='ocrx_word' id='word_1_321' title='bbox 651 2810 793 2876; x_wconf 88' lang='lat' dir='ltr'><strong>quod</strong></span> <span class='ocrx_word' id='word_1_322' title='bbox 845 2810 898 2863; x_wconf 92' lang='lat' dir='ltr'><strong>in</strong></span> <span class='ocrx_word' id='word_1_323' title='bbox 941 2814 1293 2882; x_wconf 80' lang='lat' dir='ltr'><strong>appellatione</strong></span> <span class='ocrx_word' id='word_1_324' title='bbox 1339 2814 1471 2869; x_wconf 84' lang='lat' dir='ltr'><strong>lucis</strong></span> <span class='ocrx_word' id='word_1_325' title='bbox 1523 2816 1852 2871; x_wconf 87' lang='lat' dir='ltr'><strong>interserens</strong></span> <span class='ocrx_word' id='word_1_326' title='bbox 1911 2821 2052 2886; x_wconf 90' lang='lat' dir='ltr'><strong>quod</strong></span> <span class='ocrx_word' id='word_1_327' title='bbox 2106 2820 2207 2873; x_wconf 78' lang='lat' dir='ltr'><strong>luci</strong></span> 
     </span>
    </p>
   </div>
   <div class='ocr_carea' id='block_1_45' title="bbox 655 2902 2210 2975">
    <p class='ocr_par' dir='ltr' id='par_1_45' title="bbox 655 2902 2210 2975">
     <span class='ocr_line' id='line_1_45' title="bbox 655 2902 2210 2975; baseline 0.006 -21"><span class='ocrx_word' id='word_1_328' title='bbox 655 2902 959 2971; x_wconf 87' lang='lat' dir='ltr'><strong>oppositum</strong></span> <span class='ocrx_word' id='word_1_329' title='bbox 1003 2915 1105 2969; x_wconf 84' lang='lat' dir='ltr'><strong>est,</strong></span> <span class='ocrx_word' id='word_1_330' title='bbox 1147 2904 1413 2975; x_wconf 76' lang='lat' dir='ltr'><strong>Unigeniti</strong></span> <span class='ocrx_word' id='word_1_331' title='bbox 1451 2908 1805 2962; x_wconf 77' lang='lat' dir='ltr'><strong>substantiam</strong></span> <span class='ocrx_word' id='word_1_332' title='bbox 1840 2920 2043 2963; x_wconf 72' lang='lat' dir='ltr'><strong>natura:</strong></span> <span class='ocrx_word' id='word_1_333' title='bbox 2074 2911 2210 2964; x_wconf 88' lang='lat' dir='ltr'><strong>lucis</strong></span> 
     </span>
    </p>
   </div>
   <div class='ocr_carea' id='block_1_46' title="bbox 657 2996 2205 3058">
    <p class='ocr_par' dir='ltr' id='par_1_46' title="bbox 657 2996 2205 3058">
     <span class='ocr_line' id='line_1_46' title="bbox 657 2996 2205 3058; baseline 0.008 -12"><span class='ocrx_word' id='word_1_334' title='bbox 657 2996 987 3050; x_wconf 82' lang='lat' dir='ltr'><strong>contrariam</strong></span> <span class='ocrx_word' id='word_1_335' title='bbox 1040 3013 1160 3053; x_wconf 88' lang='lat' dir='ltr'><strong>esse</strong></span> <span class='ocrx_word' id='word_1_336' title='bbox 1216 3000 1540 3055; x_wconf 81' lang='lat' dir='ltr'><strong>submonet?</strong></span> <span class='ocrx_word' id='word_1_337' title='bbox 1587 3003 1693 3055; x_wconf 79' lang='lat' dir='ltr'><strong>Aut</strong></span> <span class='ocrx_word' id='word_1_338' title='bbox 1740 3002 1985 3056; x_wconf 88' lang='lat' dir='ltr'><strong>ostendat</strong></span> <span class='ocrx_word' id='word_1_339' title='bbox 2053 3005 2205 3058; x_wconf 89' lang='lat' dir='ltr'><strong>nobis</strong></span> 
     </span>
    </p>
   </div>
   <div class='ocr_carea' id='block_1_47' title="bbox 2310 1809 3872 1884">
    <p class='ocr_par' dir='ltr' id='par_1_47' title="bbox 2310 1809 3872 1884">
     <span class='ocr_line' id='line_1_47' title="bbox 2310 1809 3872 1884; baseline -0.004 -18"><span class='ocrx_word' id='word_1_340' title='bbox 2310 1814 2439 1884; x_wconf 81' lang='grc' dir='ltr'>τέρα</span> <span class='ocrx_word' id='word_1_341' title='bbox 2485 1811 2601 1881; x_wconf 76' lang='grc' dir='ltr'>φῶς</span> <span class='ocrx_word' id='word_1_342' title='bbox 2638 1811 2935 1882; x_wconf 78' lang='grc' dir='ltr'><strong>ὀνομάζων,</strong></span> <span class='ocrx_word' id='word_1_343' title='bbox 2980 1811 3092 1880; x_wconf 73' lang='grc' dir='ltr'><strong>φῶς</strong></span> <span class='ocrx_word' id='word_1_344' title='bbox 3117 1812 3170 1864; x_wconf 79' lang='grc' dir='ltr'>δὲ</span> <span class='ocrx_word' id='word_1_345' title='bbox 3200 1815 3290 1863; x_wconf 77' lang='grc' dir='ltr'>καὶ</span> <span class='ocrx_word' id='word_1_346' title='bbox 3320 1811 3408 1863; x_wconf 74' lang='grc' dir='ltr'>τὸν</span> <span class='ocrx_word' id='word_1_347' title='bbox 3438 1812 3586 1875; x_wconf 82' lang='grc' dir='ltr'>Υίδν,</span> <span class='ocrx_word' id='word_1_348' title='bbox 3620 1809 3872 1865; x_wconf 74' lang='grc' dir='ltr'>τοσοῦτον</span> 
     </span>
    </p>
   </div>
   <div class='ocr_carea' id='block_1_48' title="bbox 2310 1900 3869 1972">
    <p class='ocr_par' dir='ltr' id='par_1_48' title="bbox 2310 1900 3869 1972">
     <span class='ocr_line' id='line_1_48' title="bbox 2310 1900 3869 1972; baseline -0.004 -14"><span class='ocrx_word' id='word_1_349' title='bbox 2310 1906 2365 1958; x_wconf 80' lang='grc' dir='ltr'>δὲ</span> <span class='ocrx_word' id='word_1_350' title='bbox 2391 1904 2544 1956; x_wconf 77' lang='grc' dir='ltr'>τοῦτο</span> <span class='ocrx_word' id='word_1_351' title='bbox 2574 1905 2634 1955; x_wconf 75' lang='grc' dir='ltr'>τὸ</span> <span class='ocrx_word' id='word_1_352' title='bbox 2663 1902 2777 1970; x_wconf 84' lang='grc' dir='ltr'><strong>φῶς</strong></span> <span class='ocrx_word' id='word_1_353' title='bbox 2812 1902 3018 1955; x_wconf 78' lang='grc' dir='ltr'>ἐκείνου</span> <span class='ocrx_word' id='word_1_354' title='bbox 3043 1901 3135 1954; x_wconf 83' lang='grc' dir='ltr'><strong>τοῦ</strong></span> <span class='ocrx_word' id='word_1_355' title='bbox 3167 1901 3338 1969; x_wconf 65' lang='grc' dir='ltr'>φωτὸς</span> <span class='ocrx_word' id='word_1_356' title='bbox 3364 1900 3646 1972; x_wconf 76' lang='grc' dir='ltr'>διωρίσθαι</span> <span class='ocrx_word' id='word_1_357' title='bbox 3678 1901 3869 1970; x_wconf 75' lang='grc' dir='ltr'>λέγων.</span> 
     </span>
    </p>
   </div>
   <div class='ocr_carea' id='block_1_49' title="bbox 2310 1990 3875 2065">
    <p class='ocr_par' dir='ltr' id='par_1_49' title="bbox 2310 1990 3875 2065">
     <span class='ocr_line' id='line_1_49' title="bbox 2310 1990 3875 2065; baseline -0.005 -17"><span class='ocrx_word' id='word_1_358' title='bbox 2310 2000 2428 2049; x_wconf 77' lang='grc' dir='ltr'>ὅσον</span> <span class='ocrx_word' id='word_1_359' title='bbox 2461 1997 2519 2047; x_wconf 81' lang='grc' dir='ltr'>τὸ</span> <span class='ocrx_word' id='word_1_360' title='bbox 2559 1995 2811 2065; x_wconf 73' lang='grc' dir='ltr'>γεννητὸν</span> <span class='ocrx_word' id='word_1_361' title='bbox 2838 1996 2943 2047; x_wconf 82' lang='grc' dir='ltr'>ἀπὸ</span> <span class='ocrx_word' id='word_1_362' title='bbox 2971 1994 3063 2046; x_wconf 80' lang='grc' dir='ltr'>τοῦ</span> <span class='ocrx_word' id='word_1_363' title='bbox 3090 1995 3375 2061; x_wconf 77' lang='grc' dir='ltr'>ἀγεννήτου</span> <span class='ocrx_word' id='word_1_364' title='bbox 3407 1991 3714 2061; x_wconf 85' lang='grc' dir='ltr'>διώρισται,</span> <span class='ocrx_word' id='word_1_365' title='bbox 3756 1990 3875 2059; x_wconf 74' lang='grc' dir='ltr'><strong>οὓχὶ</strong></span> 
     </span>
    </p>
   </div>
   <div class='ocr_carea' id='block_1_50' title="bbox 2309 2080 3873 2155">
    <p class='ocr_par' dir='ltr' id='par_1_50' title="bbox 2309 2080 3873 2155">
     <span class='ocr_line' id='line_1_50' title="bbox 2309 2080 3873 2155; baseline -0.003 -18"><span class='ocrx_word' id='word_1_366' title='bbox 2309 2085 2463 2155; x_wconf 80' lang='grc' dir='ltr'>δῆλός</span> <span class='ocrx_word' id='word_1_367' title='bbox 2500 2088 2634 2147; x_wconf 76' lang='grc' dir='ltr'>ἐστι,</span> <span class='ocrx_word' id='word_1_368' title='bbox 2674 2084 2774 2137; x_wconf 73' lang='grc' dir='ltr'>κᾶν</span> <span class='ocrx_word' id='word_1_369' title='bbox 2803 2084 2879 2155; x_wconf 84' lang='grc' dir='ltr'>τῷ</span> <span class='ocrx_word' id='word_1_370' title='bbox 2927 2086 3129 2155; x_wconf 73' lang='grc' dir='ltr'>ῥήματι</span> <span class='ocrx_word' id='word_1_371' title='bbox 3170 2080 3527 2155; x_wconf 72' lang='grc' dir='ltr'>προσποιῆται</span> <span class='ocrx_word' id='word_1_372' title='bbox 3566 2082 3873 2150; x_wconf 81' lang='grc' dir='ltr'>φιλανθρω-</span> 
     </span>
    </p>
   </div>
   <div class='ocr_carea' id='block_1_51' title="bbox 2312 2172 3876 2247">
    <p class='ocr_par' dir='ltr' id='par_1_51' title="bbox 2312 2172 3876 2247">
     <span class='ocr_line' id='line_1_51' title="bbox 2312 2172 3876 2247; baseline -0.004 -16"><span class='ocrx_word' id='word_1_373' title='bbox 2312 2176 2588 2243; x_wconf 80' lang='grc' dir='ltr'>πεύεσθαι,</span> <span class='ocrx_word' id='word_1_374' title='bbox 2621 2177 2735 2247; x_wconf 83' lang='grc' dir='ltr'>φῶς</span> <span class='ocrx_word' id='word_1_375' title='bbox 2772 2175 3048 2247; x_wconf 74' lang='grc' dir='ltr'><strong>ὀνομάζων</strong></span> <span class='ocrx_word' id='word_1_376' title='bbox 3089 2175 3247 2245; x_wconf 81' lang='grc' dir='ltr'>δῆθεν</span> <span class='ocrx_word' id='word_1_377' title='bbox 3293 2174 3507 2229; x_wconf 79' lang='grc' dir='ltr'>καὶτὸν</span> <span class='ocrx_word' id='word_1_378' title='bbox 3552 2173 3700 2235; x_wconf 71' lang='grc' dir='ltr'>Τίον,</span> <span class='ocrx_word' id='word_1_379' title='bbox 3742 2172 3876 2226; x_wconf 71' lang='grc' dir='ltr'>ἀλλά</span> 
     </span>
    </p>
   </div>
   <div class='ocr_carea' id='block_1_52' title="bbox 2316 2265 3872 2341">
    <p class='ocr_par' dir='ltr' id='par_1_52' title="bbox 2316 2265 3872 2341">
     <span class='ocr_line' id='line_1_52' title="bbox 2316 2265 3872 2341; baseline -0.004 -19"><span class='ocrx_word' id='word_1_380' title='bbox 2316 2272 2381 2340; x_wconf 80' lang='grc' dir='ltr'>τῇ</span> <span class='ocrx_word' id='word_1_381' title='bbox 2420 2286 2483 2337; x_wconf 91' lang='grc' dir='ltr'><strong>γε</strong></span> <span class='ocrx_word' id='word_1_382' title='bbox 2513 2270 2739 2340; x_wconf 78' lang='grc' dir='ltr'>δυνάμει</span> <span class='ocrx_word' id='word_1_383' title='bbox 2767 2269 2841 2341; x_wconf 87' lang='lat'><strong>(8)</strong></span> <span class='ocrx_word' id='word_1_384' title='bbox 2874 2269 2980 2322; x_wconf 79' lang='grc' dir='ltr'>τῶν</span> <span class='ocrx_word' id='word_1_385' title='bbox 3026 2270 3326 2338; x_wconf 83' lang='grc' dir='ltr'>λεγομένων</span> <span class='ocrx_word' id='word_1_386' title='bbox 3362 2269 3494 2341; x_wconf 72' lang='grc' dir='ltr'>πρὸς</span> <span class='ocrx_word' id='word_1_387' title='bbox 3527 2266 3589 2319; x_wconf 82' lang='grc' dir='ltr'>τὸ</span> <span class='ocrx_word' id='word_1_388' title='bbox 3631 2265 3872 2319; x_wconf 74' lang='grc' dir='ltr'>ἐναντίον</span> 
     </span>
    </p>
   </div>
   <div class='ocr_carea' id='block_1_53' title="bbox 2313 2356 3872 2430">
    <p class='ocr_par' dir='ltr' id='par_1_53' title="bbox 2313 2356 3872 2430">
     <span class='ocr_line' id='line_1_53' title="bbox 2313 2356 3872 2430; baseline -0.005 -15"><span class='ocrx_word' id='word_1_389' title='bbox 2313 2362 2535 2428; x_wconf 73' lang='grc' dir='ltr'>ἀπάγων</span> <span class='ocrx_word' id='word_1_390' title='bbox 2561 2361 2657 2430; x_wconf 77' lang='grc' dir='ltr'>τὴν</span> <span class='ocrx_word' id='word_1_391' title='bbox 2686 2361 2921 2422; x_wconf 78' lang='grc' dir='ltr'>έννοιαν;</span> <span class='ocrx_word' id='word_1_392' title='bbox 2957 2361 3209 2412; x_wconf 82' lang='grc' dir='ltr'>Σκοπεῖτε</span> <span class='ocrx_word' id='word_1_393' title='bbox 3246 2359 3346 2430; x_wconf 85' lang='grc' dir='ltr'><strong>γάρ</strong></span> <span class='ocrx_word' id='word_1_394' title='bbox 3375 2361 3427 2412; x_wconf 88' lang='grc' dir='ltr'><strong>τί</strong></span> <span class='ocrx_word' id='word_1_395' title='bbox 3462 2357 3769 2412; x_wconf 79' lang='grc' dir='ltr'>ἀντίκειται</span> <span class='ocrx_word' id='word_1_396' title='bbox 3801 2356 3872 2425; x_wconf 78' lang='grc' dir='ltr'>τῷ</span> 
     </span>
    </p>
   </div>
   <div class='ocr_carea' id='block_1_54' title="bbox 2312 2448 3876 2522">
    <p class='ocr_par' dir='ltr' id='par_1_54' title="bbox 2312 2448 3876 2522">
     <span class='ocr_line' id='line_1_54' title="bbox 2312 2448 3876 2522; baseline -0.006 -15"><span class='ocrx_word' id='word_1_397' title='bbox 2312 2453 2608 2522; x_wconf 83' lang='grc' dir='ltr'>ἀγεννήτῳ,</span> <span class='ocrx_word' id='word_1_398' title='bbox 2646 2450 2769 2503; x_wconf 76' lang='grc' dir='ltr'>ἄλλο</span> <span class='ocrx_word' id='word_1_399' title='bbox 2808 2451 3117 2519; x_wconf 79' lang='grc' dir='ltr'><strong>ἀγέννητον,</strong></span> <span class='ocrx_word' id='word_1_400' title='bbox 3154 2448 3186 2518; x_wconf 83' lang='grc' dir='ltr'>ἢ</span> <span class='ocrx_word' id='word_1_401' title='bbox 3230 2448 3287 2501; x_wconf 85' lang='grc' dir='ltr'>τὸ</span> <span class='ocrx_word' id='word_1_402' title='bbox 3332 2450 3622 2519; x_wconf 71' lang='grc' dir='ltr'>γεννητόνς</span> <span class='ocrx_word' id='word_1_403' title='bbox 3653 2448 3727 2501; x_wconf 86' lang='grc' dir='ltr'>Τὸ</span> <span class='ocrx_word' id='word_1_404' title='bbox 3758 2465 3876 2515; x_wconf 82' lang='grc' dir='ltr'>γεν-</span> 
     </span>
    </p>
   </div>
   <div class='ocr_carea' id='block_1_55' title="bbox 2314 2539 3877 2616">
    <p class='ocr_par' dir='ltr' id='par_1_55' title="bbox 2314 2539 3877 2616">
     <span class='ocr_line' id='line_1_55' title="bbox 2314 2539 3877 2616; baseline -0.005 -18"><span class='ocrx_word' id='word_1_405' title='bbox 2314 2546 2467 2616; x_wconf 74' lang='grc' dir='ltr'>νητὸν</span> <span class='ocrx_word' id='word_1_406' title='bbox 2494 2543 2756 2613; x_wconf 81' lang='grc' dir='ltr'>δηλονότι.</span> <span class='ocrx_word' id='word_1_407' title='bbox 2801 2543 2843 2595; x_wconf 85' lang='grc' dir='ltr'>Τ</span> <span class='ocrx_word' id='word_1_408' title='bbox 2850 2542 2864 2594; x_wconf 87' lang='grc' dir='ltr'><strong>ί</strong></span> <span class='ocrx_word' id='word_1_409' title='bbox 2891 2543 2945 2596; x_wconf 79' lang='grc' dir='ltr'>δὲ</span> <span class='ocrx_word' id='word_1_410' title='bbox 2979 2541 3271 2596; x_wconf 80' lang='grc' dir='ltr'>ἀντίκειται</span> <span class='ocrx_word' id='word_1_411' title='bbox 3298 2539 3373 2609; x_wconf 75' lang='grc' dir='ltr'>τῷ</span> <span class='ocrx_word' id='word_1_412' title='bbox 3408 2540 3581 2607; x_wconf 56' lang='lat' dir='ltr'><strong>cycni;</strong></span> <span class='ocrx_word' id='word_1_413' title='bbox 3616 2540 3732 2607; x_wconf 79' lang='grc' dir='ltr'><strong>φῶς</strong></span> <span class='ocrx_word' id='word_1_414' title='bbox 3766 2540 3877 2591; x_wconf 70' lang='grc' dir='ltr'>ἓτε-</span> 
     </span>
    </p>
   </div>
   <div class='ocr_carea' id='block_1_56' title="bbox 2315 2627 3877 2709">
    <p class='ocr_par' dir='ltr' id='par_1_56' title="bbox 2315 2627 3877 2709">
     <span class='ocr_line' id='line_1_56' title="bbox 2315 2627 3877 2709; baseline -0.006 -19"><span class='ocrx_word' id='word_1_415' title='bbox 2315 2656 2424 2709; x_wconf 86' lang='grc' dir='ltr'>ρον,</span> <span class='ocrx_word' id='word_1_416' title='bbox 2465 2637 2496 2707; x_wconf 84' lang='grc' dir='ltr'>ἦ</span> <span class='ocrx_word' id='word_1_417' title='bbox 2537 2635 2596 2689; x_wconf 76' lang='grc' dir='ltr'>τὸ</span> <span class='ocrx_word' id='word_1_418' title='bbox 2630 2634 2842 2699; x_wconf 80' lang='grc' dir='ltr'>σκότος;</span> <span class='ocrx_word' id='word_1_419' title='bbox 2878 2633 2951 2686; x_wconf 82' lang='grc' dir='ltr'><strong>Τδ</strong></span> <span class='ocrx_word' id='word_1_420' title='bbox 2980 2633 3165 2695; x_wconf 81' lang='grc' dir='ltr'>σκότος</span> <span class='ocrx_word' id='word_1_421' title='bbox 3199 2631 3428 2691; x_wconf 75' lang='grc' dir='ltr'>πάντως.</span> <span class='ocrx_word' id='word_1_422' title='bbox 3461 2629 3521 2681; x_wconf 81' lang='lat' dir='ltr'><strong>Ei</strong></span> <span class='ocrx_word' id='word_1_423' title='bbox 3549 2629 3731 2680; x_wconf 87' lang='grc' dir='ltr'>τοίνυν</span> <span class='ocrx_word' id='word_1_424' title='bbox 3756 2627 3877 2681; x_wconf 74' lang='grc' dir='ltr'>ὅσον</span> 
     </span>
    </p>
   </div>
   <div class='ocr_carea' id='block_1_57' title="bbox 2314 2719 3877 2800">
    <p class='ocr_par' dir='ltr' id='par_1_57' title="bbox 2314 2719 3877 2800">
     <span class='ocr_line' id='line_1_57' title="bbox 2314 2719 3877 2800; baseline -0.008 -17"><span class='ocrx_word' id='word_1_425' title='bbox 2314 2729 2685 2800; x_wconf 72' lang='grc' dir='ltr'>παρήλλακται</span> <span class='ocrx_word' id='word_1_426' title='bbox 2711 2728 2770 2781; x_wconf 84' lang='grc' dir='ltr'>τὸ</span> <span class='ocrx_word' id='word_1_427' title='bbox 2801 2725 3054 2796; x_wconf 82' lang='grc' dir='ltr'>γεννητὸν</span> <span class='ocrx_word' id='word_1_428' title='bbox 3098 2725 3229 2797; x_wconf 52' lang='grc' dir='ltr'>πρὶς</span> <span class='ocrx_word' id='word_1_429' title='bbox 3257 2723 3316 2776; x_wconf 86' lang='grc' dir='ltr'>τὸ</span> <span class='ocrx_word' id='word_1_430' title='bbox 3342 2724 3661 2792; x_wconf 78' lang='grc' dir='ltr'>ἀγέννητον,</span> <span class='ocrx_word' id='word_1_431' title='bbox 3692 2719 3877 2773; x_wconf 71' lang='grc' dir='ltr'>τοσοῦ-</span> 
     </span>
    </p>
   </div>
   <div class='ocr_carea' id='block_1_58' title="bbox 2311 2811 3873 2890">
    <p class='ocr_par' dir='ltr' id='par_1_58' title="bbox 2311 2811 3873 2890">
     <span class='ocr_line' id='line_1_58' title="bbox 2311 2811 3873 2890; baseline -0.008 -17"><span class='ocrx_word' id='word_1_432' title='bbox 2311 2838 2400 2874; x_wconf 89' lang='grc' dir='ltr'><strong>τον</strong></span> <span class='ocrx_word' id='word_1_433' title='bbox 2447 2821 2655 2890; x_wconf 82' lang='grc' dir='ltr'><strong>ἀνάγκη</strong></span> <span class='ocrx_word' id='word_1_434' title='bbox 2688 2817 3061 2887; x_wconf 68' lang='grc' dir='ltr'>παρηλλάχθαι</span> <span class='ocrx_word' id='word_1_435' title='bbox 3098 2817 3159 2870; x_wconf 83' lang='grc' dir='ltr'>τὸ</span> <span class='ocrx_word' id='word_1_436' title='bbox 3190 2815 3303 2885; x_wconf 70' lang='grc' dir='ltr'>φῶς</span> <span class='ocrx_word' id='word_1_437' title='bbox 3331 2814 3466 2885; x_wconf 73' lang='grc' dir='ltr'>πρὸς</span> <span class='ocrx_word' id='word_1_438' title='bbox 3494 2812 3557 2866; x_wconf 78' lang='grc' dir='ltr'>τὸ</span> <span class='ocrx_word' id='word_1_439' title='bbox 3598 2811 3737 2881; x_wconf 76' lang='grc' dir='ltr'>φῶς,</span> <span class='ocrx_word' id='word_1_440' title='bbox 3776 2812 3873 2863; x_wconf 78' lang='grc' dir='ltr'>τίνι</span> 
     </span>
    </p>
   </div>
   <div class='ocr_carea' id='block_1_59' title="bbox 2310 2904 3873 2981">
    <p class='ocr_par' dir='ltr' id='par_1_59' title="bbox 2310 2904 3873 2981">
     <span class='ocr_line' id='line_1_59' title="bbox 2310 2904 3873 2981; baseline -0.004 -17"><span class='ocrx_word' id='word_1_441' title='bbox 2310 2913 2417 2964; x_wconf 83' lang='grc' dir='ltr'>τῶν</span> <span class='ocrx_word' id='word_1_442' title='bbox 2449 2914 2699 2966; x_wconf 73' lang='grc' dir='ltr'>ἁπάντων</span> <span class='ocrx_word' id='word_1_443' title='bbox 2735 2911 2926 2981; x_wconf 73' lang='grc' dir='ltr'>ἄδηλος</span> <span class='ocrx_word' id='word_1_444' title='bbox 2952 2913 2985 2980; x_wconf 82' lang='grc' dir='ltr'>ἡ</span> <span class='ocrx_word' id='word_1_445' title='bbox 3020 2909 3261 2971; x_wconf 74' lang='grc' dir='ltr'>ἀσέϐεια,</span> <span class='ocrx_word' id='word_1_446' title='bbox 3296 2909 3395 2970; x_wconf 82' lang='grc' dir='ltr'>ὅτι,</span> <span class='ocrx_word' id='word_1_447' title='bbox 3446 2910 3503 2959; x_wconf 82' lang='grc' dir='ltr'><strong>ἐν</strong></span> <span class='ocrx_word' id='word_1_448' title='bbox 3534 2904 3873 2979; x_wconf 62' lang='grc' dir='ltr'>προσηγορίᾳ</span> 
     </span>
    </p>
   </div>
   <div class='ocr_carea' id='block_1_60' title="bbox 2313 2999 3875 3073">
    <p class='ocr_par' dir='ltr' id='par_1_60' title="bbox 2313 2999 3875 3073">
     <span class='ocr_line' id='line_1_60' title="bbox 2313 2999 3875 3073; baseline -0.008 -16"><span class='ocrx_word' id='word_1_449' title='bbox 2313 3006 2487 3073; x_wconf 73' lang='grc' dir='ltr'>φωτὸς</span> <span class='ocrx_word' id='word_1_450' title='bbox 2516 3006 2573 3056; x_wconf 77' lang='grc' dir='ltr'>τὸ</span> <span class='ocrx_word' id='word_1_451' title='bbox 2615 3002 2983 3070; x_wconf 78' lang='grc' dir='ltr'>ἀντικείμενον</span> <span class='ocrx_word' id='word_1_452' title='bbox 3028 3002 3103 3069; x_wconf 81' lang='grc' dir='ltr'>τῷ</span> <span class='ocrx_word' id='word_1_453' title='bbox 3138 3001 3273 3067; x_wconf 66' lang='grc' dir='ltr'>φωτὶ</span> <span class='ocrx_word' id='word_1_454' title='bbox 3310 2999 3683 3070; x_wconf 82' lang='grc' dir='ltr'>παρεισάγων.</span> <span class='ocrx_word' id='word_1_455' title='bbox 3726 2999 3875 3049; x_wconf 65' lang='grc' dir='ltr'>ἐναν-</span> 
     </span>
    </p>
   </div>
   <div class='ocr_carea' id='block_1_61' title="bbox 657 3066 2210 3168">
    <p class='ocr_par' dir='ltr' id='par_1_61' title="bbox 657 3088 2206 3168">
     <span class='ocr_line' id='line_1_61' title="bbox 657 3088 2206 3168; baseline 0.008 -30"><span class='ocrx_word' id='word_1_456' title='bbox 657 3088 826 3141; x_wconf 80' lang='lat' dir='ltr'><strong>lucem</strong></span> <span class='ocrx_word' id='word_1_457' title='bbox 854 3106 973 3158; x_wconf 74' lang='lat' dir='ltr'><strong>quae</strong></span> <span class='ocrx_word' id='word_1_458' title='bbox 1014 3092 1114 3147; x_wconf 92' lang='lat' dir='ltr'><strong>luci</strong></span> <span class='ocrx_word' id='word_1_459' title='bbox 1147 3107 1467 3164; x_wconf 83' lang='lat' dir='ltr'><strong>Opponatur,</strong></span> <span class='ocrx_word' id='word_1_460' title='bbox 1508 3114 1732 3168; x_wconf 68' lang='lat' dir='ltr'><strong>qumque</strong></span> <span class='ocrx_word' id='word_1_461' title='bbox 1758 3115 1880 3152; x_wconf 89' lang='lat' dir='ltr'><strong>eum</strong></span> <span class='ocrx_word' id='word_1_462' title='bbox 1914 3101 2206 3168; x_wconf 86' lang='lat' dir='ltr'><strong>oppositio-</strong></span> 
     </span>
    </p>
   </div>
   <div class='ocr_carea' id='block_1_62' title="bbox 2315 3066 3873 3168">
    <p class='ocr_par' dir='ltr' id='par_1_62' title="bbox 2315 3088 3873 3163">
     <span class='ocr_line' id='line_1_62' title="bbox 2315 3088 3873 3163; baseline -0.006 -15"><span class='ocrx_word' id='word_1_463' title='bbox 2315 3098 2430 3148; x_wconf 86' lang='grc' dir='ltr'>τίαν</span> <span class='ocrx_word' id='word_1_464' title='bbox 2454 3091 2591 3147; x_wconf 78' lang='grc' dir='ltr'>εἶναι</span> <span class='ocrx_word' id='word_1_465' title='bbox 2618 3097 2681 3163; x_wconf 80' lang='grc' dir='ltr'>τῇ</span> <span class='ocrx_word' id='word_1_466' title='bbox 2710 3092 2803 3145; x_wconf 79' lang='grc' dir='ltr'><strong>τοῦ</strong></span> <span class='ocrx_word' id='word_1_467' title='bbox 2834 3092 3008 3159; x_wconf 74' lang='grc' dir='ltr'>φωτὸς</span> <span class='ocrx_word' id='word_1_468' title='bbox 3039 3091 3193 3158; x_wconf 73' lang='grc' dir='ltr'>φύσει</span> <span class='ocrx_word' id='word_1_469' title='bbox 3227 3091 3322 3159; x_wconf 83' lang='grc' dir='ltr'>τὴν</span> <span class='ocrx_word' id='word_1_470' title='bbox 3357 3088 3542 3141; x_wconf 73' lang='grc' dir='ltr'>οὐσίαν</span> <span class='ocrx_word' id='word_1_471' title='bbox 3575 3088 3671 3140; x_wconf 78' lang='grc' dir='ltr'>τοῦ</span> <span class='ocrx_word' id='word_1_472' title='bbox 3707 3088 3873 3140; x_wconf 72' lang='grc' dir='ltr'>Μονο-</span> 
     </span>
    </p>
   </div>
   <div class='ocr_carea' id='block_1_63' title="bbox 657 3178 2207 3262">
    <p class='ocr_par' dir='ltr' id='par_1_63' title="bbox 657 3178 2207 3262">
     <span class='ocr_line' id='line_1_63' title="bbox 657 3178 2207 3262; baseline 0.01 -33"><span class='ocrx_word' id='word_1_473' title='bbox 657 3178 742 3231; x_wconf 89' lang='lat' dir='ltr'><strong>nis</strong></span> <span class='ocrx_word' id='word_1_474' title='bbox 772 3181 987 3233; x_wconf 87' lang='lat' dir='ltr'><strong>modum</strong></span> <span class='ocrx_word' id='word_1_475' title='bbox 1020 3185 1247 3249; x_wconf 82' lang='lat' dir='ltr'><strong>habeat,</strong></span> <span class='ocrx_word' id='word_1_476' title='bbox 1278 3189 1367 3256; x_wconf 88' lang='lat' dir='ltr'><strong>qui</strong></span> <span class='ocrx_word' id='word_1_477' title='bbox 1407 3192 1587 3259; x_wconf 69' lang='lat' dir='ltr'><strong>genitu</strong></span> <span class='ocrx_word' id='word_1_478' title='bbox 1614 3207 1733 3244; x_wconf 91' lang='lat' dir='ltr'><strong>cum</strong></span> <span class='ocrx_word' id='word_1_479' title='bbox 1770 3193 2008 3262; x_wconf 79' lang='lat' dir='ltr'><strong>ingenito</strong></span> <span class='ocrx_word' id='word_1_480' title='bbox 2042 3193 2207 3247; x_wconf 84' lang='lat' dir='ltr'><strong>inter-</strong></span> 
     </span>
    </p>
   </div>
   <div class='ocr_carea' id='block_1_64' title="bbox 656 3270 2211 3353">
    <p class='ocr_par' dir='ltr' id='par_1_64' title="bbox 656 3270 2211 3353">
     <span class='ocr_line' id='line_1_64' title="bbox 656 3270 2211 3353; baseline 0.011 -30"><span class='ocrx_word' id='word_1_481' title='bbox 656 3271 818 3324; x_wconf 84' lang='lat' dir='ltr'><strong>cedit.</strong></span> <span class='ocrx_word' id='word_1_482' title='bbox 843 3270 992 3339; x_wconf 86' lang='lat' dir='ltr'><strong>Quod</strong></span> <span class='ocrx_word' id='word_1_483' title='bbox 1018 3276 1061 3328; x_wconf 84' lang='lat' dir='ltr'><strong>si</strong></span> <span class='ocrx_word' id='word_1_484' title='bbox 1090 3275 1203 3330; x_wconf 60' lang='lat' dir='ltr'><strong>hac</strong></span> <span class='ocrx_word' id='word_1_485' title='bbox 1243 3296 1337 3331; x_wconf 85' lang='lat' dir='ltr'><strong>nec</strong></span> <span class='ocrx_word' id='word_1_486' title='bbox 1368 3294 1470 3343; x_wconf 86' lang='lat' dir='ltr'><strong>est,</strong></span> <span class='ocrx_word' id='word_1_487' title='bbox 1508 3300 1605 3337; x_wconf 89' lang='lat' dir='ltr'><strong>nec</strong></span> <span class='ocrx_word' id='word_1_488' title='bbox 1641 3285 1756 3352; x_wconf 87' lang='lat' dir='ltr'><strong>ipse</strong></span> <span class='ocrx_word' id='word_1_489' title='bbox 1785 3301 2019 3353; x_wconf 90' lang='lat' dir='ltr'><strong>unquam</strong></span> <span class='ocrx_word' id='word_1_490' title='bbox 2052 3301 2211 3339; x_wconf 81' lang='lat' dir='ltr'><strong>exco-</strong></span> 
     </span>
    </p>
   </div>
   <div class='ocr_carea' id='block_1_65' title="bbox 658 3364 2213 3443">
    <p class='ocr_par' dir='ltr' id='par_1_65' title="bbox 658 3364 2213 3443">
     <span class='ocr_line' id='line_1_65' title="bbox 658 3364 2213 3443; baseline 0.013 -34"><span class='ocrx_word' id='word_1_491' title='bbox 658 3364 827 3429; x_wconf 74' lang='lat' dir='ltr'><strong>gitare</strong></span> <span class='ocrx_word' id='word_1_492' title='bbox 859 3366 1078 3432; x_wconf 87' lang='lat' dir='ltr'><strong>poterit;</strong></span> <span class='ocrx_word' id='word_1_493' title='bbox 1109 3383 1172 3420; x_wconf 88' lang='lat' dir='ltr'><strong>ue</strong></span> <span class='ocrx_word' id='word_1_494' title='bbox 1204 3368 1364 3437; x_wconf 75' lang='lat'><strong>263</strong></span> <span class='ocrx_word' id='word_1_495' title='bbox 1396 3370 1671 3438; x_wconf 77' lang='lat' dir='ltr'><strong>ignoretur</strong></span> <span class='ocrx_word' id='word_1_496' title='bbox 1693 3389 1802 3439; x_wconf 87' lang='lat' dir='ltr'><strong>ars,</strong></span> <span class='ocrx_word' id='word_1_497' title='bbox 1829 3390 1932 3441; x_wconf 87' lang='lat' dir='ltr'><strong>qua</strong></span> <span class='ocrx_word' id='word_1_498' title='bbox 1966 3376 2213 3443; x_wconf 82' lang='lat' dir='ltr'><strong>blasphe-</strong></span> 
     </span>
    </p>
   </div>
   <div class='ocr_carea' id='block_1_66' title="bbox 660 3454 2208 3533">
    <p class='ocr_par' dir='ltr' id='par_1_66' title="bbox 660 3454 2208 3533">
     <span class='ocr_line' id='line_1_66' title="bbox 660 3454 2208 3533; baseline 0.009 -29"><span class='ocrx_word' id='word_1_499' title='bbox 660 3454 817 3504; x_wconf 86' lang='lat' dir='ltr'><strong>miam</strong></span> <span class='ocrx_word' id='word_1_500' title='bbox 846 3456 951 3509; x_wconf 84' lang='lat' dir='ltr'><strong>alte</strong></span> <span class='ocrx_word' id='word_1_501' title='bbox 982 3460 1222 3512; x_wconf 82' lang='lat' dir='ltr'><strong>adornat.</strong></span> <span class='ocrx_word' id='word_1_502' title='bbox 1251 3458 1381 3512; x_wconf 82' lang='lat' dir='ltr'><strong>Nam</strong></span> <span class='ocrx_word' id='word_1_503' title='bbox 1414 3500 1429 3524; x_wconf 94' lang='lat'><strong>,</strong></span> <span class='ocrx_word' id='word_1_504' title='bbox 1457 3463 1706 3529; x_wconf 87' lang='lat' dir='ltr'><strong>quoniam</strong></span> <span class='ocrx_word' id='word_1_505' title='bbox 1746 3473 1895 3531; x_wconf 87' lang='lat' dir='ltr'><strong>putat</strong></span> <span class='ocrx_word' id='word_1_506' title='bbox 1920 3466 2208 3533; x_wconf 76' lang='lat' dir='ltr'><strong>ingenitum</strong></span> 
     </span>
    </p>
   </div>
   <div class='ocr_carea' id='block_1_67' title="bbox 658 3546 2212 3619">
    <p class='ocr_par' dir='ltr' id='par_1_67' title="bbox 658 3546 2212 3619">
     <span class='ocr_line' id='line_1_67' title="bbox 658 3546 2212 3619; baseline 0.011 -26"><span class='ocrx_word' id='word_1_507' title='bbox 658 3546 839 3606; x_wconf 66' lang='lat' dir='ltr'><strong>genito</strong></span> <span class='ocrx_word' id='word_1_508' title='bbox 880 3560 944 3599; x_wconf 78' lang='lat' dir='ltr'><strong>ex</strong></span> <span class='ocrx_word' id='word_1_509' title='bbox 979 3548 1202 3603; x_wconf 85' lang='lat' dir='ltr'><strong>adverso</strong></span> <span class='ocrx_word' id='word_1_510' title='bbox 1234 3553 1463 3619; x_wconf 85' lang='lat' dir='ltr'><strong>opponi,</strong></span> <span class='ocrx_word' id='word_1_511' title='bbox 1496 3556 1739 3606; x_wconf 83' lang='lat' dir='ltr'><strong>eamdem</strong></span> <span class='ocrx_word' id='word_1_512' title='bbox 1777 3554 1879 3607; x_wconf 89' lang='lat' dir='ltr'><strong>luci</strong></span> <span class='ocrx_word' id='word_1_513' title='bbox 1932 3571 2051 3609; x_wconf 91' lang='lat' dir='ltr'><strong>cum</strong></span> <span class='ocrx_word' id='word_1_514' title='bbox 2097 3558 2212 3610; x_wconf 70' lang='lat' dir='ltr'><strong>luce</strong></span> 
     </span>
    </p>
   </div>
   <div class='ocr_carea' id='block_1_68' title="bbox 658 3635 2211 3706">
    <p class='ocr_par' dir='ltr' id='par_1_68' title="bbox 658 3635 2211 3706">
     <span class='ocr_line' id='line_1_68' title="bbox 658 3635 2211 3706; baseline 0.01 -22"><span class='ocrx_word' id='word_1_515' title='bbox 658 3635 1046 3701; x_wconf 86' lang='lat' dir='ltr'><strong>oppositionem</strong></span> <span class='ocrx_word' id='word_1_516' title='bbox 1072 3639 1291 3706; x_wconf 86' lang='lat' dir='ltr'><strong>adaptat</strong></span> <span class='ocrx_word' id='word_1_517' title='bbox 1318 3661 1330 3695; x_wconf 91' lang='lat'>:</span> <span class='ocrx_word' id='word_1_518' title='bbox 1361 3653 1415 3694; x_wconf 89' lang='lat' dir='ltr'><strong>ut</strong></span> <span class='ocrx_word' id='word_1_519' title='bbox 1444 3641 1618 3696; x_wconf 82' lang='lat' dir='ltr'><strong>Patris</strong></span> <span class='ocrx_word' id='word_1_520' title='bbox 1648 3646 2005 3699; x_wconf 84' lang='lat' dir='ltr'><strong>substantiam</strong></span> <span class='ocrx_word' id='word_1_521' title='bbox 2031 3658 2211 3700; x_wconf 84' lang='lat' dir='ltr'><strong>osten-</strong></span> 
     </span>
    </p>
   </div>
   <div class='ocr_carea' id='block_1_69' title="bbox 660 3727 2213 3803">
    <p class='ocr_par' dir='ltr' id='par_1_69' title="bbox 660 3727 2213 3803">
     <span class='ocr_line' id='line_1_69' title="bbox 660 3727 2213 3803; baseline 0.012 -26"><span class='ocrx_word' id='word_1_522' title='bbox 660 3728 748 3779; x_wconf 86' lang='lat' dir='ltr'><strong>dat</strong></span> <span class='ocrx_word' id='word_1_523' title='bbox 772 3727 1081 3785; x_wconf 71' lang='lat' dir='ltr'><strong>substautiw</strong></span> <span class='ocrx_word' id='word_1_524' title='bbox 1114 3733 1381 3803; x_wconf 70' lang='lat' dir='ltr'><strong>Unigcmti</strong></span> <span class='ocrx_word' id='word_1_525' title='bbox 1410 3751 1502 3803; x_wconf 89' lang='lat' dir='ltr'><strong>per</strong></span> <span class='ocrx_word' id='word_1_526' title='bbox 1527 3739 1706 3791; x_wconf 84' lang='lat' dir='ltr'><strong>oumia</strong></span> <span class='ocrx_word' id='word_1_527' title='bbox 1737 3744 2062 3795; x_wconf 85' lang='lat' dir='ltr'><strong>contrariam</strong></span> <span class='ocrx_word' id='word_1_528' title='bbox 2095 3757 2213 3797; x_wconf 87' lang='lat' dir='ltr'><strong>esse</strong></span> 
     </span>
    </p>
   </div>
   <div class='ocr_carea' id='block_1_70' title="bbox 664 3824 2210 3904">
    <p class='ocr_par' dir='ltr' id='par_1_70' title="bbox 664 3824 2210 3904">
     <span class='ocr_line' id='line_1_70' title="bbox 664 3824 2210 3904; baseline 0.009 -30"><span class='ocrx_word' id='word_1_529' title='bbox 664 3831 822 3889; x_wconf 79' lang='lat' dir='ltr'><strong>atque</strong></span> <span class='ocrx_word' id='word_1_530' title='bbox 852 3824 1151 3881; x_wconf 81' lang='lat' dir='ltr'><strong>adversam.</strong></span> <span class='ocrx_word' id='word_1_531' title='bbox 1182 3825 1467 3897; x_wconf 82' lang='lat' dir='ltr'><strong>Propterea</strong></span> <span class='ocrx_word' id='word_1_532' title='bbox 1494 3846 1629 3884; x_wconf 85' lang='lat' dir='ltr'><strong>nova</strong></span> <span class='ocrx_word' id='word_1_533' title='bbox 1656 3832 1769 3885; x_wconf 72' lang='lat' dir='ltr'><strong>lucc</strong></span> <span class='ocrx_word' id='word_1_534' title='bbox 1793 3844 1873 3886; x_wconf 91' lang='lat' dir='ltr'><strong>est</strong></span> <span class='ocrx_word' id='word_1_535' title='bbox 1901 3834 2210 3904; x_wconf 75' lang='lat' dir='ltr'><strong>dagmatum</strong></span> 
     </span>
    </p>
   </div>
   <div class='ocr_carea' id='block_1_71' title="bbox 660 3910 2212 3990">
    <p class='ocr_par' dir='ltr' id='par_1_71' title="bbox 660 3910 2212 3990">
     <span class='ocr_line' id='line_1_71' title="bbox 660 3910 2212 3990; baseline 0.008 -30"><span class='ocrx_word' id='word_1_536' title='bbox 660 3910 900 3974; x_wconf 82' lang='lat' dir='ltr'><strong>sanctio,</strong></span> <span class='ocrx_word' id='word_1_537' title='bbox 924 3926 1025 3979; x_wconf 88' lang='lat' dir='ltr'><strong>qua</strong></span> <span class='ocrx_word' id='word_1_538' title='bbox 1057 3915 1189 3966; x_wconf 88' lang='lat' dir='ltr'><strong>dicit</strong></span> <span class='ocrx_word' id='word_1_539' title='bbox 1216 3931 1230 3966; x_wconf 89' lang='lat'><strong>:</strong></span> <span class='ocrx_word' id='word_1_540' title='bbox 1264 3920 1531 3980; x_wconf 77' lang='lat' dir='ltr'><strong>Quantum</strong></span> <span class='ocrx_word' id='word_1_541' title='bbox 1558 3917 1828 3972; x_wconf 86' lang='lat' dir='ltr'><strong>diversum</strong></span> <span class='ocrx_word' id='word_1_542' title='bbox 1862 3932 1946 3973; x_wconf 84' lang='lat' dir='ltr'><strong>est</strong></span> <span class='ocrx_word' id='word_1_543' title='bbox 1976 3923 2212 3990; x_wconf 78' lang='lat' dir='ltr'><strong>genitum</strong></span> 
     </span>
    </p>
   </div>
   <div class='ocr_carea' id='block_1_72' title="bbox 662 4002 2217 4071">
    <p class='ocr_par' dir='ltr' id='par_1_72' title="bbox 662 4002 2217 4071">
     <span class='ocr_line' id='line_1_72' title="bbox 662 4002 2217 4071; baseline 0.01 -20"><span class='ocrx_word' id='word_1_544' title='bbox 662 4002 728 4052; x_wconf 86' lang='lat' dir='ltr'><strong>ab</strong></span> <span class='ocrx_word' id='word_1_545' title='bbox 768 4002 1021 4071; x_wconf 79' lang='lat' dir='ltr'><strong>ingenito,</strong></span> <span class='ocrx_word' id='word_1_546' title='bbox 1053 4016 1259 4059; x_wconf 87' lang='lat' dir='ltr'><strong>tantum</strong></span> <span class='ocrx_word' id='word_1_547' title='bbox 1290 4022 1507 4065; x_wconf 85' lang='lat' dir='ltr'><strong>necesse</strong></span> <span class='ocrx_word' id='word_1_548' title='bbox 1533 4024 1615 4065; x_wconf 74' lang='lat' dir='ltr'><strong>eat</strong></span> <span class='ocrx_word' id='word_1_549' title='bbox 1638 4011 1807 4065; x_wconf 88' lang='lat' dir='ltr'><strong>lucem</strong></span> <span class='ocrx_word' id='word_1_550' title='bbox 1842 4026 1869 4063; x_wconf 91' lang='lat' dir='ltr'><strong>a</strong></span> <span class='ocrx_word' id='word_1_551' title='bbox 1898 4014 2015 4067; x_wconf 89' lang='lat' dir='ltr'><strong>luce</strong></span> <span class='ocrx_word' id='word_1_552' title='bbox 2042 4015 2217 4069; x_wconf 84' lang='lat' dir='ltr'><strong>diver—</strong></span> 
     </span>
    </p>
   </div>
   <div class='ocr_carea' id='block_1_73' title="bbox 660 4095 2214 4171">
    <p class='ocr_par' dir='ltr' id='par_1_73' title="bbox 660 4095 2214 4171">
     <span class='ocr_line' id='line_1_73' title="bbox 660 4095 2214 4171; baseline 0.01 -28"><span class='ocrx_word' id='word_1_553' title='bbox 660 4105 770 4143; x_wconf 86' lang='lat' dir='ltr'><strong>sam</strong></span> <span class='ocrx_word' id='word_1_554' title='bbox 793 4107 930 4145; x_wconf 85' lang='lat' dir='ltr'><strong>esse.</strong></span> <span class='ocrx_word' id='word_1_555' title='bbox 962 4095 1031 4146; x_wconf 78' lang='lat' dir='ltr'><strong>At</strong></span> <span class='ocrx_word' id='word_1_556' title='bbox 1061 4098 1354 4162; x_wconf 85' lang='lat' dir='ltr'><strong>ingenitum</strong></span> <span class='ocrx_word' id='word_1_557' title='bbox 1381 4117 1501 4152; x_wconf 90' lang='lat' dir='ltr'><strong>cum</strong></span> <span class='ocrx_word' id='word_1_558' title='bbox 1527 4103 1707 4167; x_wconf 80' lang='lat' dir='ltr'><strong>genito</strong></span> <span class='ocrx_word' id='word_1_559' title='bbox 1724 4102 1886 4157; x_wconf 81' lang='lat' dir='ltr'><strong>habet</strong></span> <span class='ocrx_word' id='word_1_560' title='bbox 1906 4106 2214 4171; x_wconf 84' lang='lat' dir='ltr'><strong>quamdam,</strong></span> 
     </span>
    </p>
   </div>
   <div class='ocr_carea' id='block_1_74' title="bbox 661 4184 2217 4263">
    <p class='ocr_par' dir='ltr' id='par_1_74' title="bbox 661 4184 2217 4263">
     <span class='ocr_line' id='line_1_74' title="bbox 661 4184 2217 4263; baseline 0.009 -27"><span class='ocrx_word' id='word_1_561' title='bbox 661 4184 923 4249; x_wconf 84' lang='lat' dir='ltr'><strong>positione</strong></span> <span class='ocrx_word' id='word_1_562' title='bbox 953 4186 1256 4251; x_wconf 82' lang='lat' dir='ltr'><strong>verborum,</strong></span> <span class='ocrx_word' id='word_1_563' title='bbox 1294 4205 1395 4242; x_wconf 86' lang='lat' dir='ltr'><strong>non</strong></span> <span class='ocrx_word' id='word_1_564' title='bbox 1439 4206 1625 4244; x_wconf 88' lang='lat' dir='ltr'><strong>natura</strong></span> <span class='ocrx_word' id='word_1_565' title='bbox 1676 4208 1875 4259; x_wconf 89' lang='lat' dir='ltr'><strong>rerum,</strong></span> <span class='ocrx_word' id='word_1_566' title='bbox 1924 4198 2217 4263; x_wconf 84' lang='lat' dir='ltr'><strong>oppositio—</strong></span> 
     </span>
    </p>
   </div>
   <div class='ocr_carea' id='block_1_75' title="bbox 664 4277 2218 4343">
    <p class='ocr_par' dir='ltr' id='par_1_75' title="bbox 664 4277 2218 4343">
     <span class='ocr_line' id='line_1_75' title="bbox 664 4277 2218 4343; baseline 0.01 -18"><span class='ocrx_word' id='word_1_567' title='bbox 664 4288 807 4340; x_wconf 82' lang='lat' dir='ltr'><strong>ueut,</strong></span> <span class='ocrx_word' id='word_1_568' title='bbox 829 4277 967 4343; x_wconf 88' lang='lat' dir='ltr'><strong>quod</strong></span> <span class='ocrx_word' id='word_1_569' title='bbox 995 4286 1166 4331; x_wconf 80' lang='lat' dir='ltr'><strong>tamen</strong></span> <span class='ocrx_word' id='word_1_570' title='bbox 1194 4280 1242 4330; x_wconf 82' lang='grc' dir='ltr'>ιιί</span> <span class='ocrx_word' id='word_1_571' title='bbox 1272 4279 1531 4331; x_wconf 88' lang='lat' dir='ltr'><strong>allirmaut</strong></span> <span class='ocrx_word' id='word_1_572' title='bbox 1561 4298 1573 4332; x_wconf 87' lang='lat'><strong>:</strong></span> <span class='ocrx_word' id='word_1_573' title='bbox 1607 4281 1741 4335; x_wconf 92' lang='lat' dir='ltr'><strong>lucis</strong></span> <span class='ocrx_word' id='word_1_574' title='bbox 1764 4293 1939 4335; x_wconf 90' lang='lat' dir='ltr'><strong>autem</strong></span> <span class='ocrx_word' id='word_1_575' title='bbox 1960 4300 2077 4337; x_wconf 91' lang='lat' dir='ltr'><strong>cum</strong></span> <span class='ocrx_word' id='word_1_576' title='bbox 2105 4287 2218 4339; x_wconf 88' lang='lat' dir='ltr'><strong>luce</strong></span> 
     </span>
    </p>
   </div>
   <div class='ocr_carea' id='block_1_76' title="bbox 2311 3179 3875 3258">
    <p class='ocr_par' dir='ltr' id='par_1_76' title="bbox 2311 3179 3875 3258">
     <span class='ocr_line' id='line_1_76' title="bbox 2311 3179 3875 3258; baseline -0.008 -16"><span class='ocrx_word' id='word_1_577' title='bbox 2311 3188 2498 3258; x_wconf 77' lang='grc' dir='ltr'>γενοῦς</span> <span class='ocrx_word' id='word_1_578' title='bbox 2532 3185 2853 3250; x_wconf 78' lang='grc' dir='ltr'><strong>ὑποϐάλλει;</strong></span> <span class='ocrx_word' id='word_1_579' title='bbox 2885 3184 2955 3237; x_wconf 86' lang='grc' dir='ltr'><em>Ἢ</em></span> <span class='ocrx_word' id='word_1_580' title='bbox 2985 3184 3241 3236; x_wconf 77' lang='grc' dir='ltr'>δεικνύτω</span> <span class='ocrx_word' id='word_1_581' title='bbox 3264 3184 3392 3252; x_wconf 76' lang='grc' dir='ltr'>ἡμῖν</span> <span class='ocrx_word' id='word_1_582' title='bbox 3421 3180 3535 3249; x_wconf 73' lang='grc' dir='ltr'>φῶς</span> <span class='ocrx_word' id='word_1_583' title='bbox 3568 3179 3875 3247; x_wconf 67' lang='grc' dir='ltr'><strong>ἀντιπιείριε⁴</strong></span> 
     </span>
    </p>
   </div>
   <div class='ocr_carea' id='block_1_77' title="bbox 2312 3270 3875 3351">
    <p class='ocr_par' dir='ltr' id='par_1_77' title="bbox 2312 3270 3875 3351">
     <span class='ocr_line' id='line_1_77' title="bbox 2312 3270 3875 3351; baseline -0.008 -20"><span class='ocrx_word' id='word_1_584' title='bbox 2312 3300 2399 3335; x_wconf 87' lang='grc' dir='ltr'>νον</span> <span class='ocrx_word' id='word_1_585' title='bbox 2445 3280 2521 3351; x_wconf 82' lang='grc' dir='ltr'><strong>τῷ</strong></span> <span class='ocrx_word' id='word_1_586' title='bbox 2567 3280 2724 3349; x_wconf 74' lang='grc' dir='ltr'>φωτὶ,</span> <span class='ocrx_word' id='word_1_587' title='bbox 2778 3279 2997 3331; x_wconf 82' lang='grc' dir='ltr'>κάκεῖνο</span> <span class='ocrx_word' id='word_1_588' title='bbox 3046 3278 3106 3328; x_wconf 74' lang='grc' dir='ltr'>τὸ</span> <span class='ocrx_word' id='word_1_589' title='bbox 3160 3275 3354 3345; x_wconf 77' lang='grc' dir='ltr'>μέτρον</span> <span class='ocrx_word' id='word_1_590' title='bbox 3402 3273 3499 3341; x_wconf 85' lang='grc' dir='ltr'>τῆς</span> <span class='ocrx_word' id='word_1_591' title='bbox 3554 3270 3875 3331; x_wconf 80' lang='grc' dir='ltr'>ἀντιθέσεως</span> 
     </span>
    </p>
   </div>
   <div class='ocr_carea' id='block_1_78' title="bbox 2314 3361 3875 3443">
    <p class='ocr_par' dir='ltr' id='par_1_78' title="bbox 2314 3361 3875 3443">
     <span class='ocr_line' id='line_1_78' title="bbox 2314 3361 3875 3443; baseline -0.009 -17"><span class='ocrx_word' id='word_1_592' title='bbox 2314 3375 2451 3443; x_wconf 74' lang='grc' dir='ltr'>ἕχον,</span> <span class='ocrx_word' id='word_1_593' title='bbox 2478 3374 2504 3425; x_wconf 82' lang='grc' dir='ltr'><strong>ὃ</strong></span> <span class='ocrx_word' id='word_1_594' title='bbox 2537 3372 2613 3443; x_wconf 80' lang='grc' dir='ltr'>τῷ</span> <span class='ocrx_word' id='word_1_595' title='bbox 2654 3370 2893 3441; x_wconf 82' lang='grc' dir='ltr'>γεννητῷ</span> <span class='ocrx_word' id='word_1_596' title='bbox 2928 3369 3060 3439; x_wconf 77' lang='grc' dir='ltr'>πρὸς</span> <span class='ocrx_word' id='word_1_597' title='bbox 3100 3369 3159 3420; x_wconf 84' lang='grc' dir='ltr'>τὸ</span> <span class='ocrx_word' id='word_1_598' title='bbox 3188 3366 3476 3434; x_wconf 71' lang='grc' dir='ltr'>ἀγέννητον</span> <span class='ocrx_word' id='word_1_599' title='bbox 3520 3366 3687 3417; x_wconf 79' lang='grc' dir='ltr'>ἐστιν.</span> <span class='ocrx_word' id='word_1_600' title='bbox 3722 3361 3785 3415; x_wconf 78' lang='lat' dir='ltr'><strong>Ei</strong></span> <span class='ocrx_word' id='word_1_601' title='bbox 3825 3361 3875 3413; x_wconf 72' lang='grc' dir='ltr'>δὲ</span> 
     </span>
    </p>
   </div>
   <div class='ocr_carea' id='block_1_79' title="bbox 2311 3449 3877 3528">
    <p class='ocr_par' dir='ltr' id='par_1_79' title="bbox 2311 3449 3877 3528">
     <span class='ocr_line' id='line_1_79' title="bbox 2311 3449 3877 3528; baseline -0.009 -13"><span class='ocrx_word' id='word_1_602' title='bbox 2311 3462 2469 3516; x_wconf 73' lang='grc' dir='ltr'>τοῦτο</span> <span class='ocrx_word' id='word_1_603' title='bbox 2510 3461 2628 3513; x_wconf 69' lang='grc' dir='ltr'>οὔτε</span> <span class='ocrx_word' id='word_1_604' title='bbox 2669 3462 2811 3511; x_wconf 73' lang='grc' dir='ltr'>ἐστὶν</span> <span class='ocrx_word' id='word_1_605' title='bbox 2846 3459 2940 3528; x_wconf 87' lang='grc'><strong>(9),</strong></span> <span class='ocrx_word' id='word_1_606' title='bbox 2975 3457 3085 3510; x_wconf 69' lang='grc' dir='ltr'><strong>οὔτ’</strong></span> <span class='ocrx_word' id='word_1_607' title='bbox 3120 3456 3182 3509; x_wconf 78' lang='grc' dir='ltr'>ἂν</span> <span class='ocrx_word' id='word_1_608' title='bbox 3226 3456 3383 3517; x_wconf 75' lang='grc' dir='ltr'>αὐτὸς</span> <span class='ocrx_word' id='word_1_609' title='bbox 3429 3454 3737 3521; x_wconf 76' lang='grc' dir='ltr'>ἐπινοήσειε</span> <span class='ocrx_word' id='word_1_610' title='bbox 3759 3490 3773 3513; x_wconf 84' lang='grc'><strong>,</strong></span> <span class='ocrx_word' id='word_1_611' title='bbox 3808 3449 3877 3519; x_wconf 78' lang='grc' dir='ltr'>μὴ</span> 
     </span>
    </p>
   </div>
   <div class='ocr_carea' id='block_1_80' title="bbox 2312 3544 3877 3622">
    <p class='ocr_par' dir='ltr' id='par_1_80' title="bbox 2312 3544 3877 3622">
     <span class='ocr_line' id='line_1_80' title="bbox 2312 3544 3877 3622; baseline -0.008 -16"><span class='ocrx_word' id='word_1_612' title='bbox 2312 3552 2607 3621; x_wconf 84' lang='grc' dir='ltr'>ἀγνοείσθω</span> <span class='ocrx_word' id='word_1_613' title='bbox 2636 3554 2667 3622; x_wconf 81' lang='grc' dir='ltr'>ἡ</span> <span class='ocrx_word' id='word_1_614' title='bbox 2699 3551 2858 3620; x_wconf 82' lang='grc' dir='ltr'>τέχνη</span> <span class='ocrx_word' id='word_1_615' title='bbox 2898 3549 3013 3619; x_wconf 80' lang='grc' dir='ltr'>μεθ’</span> <span class='ocrx_word' id='word_1_616' title='bbox 3057 3545 3124 3619; x_wconf 77' lang='grc' dir='ltr'><strong>ἧς</strong></span> <span class='ocrx_word' id='word_1_617' title='bbox 3153 3547 3357 3616; x_wconf 76' lang='grc' dir='ltr'>βαθέως</span> <span class='ocrx_word' id='word_1_618' title='bbox 3390 3544 3790 3607; x_wconf 69' lang='grc' dir='ltr'>κατασκευάζει</span> <span class='ocrx_word' id='word_1_619' title='bbox 3822 3544 3877 3595; x_wconf 61' lang='grc' dir='ltr'>τὸ</span> 
     </span>
    </p>
   </div>
   <div class='ocr_carea' id='block_1_81' title="bbox 2316 3638 3878 3715">
    <p class='ocr_par' dir='ltr' id='par_1_81' title="bbox 2316 3638 3878 3715">
     <span class='ocr_line' id='line_1_81' title="bbox 2316 3638 3878 3715; baseline -0.005 -19"><span class='ocrx_word' id='word_1_620' title='bbox 2316 3645 2648 3715; x_wconf 74' lang='grc' dir='ltr'>βλάσφημον.</span> <span class='ocrx_word' id='word_1_621' title='bbox 2698 3643 2913 3713; x_wconf 84' lang='grc' dir='ltr'>Ἐπειδὴ</span> <span class='ocrx_word' id='word_1_622' title='bbox 2947 3642 3054 3712; x_wconf 84' lang='grc' dir='ltr'><strong>γάρ</strong></span> <span class='ocrx_word' id='word_1_623' title='bbox 3083 3644 3248 3694; x_wconf 69' lang='grc' dir='ltr'>οἴεται</span> <span class='ocrx_word' id='word_1_624' title='bbox 3276 3638 3352 3709; x_wconf 84' lang='grc' dir='ltr'>τῷ</span> <span class='ocrx_word' id='word_1_625' title='bbox 3380 3640 3660 3708; x_wconf 71' lang='grc' dir='ltr'>ἀγεννήτῳ</span> <span class='ocrx_word' id='word_1_626' title='bbox 3681 3638 3742 3690; x_wconf 66' lang='grc' dir='ltr'>τὸ</span> <span class='ocrx_word' id='word_1_627' title='bbox 3769 3654 3829 3705; x_wconf 87' lang='grc' dir='ltr'><strong>γε</strong></span> <span class='ocrx_word' id='word_1_628' title='bbox 3842 3657 3878 3688; x_wconf 68' lang='grc' dir='ltr'><strong>δ-</strong></span> 
     </span>
    </p>
   </div>
   <div class='ocr_carea' id='block_1_82' title="bbox 2314 3728 3879 3809">
    <p class='ocr_par' dir='ltr' id='par_1_82' title="bbox 2314 3728 3879 3809">
     <span class='ocr_line' id='line_1_82' title="bbox 2314 3728 3879 3809; baseline -0.006 -20"><span class='ocrx_word' id='word_1_629' title='bbox 2314 3739 2468 3809; x_wconf 69' lang='grc' dir='ltr'>νητδν</span> <span class='ocrx_word' id='word_1_630' title='bbox 2526 3739 2643 3790; x_wconf 85' lang='grc' dir='ltr'>κατ’</span> <span class='ocrx_word' id='word_1_631' title='bbox 2676 3736 2985 3789; x_wconf 80' lang='grc' dir='ltr'>ἐναντίωσιν</span> <span class='ocrx_word' id='word_1_632' title='bbox 3038 3732 3383 3793; x_wconf 75' lang='grc' dir='ltr'>ἀντικεῖσθαι,</span> <span class='ocrx_word' id='word_1_633' title='bbox 3435 3730 3535 3801; x_wconf 76' lang='grc' dir='ltr'><strong>τὴν</strong></span> <span class='ocrx_word' id='word_1_634' title='bbox 3587 3731 3758 3801; x_wconf 74' lang='grc' dir='ltr'>αὐτὴν</span> 
     </span>
    </p>
   </div>
   <div class='ocr_carea' id='block_1_83' title="bbox 2316 3820 3881 3897">
    <p class='ocr_par' dir='ltr' id='par_1_83' title="bbox 2316 3820 3881 3897">
     <span class='ocr_line' id='line_1_83' title="bbox 2316 3820 3881 3897; baseline -0.006 -17"><span class='ocrx_word' id='word_1_635' title='bbox 2316 3828 2453 3896; x_wconf 69' lang='grc' dir='ltr'>φωτὶ</span> <span class='ocrx_word' id='word_1_636' title='bbox 2490 3828 2623 3897; x_wconf 81' lang='grc' dir='ltr'>πρὸς</span> <span class='ocrx_word' id='word_1_637' title='bbox 2648 3827 2705 3879; x_wconf 80' lang='grc' dir='ltr'>τὸ</span> <span class='ocrx_word' id='word_1_638' title='bbox 2739 3825 2850 3895; x_wconf 76' lang='grc' dir='ltr'>φῶς</span> <span class='ocrx_word' id='word_1_639' title='bbox 2877 3824 3145 3878; x_wconf 78' lang='grc' dir='ltr'>ἀντίθεσιν</span> <span class='ocrx_word' id='word_1_640' title='bbox 3170 3820 3486 3895; x_wconf 73' lang='grc' dir='ltr'>ἐφαρμόζει,</span> <span class='ocrx_word' id='word_1_641' title='bbox 3523 3822 3608 3874; x_wconf 83' lang='grc' dir='ltr'><strong>ἵνα</strong></span> <span class='ocrx_word' id='word_1_642' title='bbox 3635 3821 3722 3873; x_wconf 77' lang='grc' dir='ltr'>διὰ</span> <span class='ocrx_word' id='word_1_643' title='bbox 3752 3822 3881 3872; x_wconf 81' lang='grc' dir='ltr'>πάν-</span> 
     </span>
    </p>
   </div>
   <div class='ocr_carea' id='block_1_84' title="bbox 2312 3914 3880 3991">
    <p class='ocr_par' dir='ltr' id='par_1_84' title="bbox 2312 3914 3880 3991">
     <span class='ocr_line' id='line_1_84' title="bbox 2312 3914 3880 3991; baseline -0.008 -16"><span class='ocrx_word' id='word_1_644' title='bbox 2312 3940 2420 3975; x_wconf 87' lang='grc' dir='ltr'><strong>των</strong></span> <span class='ocrx_word' id='word_1_645' title='bbox 2459 3922 2556 3991; x_wconf 83' lang='grc' dir='ltr'><strong>τὴν</strong></span> <span class='ocrx_word' id='word_1_646' title='bbox 2584 3921 2675 3973; x_wconf 77' lang='grc' dir='ltr'>τοῦ</span> <span class='ocrx_word' id='word_1_647' title='bbox 2704 3920 2911 3991; x_wconf 64' lang='lat' dir='ltr'><strong>Harpe;</strong></span> <span class='ocrx_word' id='word_1_648' title='bbox 2943 3920 3128 3972; x_wconf 77' lang='grc' dir='ltr'>οὐσίαν</span> <span class='ocrx_word' id='word_1_649' title='bbox 3158 3916 3446 3971; x_wconf 83' lang='grc' dir='ltr'>ἀντίπαλον</span> <span class='ocrx_word' id='word_1_650' title='bbox 3481 3916 3575 3967; x_wconf 72' lang='grc' dir='ltr'>καὶ</span> <span class='ocrx_word' id='word_1_651' title='bbox 3616 3915 3746 3965; x_wconf 83' lang='grc' dir='ltr'>πολε</span> <span class='ocrx_word' id='word_1_652' title='bbox 3758 3914 3880 3981; x_wconf 85' lang='grc' dir='ltr'>μίαν</span> 
     </span>
    </p>
   </div>
   <div class='ocr_carea' id='block_1_85' title="bbox 2317 4002 3876 4087">
    <p class='ocr_par' dir='ltr' id='par_1_85' title="bbox 2317 4002 3876 4087">
     <span class='ocr_line' id='line_1_85' title="bbox 2317 4002 3876 4087; baseline -0.01 -19"><span class='ocrx_word' id='word_1_653' title='bbox 2317 4018 2381 4087; x_wconf 78' lang='grc' dir='ltr'>τῇ</span> <span class='ocrx_word' id='word_1_654' title='bbox 2410 4014 2503 4068; x_wconf 70' lang='grc' dir='ltr'>τοῦ</span> <span class='ocrx_word' id='word_1_655' title='bbox 2532 4012 2863 4082; x_wconf 78' lang='grc' dir='ltr'>Μονογενοῦς</span> <span class='ocrx_word' id='word_1_656' title='bbox 2893 4012 3153 4083; x_wconf 80' lang='grc' dir='ltr'>ἐπιδείξῃ.</span> <span class='ocrx_word' id='word_1_657' title='bbox 3184 4009 3280 4063; x_wconf 87' lang='grc' dir='ltr'>Διά</span> <span class='ocrx_word' id='word_1_658' title='bbox 3312 4008 3480 4062; x_wconf 77' lang='grc' dir='ltr'>ταῦτα</span> <span class='ocrx_word' id='word_1_659' title='bbox 3520 4009 3551 4075; x_wconf 84' lang='grc' dir='ltr'>ὴ</span> <span class='ocrx_word' id='word_1_660' title='bbox 3582 4006 3745 4066; x_wconf 76' lang='grc' dir='ltr'>καινὴ</span> <span class='ocrx_word' id='word_1_661' title='bbox 3775 4002 3876 4067; x_wconf 74' lang='lat' dir='ltr'><strong>(l0;</strong></span> 
     </span>
    </p>
   </div>
   <div class='ocr_carea' id='block_1_86' title="bbox 2319 4095 3879 4177">
    <p class='ocr_par' dir='ltr' id='par_1_86' title="bbox 2319 4095 3879 4177">
     <span class='ocr_line' id='line_1_86' title="bbox 2319 4095 3879 4177; baseline -0.01 -17"><span class='ocrx_word' id='word_1_662' title='bbox 2319 4108 2455 4177; x_wconf 75' lang='grc' dir='ltr'>αὕτη</span> <span class='ocrx_word' id='word_1_663' title='bbox 2492 4106 2595 4159; x_wconf 74' lang='grc' dir='ltr'>τῶν</span> <span class='ocrx_word' id='word_1_664' title='bbox 2636 4105 2920 4175; x_wconf 85' lang='grc' dir='ltr'>δογμάτων</span> <span class='ocrx_word' id='word_1_665' title='bbox 2957 4103 3271 4172; x_wconf 85' lang='grc' dir='ltr'>νομοθεσία·</span> <span class='ocrx_word' id='word_1_666' title='bbox 3306 4102 3466 4153; x_wconf 88' lang='grc' dir='ltr'>Ὀσον</span> <span class='ocrx_word' id='word_1_667' title='bbox 3503 4095 3879 4166; x_wconf 77' lang='grc' dir='ltr'>παρήλλακται</span> 
     </span>
    </p>
   </div>
   <div class='ocr_carea' id='block_1_87' title="bbox 2320 4185 3879 4267">
    <p class='ocr_par' dir='ltr' id='par_1_87' title="bbox 2320 4185 3879 4267">
     <span class='ocr_line' id='line_1_87' title="bbox 2320 4185 3879 4267; baseline -0.012 -16"><span class='ocrx_word' id='word_1_668' title='bbox 2320 4200 2379 4252; x_wconf 79' lang='grc' dir='ltr'>τὸ</span> <span class='ocrx_word' id='word_1_669' title='bbox 2409 4197 2661 4267; x_wconf 75' lang='grc' dir='ltr'>γεννητὸν</span> <span class='ocrx_word' id='word_1_670' title='bbox 2691 4195 2785 4249; x_wconf 82' lang='grc' dir='ltr'>τοῦ</span> <span class='ocrx_word' id='word_1_671' title='bbox 2815 4197 3124 4264; x_wconf 88' lang='grc' dir='ltr'>ἀγεννήτου.</span> <span class='ocrx_word' id='word_1_672' title='bbox 3158 4191 3405 4245; x_wconf 80' lang='grc' dir='ltr'>τοσοῦτον</span> <span class='ocrx_word' id='word_1_673' title='bbox 3432 4188 3648 4255; x_wconf 78' lang='grc' dir='ltr'>ἀνάγκη</span> <span class='ocrx_word' id='word_1_674' title='bbox 3678 4185 3879 4255; x_wconf 68' lang='grc' dir='ltr'>παρηλ-</span> 
     </span>
    </p>
   </div>
   <div class='ocr_carea' id='block_1_88' title="bbox 2319 4279 3881 4359">
    <p class='ocr_par' dir='ltr' id='par_1_88' title="bbox 2319 4279 3881 4359">
     <span class='ocr_line' id='line_1_88' title="bbox 2319 4279 3881 4359; baseline -0.009 -18"><span class='ocrx_word' id='word_1_675' title='bbox 2319 4290 2512 4359; x_wconf 80' lang='grc' dir='ltr'>λάχθαι</span> <span class='ocrx_word' id='word_1_676' title='bbox 2552 4290 2611 4341; x_wconf 82' lang='grc' dir='ltr'>τὸ</span> <span class='ocrx_word' id='word_1_677' title='bbox 2644 4288 2757 4357; x_wconf 79' lang='grc' dir='ltr'>φῶς</span> <span class='ocrx_word' id='word_1_678' title='bbox 2796 4286 2929 4356; x_wconf 82' lang='grc' dir='ltr'>πρὸς</span> <span class='ocrx_word' id='word_1_679' title='bbox 2972 4286 3033 4338; x_wconf 80' lang='grc' dir='ltr'>τὸ</span> <span class='ocrx_word' id='word_1_680' title='bbox 3076 4285 3207 4353; x_wconf 82' lang='grc' dir='ltr'>φῶς.</span> <span class='ocrx_word' id='word_1_681' title='bbox 3246 4282 3433 4334; x_wconf 81' lang='grc' dir='ltr'>Καίτοι</span> <span class='ocrx_word' id='word_1_682' title='bbox 3465 4279 3543 4350; x_wconf 83' lang='grc' dir='ltr'>τῷ</span> <span class='ocrx_word' id='word_1_683' title='bbox 3587 4280 3691 4350; x_wconf 86' lang='grc' dir='ltr'>μὲν</span> <span class='ocrx_word' id='word_1_684' title='bbox 3727 4280 3881 4346; x_wconf 74' lang='grc' dir='ltr'>ἀγεν-</span> 
     </span>
    </p>
   </div>
   <div class='ocr_carea' id='block_1_89' title="bbox 665 4368 2210 4452">
    <p class='ocr_par' dir='ltr' id='par_1_89' title="bbox 665 4370 2210 4443">
     <span class='ocr_line' id='line_1_89' title="bbox 665 4370 2210 4443; baseline 0.004 -22"><span class='ocrx_word' id='word_1_685' title='bbox 665 4382 762 4421; x_wconf 81' lang='lat' dir='ltr'><strong>ncc</strong></span> <span class='ocrx_word' id='word_1_686' title='bbox 782 4370 1073 4423; x_wconf 87' lang='lat' dir='ltr'><strong>secundum</strong></span> <span class='ocrx_word' id='word_1_687' title='bbox 1102 4371 1453 4439; x_wconf 86' lang='lat' dir='ltr'><strong>prolationem</strong></span> <span class='ocrx_word' id='word_1_688' title='bbox 1480 4387 1577 4425; x_wconf 88' lang='lat' dir='ltr'><strong>nec</strong></span> <span class='ocrx_word' id='word_1_689' title='bbox 1600 4374 1893 4425; x_wconf 75' lang='lat' dir='ltr'><strong>secundum</strong></span> <span class='ocrx_word' id='word_1_690' title='bbox 1922 4375 2210 4443; x_wconf 74' lang='lat' dir='ltr'><strong>intelligen-</strong></span> 
     </span>
    </p>
   </div>
   <div class='ocr_carea' id='block_1_90' title="bbox 2315 4368 3878 4452">
    <p class='ocr_par' dir='ltr' id='par_1_90' title="bbox 2319 4368 3878 4451">
     <span class='ocr_line' id='line_1_90' title="bbox 2319 4368 3878 4451; baseline -0.008 -19"><span class='ocrx_word' id='word_1_691' title='bbox 2319 4384 2461 4451; x_wconf 77' lang='grc' dir='ltr'>νήτῳ</span> <span class='ocrx_word' id='word_1_692' title='bbox 2494 4381 2629 4450; x_wconf 83' lang='grc' dir='ltr'>πρὸς</span> <span class='ocrx_word' id='word_1_693' title='bbox 2660 4380 2719 4431; x_wconf 75' lang='grc' dir='ltr'>τὸ</span> <span class='ocrx_word' id='word_1_694' title='bbox 2749 4377 3002 4448; x_wconf 76' lang='grc' dir='ltr'>γεννητόν</span> <span class='ocrx_word' id='word_1_695' title='bbox 3028 4376 3139 4428; x_wconf 70' lang='grc' dir='ltr'>ἐστί</span> <span class='ocrx_word' id='word_1_696' title='bbox 3170 4390 3272 4436; x_wconf 86' lang='grc' dir='ltr'>τις,</span> <span class='ocrx_word' id='word_1_697' title='bbox 3303 4371 3443 4425; x_wconf 86' lang='grc' dir='ltr'><strong>κατά</strong></span> <span class='ocrx_word' id='word_1_698' title='bbox 3470 4372 3568 4441; x_wconf 80' lang='grc' dir='ltr'>τὴν</span> <span class='ocrx_word' id='word_1_699' title='bbox 3598 4370 3749 4423; x_wconf 82' lang='grc' dir='ltr'>θέσιν</span> <span class='ocrx_word' id='word_1_700' title='bbox 3777 4368 3878 4421; x_wconf 77' lang='grc' dir='ltr'><strong>τῶν</strong></span> 
     </span>
    </p>
   </div>
   <div class='ocr_carea' id='block_1_91' title="bbox 668 4462 2215 4533">
    <p class='ocr_par' dir='ltr' id='par_1_91' title="bbox 668 4462 2215 4533">
     <span class='ocr_line' id='line_1_91' title="bbox 668 4462 2215 4533; baseline 0.007 -23"><span class='ocrx_word' id='word_1_701' title='bbox 668 4462 791 4511; x_wconf 86' lang='lat' dir='ltr'><strong>tiam</strong></span> <span class='ocrx_word' id='word_1_702' title='bbox 815 4463 1169 4515; x_wconf 77' lang='lat' dir='ltr'><strong>contrarietas</strong></span> <span class='ocrx_word' id='word_1_703' title='bbox 1196 4463 1297 4516; x_wconf 92' lang='lat' dir='ltr'><strong>ulla</strong></span> <span class='ocrx_word' id='word_1_704' title='bbox 1329 4465 1620 4533; x_wconf 78' lang='lat' dir='ltr'><strong>excogitari</strong></span> <span class='ocrx_word' id='word_1_705' title='bbox 1650 4475 1846 4533; x_wconf 86' lang='lat' dir='ltr'><strong>potest.</strong></span> <span class='ocrx_word' id='word_1_706' title='bbox 1875 4465 1979 4519; x_wconf 89' lang='lat' dir='ltr'><strong>Sed</strong></span> <span class='ocrx_word' id='word_1_707' title='bbox 2004 4468 2215 4521; x_wconf 89' lang='lat' dir='ltr'><strong>videtur</strong></span> 
     </span>
    </p>
   </div>
   <div class='ocr_carea' id='block_1_92' title="bbox 664 4550 2211 4624">
    <p class='ocr_par' dir='ltr' id='par_1_92' title="bbox 664 4550 2211 4624">
     <span class='ocr_line' id='line_1_92' title="bbox 664 4550 2211 4624; baseline 0.005 -20"><span class='ocrx_word' id='word_1_708' title='bbox 664 4550 855 4605; x_wconf 80' lang='lat' dir='ltr'><strong>fucatis</strong></span> <span class='ocrx_word' id='word_1_709' title='bbox 871 4554 1297 4608; x_wconf 80' lang='lat' dir='ltr'><strong>cavillationibus</strong></span> <span class='ocrx_word' id='word_1_710' title='bbox 1315 4572 1371 4608; x_wconf 90' lang='lat' dir='ltr'><strong>se</strong></span> <span class='ocrx_word' id='word_1_711' title='bbox 1397 4558 1566 4623; x_wconf 83' lang='lat' dir='ltr'><strong>ipsum</strong></span> <span class='ocrx_word' id='word_1_712' title='bbox 1590 4556 1853 4624; x_wconf 85' lang='lat' dir='ltr'><strong>decipere.</strong></span> <span class='ocrx_word' id='word_1_713' title='bbox 1872 4557 2027 4611; x_wconf 89' lang='lat' dir='ltr'><strong>Putat</strong></span> <span class='ocrx_word' id='word_1_714' title='bbox 2047 4560 2211 4623; x_wconf 88' lang='lat' dir='ltr'><strong>enim,</strong></span> 
     </span>
    </p>
   </div>
   <div class='ocr_carea' id='block_1_93' title="bbox 663 4646 2216 4719">
    <p class='ocr_par' dir='ltr' id='par_1_93' title="bbox 663 4646 2216 4719">
     <span class='ocr_line' id='line_1_93' title="bbox 663 4646 2216 4719; baseline 0.006 -25"><span class='ocrx_word' id='word_1_715' title='bbox 663 4659 783 4711; x_wconf 61' lang='lat' dir='ltr'><strong>qua;</strong></span> <span class='ocrx_word' id='word_1_716' title='bbox 812 4660 874 4697; x_wconf 79' lang='lat' dir='ltr'><strong>ex</strong></span> <span class='ocrx_word' id='word_1_717' title='bbox 904 4646 1192 4698; x_wconf 87' lang='lat' dir='ltr'><strong>contrariis</strong></span> <span class='ocrx_word' id='word_1_718' title='bbox 1219 4659 1538 4714; x_wconf 86' lang='lat' dir='ltr'><strong>sequuntur,</strong></span> <span class='ocrx_word' id='word_1_719' title='bbox 1568 4650 1807 4701; x_wconf 89' lang='lat' dir='ltr'><strong>eamdem</strong></span> <span class='ocrx_word' id='word_1_720' title='bbox 1850 4649 1993 4703; x_wconf 89' lang='lat' dir='ltr'><strong>inter</strong></span> <span class='ocrx_word' id='word_1_721' title='bbox 2024 4665 2083 4704; x_wconf 90' lang='lat' dir='ltr'><strong>se</strong></span> <span class='ocrx_word' id='word_1_722' title='bbox 2118 4667 2216 4719; x_wconf 83' lang='lat' dir='ltr'><strong>pu-</strong></span> 
     </span>
    </p>
   </div>
   <div class='ocr_carea' id='block_1_94' title="bbox 664 4736 2214 4809">
    <p class='ocr_par' dir='ltr' id='par_1_94' title="bbox 664 4736 2214 4809">
     <span class='ocr_line' id='line_1_94' title="bbox 664 4736 2214 4809; baseline 0.005 -22"><span class='ocrx_word' id='word_1_723' title='bbox 664 4750 819 4805; x_wconf 76' lang='lat' dir='ltr'><strong>gnam</strong></span> <span class='ocrx_word' id='word_1_724' title='bbox 853 4736 1073 4800; x_wconf 86' lang='lat' dir='ltr'><strong>habere,</strong></span> <span class='ocrx_word' id='word_1_725' title='bbox 1097 4751 1257 4805; x_wconf 88' lang='lat' dir='ltr'><strong>quam</strong></span> <span class='ocrx_word' id='word_1_726' title='bbox 1285 4737 1480 4791; x_wconf 84' lang='lat' dir='ltr'><strong>habent</strong></span> <span class='ocrx_word' id='word_1_727' title='bbox 1504 4748 1552 4791; x_wconf 89' lang='lat' dir='ltr'><strong>el</strong></span> <span class='ocrx_word' id='word_1_728' title='bbox 1574 4740 1891 4809; x_wconf 83' lang='lat' dir='ltr'><strong>principalia</strong></span> <span class='ocrx_word' id='word_1_729' title='bbox 1921 4745 2214 4805; x_wconf 86' lang='lat' dir='ltr'><strong>contraria,</strong></span> 
     </span>
    </p>
   </div>
   <div class='ocr_carea' id='block_1_95' title="bbox 616 4829 2219 4900">
    <p class='ocr_par' dir='ltr' id='par_1_95' title="bbox 616 4829 2219 4900">
     <span class='ocr_line' id='line_1_95' title="bbox 616 4829 2219 4900; baseline 0.005 -21"><span class='ocrx_word' id='word_1_730' title='bbox 616 4870 619 4873; x_wconf 82' lang='lat'><strong>.</strong></span> <span class='ocrx_word' id='word_1_731' title='bbox 662 4838 717 4880; x_wconf 88' lang='lat' dir='ltr'><strong>et</strong></span> <span class='ocrx_word' id='word_1_732' title='bbox 756 4844 875 4882; x_wconf 90' lang='lat' dir='ltr'><strong>cum</strong></span> <span class='ocrx_word' id='word_1_733' title='bbox 908 4832 1237 4900; x_wconf 75' lang='lat' dir='ltr'><strong>contrarium</strong></span> <span class='ocrx_word' id='word_1_734' title='bbox 1281 4829 1423 4882; x_wconf 89' lang='lat' dir='ltr'><strong>inest</strong></span> <span class='ocrx_word' id='word_1_735' title='bbox 1471 4833 1624 4885; x_wconf 83' lang='lat' dir='ltr'><strong>alteri</strong></span> <span class='ocrx_word' id='word_1_736' title='bbox 1670 4836 2090 4897; x_wconf 88' lang='lat' dir='ltr'><strong>contrariorum,</strong></span> <span class='ocrx_word' id='word_1_737' title='bbox 2152 4850 2219 4888; x_wconf 75' lang='lat' dir='ltr'><strong>cx</strong></span> 
     </span>
    </p>
   </div>
   <div class='ocr_carea' id='block_1_96' title="bbox 668 4921 2223 4991">
    <p class='ocr_par' dir='ltr' id='par_1_96' title="bbox 668 4921 2223 4991">
     <span class='ocr_line' id='line_1_96' title="bbox 668 4921 2223 4991; baseline 0.004 -18"><span class='ocrx_word' id='word_1_738' title='bbox 668 4921 835 4974; x_wconf 90' lang='lat' dir='ltr'><strong>altero</strong></span> <span class='ocrx_word' id='word_1_739' title='bbox 876 4922 1037 4975; x_wconf 89' lang='lat' dir='ltr'><strong>etiam</strong></span> <span class='ocrx_word' id='word_1_740' title='bbox 1063 4923 1390 4975; x_wconf 85' lang='lat' dir='ltr'><strong>contrariqu</strong></span> <span class='ocrx_word' id='word_1_741' title='bbox 1422 4926 1730 4979; x_wconf 88' lang='lat' dir='ltr'><strong>necessario</strong></span> <span class='ocrx_word' id='word_1_742' title='bbox 1759 4936 2090 4980; x_wconf 88' lang='lat' dir='ltr'><strong>secuturum.</strong></span> <span class='ocrx_word' id='word_1_743' title='bbox 2133 4925 2223 4991; x_wconf 75' lang='lat' dir='ltr'><strong>Ut,</strong></span> 
     </span>
    </p>
   </div>
   <div class='ocr_carea' id='block_1_97' title="bbox 738 5096 2225 5170">
    <p class='ocr_par' dir='ltr' id='par_1_97' title="bbox 738 5096 2225 5170">
     <span class='ocr_line' id='line_1_97' title="bbox 738 5096 2225 5170; baseline 0.001 -19"><span class='ocrx_word' id='word_1_744' title='bbox 738 5098 812 5167; x_wconf 84' lang='lat'><strong>(6)</strong></span> <span class='ocrx_word' id='word_1_745' title='bbox 880 5096 985 5151; x_wconf 76' lang='lat' dir='ltr'><strong>Vox</strong></span> <span class='ocrx_word' id='word_1_746' title='bbox 1053 5097 1301 5161; x_wconf 81' lang='grc' dir='ltr'>τοσοῦτος</span> <span class='ocrx_word' id='word_1_747' title='bbox 1361 5102 1553 5155; x_wconf 84' lang='lat' dir='ltr'><strong>usitate</strong></span> <span class='ocrx_word' id='word_1_748' title='bbox 1614 5102 1824 5169; x_wconf 86' lang='lat' dir='ltr'><strong>quidem</strong></span> <span class='ocrx_word' id='word_1_749' title='bbox 1880 5103 2077 5156; x_wconf 90' lang='lat' dir='ltr'><strong>dicitur</strong></span> <span class='ocrx_word' id='word_1_750' title='bbox 2127 5118 2225 5170; x_wconf 85' lang='lat' dir='ltr'><strong>pru</strong></span> 
     </span>
    </p>
   </div>
   <div class='ocr_carea' id='block_1_98' title="bbox 666 5172 2227 5241">
    <p class='ocr_par' dir='ltr' id='par_1_98' title="bbox 666 5172 2227 5241">
     <span class='ocr_line' id='line_1_98' title="bbox 666 5172 2227 5241; baseline 0.003 -22"><span class='ocrx_word' id='word_1_751' title='bbox 666 5180 833 5241; x_wconf 75' lang='lat' dir='ltr'><strong>lantq,</strong></span> <span class='ocrx_word' id='word_1_752' title='bbox 860 5183 952 5241; x_wconf 83' lang='lat' dir='ltr'><strong>seu</strong></span> <span class='ocrx_word' id='word_1_753' title='bbox 994 5185 1089 5234; x_wconf 91' lang='lat' dir='ltr'><strong>pro</strong></span> <span class='ocrx_word' id='word_1_754' title='bbox 1115 5181 1221 5220; x_wconf 82' lang='lat' dir='ltr'><strong>tam</strong></span> <span class='ocrx_word' id='word_1_755' title='bbox 1249 5188 1433 5237; x_wconf 76' lang='lat' dir='ltr'><strong>magno</strong></span> <span class='ocrx_word' id='word_1_756' title='bbox 1470 5190 1487 5227; x_wconf 90' lang='lat'><strong><em>:</em></strong></span> <span class='ocrx_word' id='word_1_757' title='bbox 1539 5174 1629 5225; x_wconf 82' lang='lat' dir='ltr'><strong>sed</strong></span> <span class='ocrx_word' id='word_1_758' title='bbox 1661 5172 1747 5225; x_wconf 87' lang='lat' dir='ltr'><strong>hic</strong></span> <span class='ocrx_word' id='word_1_759' title='bbox 1782 5174 1919 5225; x_wconf 81' lang='lat' dir='ltr'><strong>sumi</strong></span> <span class='ocrx_word' id='word_1_760' title='bbox 1947 5174 2103 5227; x_wconf 86' lang='lat' dir='ltr'><strong>debet</strong></span> <span class='ocrx_word' id='word_1_761' title='bbox 2134 5190 2227 5241; x_wconf 70' lang='lat' dir='ltr'><strong>pro</strong></span> 
     </span>
    </p>
   </div>
   <div class='ocr_carea' id='block_1_99' title="bbox 664 5237 1570 5310">
    <p class='ocr_par' dir='ltr' id='par_1_99' title="bbox 664 5237 1570 5310">
     <span class='ocr_line' id='line_1_99' title="bbox 664 5237 1570 5310; baseline 0.007 -22"><span class='ocrx_word' id='word_1_762' title='bbox 664 5237 953 5310; x_wconf 60' lang='lat' dir='ltr'><strong>tum_brepi,</strong></span> <span class='ocrx_word' id='word_1_763' title='bbox 979 5255 1068 5289; x_wconf 89' lang='lat' dir='ltr'><strong>seu</strong></span> <span class='ocrx_word' id='word_1_764' title='bbox 1101 5253 1194 5310; x_wconf 80' lang='lat' dir='ltr'><strong>pro</strong></span> <span class='ocrx_word' id='word_1_765' title='bbox 1220 5248 1324 5310; x_wconf 74' lang='lat' dir='ltr'><strong>tam</strong></span> <span class='ocrx_word' id='word_1_766' title='bbox 1362 5242 1570 5310; x_wconf 73' lang='lat' dir='ltr'><strong>exiguo.</strong></span> 
     </span>
    </p>
   </div>
   <div class='ocr_carea' id='block_1_100' title="bbox 664 5307 2228 5427">
    <p class='ocr_par' dir='ltr' id='par_1_100' title="bbox 664 5307 2228 5427">
     <span class='ocr_line' id='line_1_100' title="bbox 664 5307 2228 5427; baseline 0.001 -68"><span class='ocrx_word' id='word_1_767' title='bbox 664 5378 696 5427; x_wconf 69' lang='grc'><strong>6</strong></span> <span class='ocrx_word' id='word_1_768' title='bbox 736 5307 811 5374; x_wconf 83' lang='lat'><strong>(7)</strong></span> <span class='ocrx_word' id='word_1_769' title='bbox 863 5307 1005 5361; x_wconf 88' lang='lat' dir='ltr'><strong>Editi</strong></span> <span class='ocrx_word' id='word_1_770' title='bbox 1067 5308 1161 5360; x_wconf 74' lang='grc' dir='ltr'>καὶ</span> <span class='ocrx_word' id='word_1_771' title='bbox 1217 5307 1561 5380; x_wconf 73' lang='grc' dir='ltr'>ἀσύμϐαντα.</span> <span class='ocrx_word' id='word_1_772' title='bbox 1627 5310 1771 5365; x_wconf 85' lang='lat' dir='ltr'><strong>Libri</strong></span> <span class='ocrx_word' id='word_1_773' title='bbox 1824 5323 2028 5367; x_wconf 83' lang='lat' dir='ltr'><strong>veteres</strong></span> <span class='ocrx_word' id='word_1_774' title='bbox 2052 5310 2228 5379; x_wconf 75' lang='grc' dir='ltr'>ἀσύμ-</span> 
     </span>
     <span class='ocr_line' id='line_1_101' title="bbox 702 5394 822 5427; baseline 0 0"><span class='ocrx_word' id='word_1_775' title='bbox 702 5394 822 5427; x_wconf 85' lang='grc' dir='ltr'>ατα.</span> 
     </span>
    </p>
   </div>
   <div class='ocr_carea' id='block_1_101' title="bbox 702 5394 822 5429">
    <p class='ocr_par' dir='ltr' id='par_1_101' title="bbox 702 5394 822 5429">
     <span class='ocr_line' id='line_1_102' title="bbox 702 5394 822 5429; baseline 0.008 -1"><span class='ocrx_word' id='word_1_776' title='bbox 702 5394 822 5429; x_wconf 86' lang='grc' dir='ltr'>ατα.</span> 
     </span>
    </p>
   </div>
   <div class='ocr_carea' id='block_1_102' title="bbox 745 5447 1282 5521">
    <p class='ocr_par' dir='ltr' id='par_1_102' title="bbox 745 5447 1282 5521">
     <span class='ocr_line' id='line_1_103' title="bbox 745 5447 1282 5521; baseline 0 -20"><span class='ocrx_word' id='word_1_777' title='bbox 745 5448 819 5515; x_wconf 79' lang='grc' dir='ltr'><strong>ι8)</strong></span> <span class='ocrx_word' id='word_1_778' title='bbox 862 5447 997 5501; x_wconf 75' lang='lat' dir='ltr'><strong>Eum</strong></span> <span class='ocrx_word' id='word_1_779' title='bbox 1034 5449 1187 5521; x_wconf 63' lang='lat' dir='ltr'><strong>am</strong></span> <span class='ocrx_word' id='word_1_780' title='bbox 1217 5455 1282 5521; x_wconf 78' lang='grc' dir='ltr'>τῇ</span> 
     </span>
    </p>
   </div>
   <div class='ocr_carea' id='block_1_103' title="bbox 678 5518 1950 5592">
    <p class='ocr_par' dir='ltr' id='par_1_103' title="bbox 678 5518 1950 5592">
     <span class='ocr_line' id='line_1_104' title="bbox 678 5518 1950 5592; baseline 0.006 -24"><span class='ocrx_word' id='word_1_781' title='bbox 678 5518 809 5585; x_wconf 79' lang='grc' dir='ltr'><strong>αὺτῆ</strong></span> <span class='ocrx_word' id='word_1_782' title='bbox 844 5534 907 5586; x_wconf 89' lang='grc' dir='ltr'><strong>γε</strong></span> <span class='ocrx_word' id='word_1_783' title='bbox 939 5523 1004 5592; x_wconf 76' lang='grc' dir='ltr'>τῇ</span> <span class='ocrx_word' id='word_1_784' title='bbox 1027 5520 1138 5592; x_wconf 87' lang='grc' dir='ltr'>δυν.</span> <span class='ocrx_word' id='word_1_785' title='bbox 1173 5518 1322 5573; x_wconf 77' lang='lat' dir='ltr'><strong>Alius</strong></span> <span class='ocrx_word' id='word_1_786' title='bbox 1355 5540 1451 5573; x_wconf 79' lang='lat' dir='ltr'><strong>ius.</strong></span> <span class='ocrx_word' id='word_1_787' title='bbox 1478 5518 1621 5575; x_wconf 69' lang='grc' dir='ltr'>’ἀλλά</span> <span class='ocrx_word' id='word_1_788' title='bbox 1645 5525 1710 5592; x_wconf 84' lang='grc' dir='ltr'><strong>τῇ</strong></span> <span class='ocrx_word' id='word_1_789' title='bbox 1742 5518 1807 5589; x_wconf 81' lang='grc' dir='ltr'><strong>γε</strong></span> <span class='ocrx_word' id='word_1_790' title='bbox 1840 5522 1950 5575; x_wconf 85' lang='grc' dir='ltr'>δυν.</span> 
     </span>
    </p>
   </div>
   <div class='ocr_carea' id='block_1_104' title="bbox 739 5575 2227 5661">
    <p class='ocr_par' dir='ltr' id='par_1_104' title="bbox 739 5575 2227 5661">
     <span class='ocr_line' id='line_1_105' title="bbox 739 5575 2227 5661; baseline 0.003 -22"><span class='ocrx_word' id='word_1_791' title='bbox 739 5575 812 5658; x_wconf 59' lang='grc' dir='ltr'><strong>(ξιξ</strong></span> <span class='ocrx_word' id='word_1_792' title='bbox 843 5575 908 5645; x_wconf 60' lang='lat' dir='ltr'><strong>Et</strong></span> <span class='ocrx_word' id='word_1_793' title='bbox 934 5575 1334 5644; x_wconf 75' lang='grc' dir='ltr'>δὲτοῦτοοῦτε</span> <span class='ocrx_word' id='word_1_794' title='bbox 1350 5593 1540 5655; x_wconf 76' lang='grc' dir='ltr'>ἐστίν,</span> <span class='ocrx_word' id='word_1_795' title='bbox 1560 5575 1769 5657; x_wconf 65' lang='lat' dir='ltr'><strong>liocest;</strong></span> <span class='ocrx_word' id='word_1_796' title='bbox 1792 5594 1840 5645; x_wconf 86' lang='grc' dir='ltr'>εἰ</span> <span class='ocrx_word' id='word_1_797' title='bbox 1867 5593 1923 5645; x_wconf 84' lang='grc' dir='ltr'>δὲ</span> <span class='ocrx_word' id='word_1_798' title='bbox 1950 5591 2227 5661; x_wconf 73' lang='grc' dir='ltr'>φῶς,οιε.,</span> 
     </span>
    </p>
   </div>
   <div class='ocr_carea' id='block_1_105' title="bbox 668 5661 1667 5729">
    <p class='ocr_par' dir='ltr' id='par_1_105' title="bbox 668 5661 1667 5729">
     <span class='ocr_line' id='line_1_106' title="bbox 668 5661 1667 5729; baseline 0.007 -21"><span class='ocrx_word' id='word_1_799' title='bbox 668 5664 804 5726; x_wconf 66' lang='lat' dir='ltr'><strong>quod</strong></span> <span class='ocrx_word' id='word_1_800' title='bbox 828 5662 868 5711; x_wconf 80' lang='lat' dir='ltr'><strong>si</strong></span> <span class='ocrx_word' id='word_1_801' title='bbox 899 5678 999 5711; x_wconf 81' lang='lat' dir='ltr'><strong>non</strong></span> <span class='ocrx_word' id='word_1_802' title='bbox 1035 5672 1106 5713; x_wconf 72' lang='lat' dir='ltr'><strong>est</strong></span> <span class='ocrx_word' id='word_1_803' title='bbox 1139 5661 1231 5713; x_wconf 77' lang='lat' dir='ltr'><strong>lux</strong></span> <span class='ocrx_word' id='word_1_804' title='bbox 1272 5662 1451 5715; x_wconf 83' lang='lat' dir='ltr'><strong>mundi</strong></span> <span class='ocrx_word' id='word_1_805' title='bbox 1488 5664 1667 5729; x_wconf 74' lang='lat' dir='ltr'><strong>hujus.</strong></span> 
     </span>
    </p>
   </div>
   <div class='ocr_carea' id='block_1_106' title="bbox 745 5730 2224 5803">
    <p class='ocr_par' dir='ltr' id='par_1_106' title="bbox 745 5730 2224 5803">
     <span class='ocr_line' id='line_1_107' title="bbox 745 5730 2224 5803; baseline 0.003 -21"><span class='ocrx_word' id='word_1_806' title='bbox 745 5730 853 5799; x_wconf 66' lang='lat' dir='ltr'><strong>(tt!)</strong></span> <span class='ocrx_word' id='word_1_807' title='bbox 882 5732 1096 5798; x_wconf 68' lang='lat' dir='ltr'><strong>Antiqui</strong></span> <span class='ocrx_word' id='word_1_808' title='bbox 1136 5734 1239 5786; x_wconf 87' lang='lat' dir='ltr'><strong>duo</strong></span> <span class='ocrx_word' id='word_1_809' title='bbox 1268 5733 1382 5787; x_wconf 85' lang='lat' dir='ltr'><strong>libri</strong></span> <span class='ocrx_word' id='word_1_810' title='bbox 1416 5735 1447 5802; x_wconf 78' lang='grc' dir='ltr'><strong>ἡ</strong></span> <span class='ocrx_word' id='word_1_811' title='bbox 1481 5734 1633 5803; x_wconf 81' lang='grc' dir='ltr'>κενή,</span> <span class='ocrx_word' id='word_1_812' title='bbox 1666 5733 1823 5789; x_wconf 84' lang='lat' dir='ltr'><strong>male.</strong></span> <span class='ocrx_word' id='word_1_813' title='bbox 1884 5733 2032 5789; x_wconf 79' lang='lat' dir='ltr'><strong>Alius</strong></span> <span class='ocrx_word' id='word_1_814' title='bbox 2061 5734 2224 5789; x_wconf 77' lang='lat' dir='ltr'><strong>codex</strong></span> 
     </span>
    </p>
   </div>
   <div class='ocr_carea' id='block_1_107' title="bbox 1342 5452 2230 5522">
    <p class='ocr_par' dir='ltr' id='par_1_107' title="bbox 1342 5452 2230 5522">
     <span class='ocr_line' id='line_1_108' title="bbox 1342 5452 2230 5522; baseline 0 -19"><span class='ocrx_word' id='word_1_815' title='bbox 1342 5452 1587 5522; x_wconf 83' lang='grc' dir='ltr'>δυνάμει.</span> <span class='ocrx_word' id='word_1_816' title='bbox 1657 5452 1784 5519; x_wconf 80' lang='lat' dir='ltr'><strong>Reg.</strong></span> <span class='ocrx_word' id='word_1_817' title='bbox 1827 5454 2093 5505; x_wconf 80' lang='lat' dir='ltr'><strong>secundus</strong></span> <span class='ocrx_word' id='word_1_818' title='bbox 2121 5454 2230 5505; x_wconf 72' lang='grc' dir='ltr'>ἀλλ’</span> 
     </span>
    </p>
   </div>
   <div class='ocr_carea' id='block_1_108' title="bbox 2322 4462 3880 4541">
    <p class='ocr_par' dir='ltr' id='par_1_108' title="bbox 2322 4462 3880 4541">
     <span class='ocr_line' id='line_1_109' title="bbox 2322 4462 3880 4541; baseline -0.008 -17"><span class='ocrx_word' id='word_1_819' title='bbox 2322 4471 2596 4541; x_wconf 74' lang='grc' dir='ltr'>ῥημάτων,</span> <span class='ocrx_word' id='word_1_820' title='bbox 2626 4473 2672 4522; x_wconf 89' lang='grc' dir='ltr'>εἱ</span> <span class='ocrx_word' id='word_1_821' title='bbox 2701 4471 2792 4523; x_wconf 68' lang='grc' dir='ltr'><strong>καὶ</strong></span> <span class='ocrx_word' id='word_1_822' title='bbox 2821 4470 2895 4540; x_wconf 76' lang='grc' dir='ltr'>μὴ</span> <span class='ocrx_word' id='word_1_823' title='bbox 2925 4467 3065 4521; x_wconf 89' lang='grc' dir='ltr'><strong>κατά</strong></span> <span class='ocrx_word' id='word_1_824' title='bbox 3089 4467 3185 4537; x_wconf 79' lang='grc' dir='ltr'>τὴν</span> <span class='ocrx_word' id='word_1_825' title='bbox 3214 4463 3369 4532; x_wconf 80' lang='grc' dir='ltr'>φύσιν</span> <span class='ocrx_word' id='word_1_826' title='bbox 3394 4462 3501 4516; x_wconf 83' lang='grc' dir='ltr'><strong>τῶν</strong></span> <span class='ocrx_word' id='word_1_827' title='bbox 3524 4463 3880 4532; x_wconf 79' lang='grc' dir='ltr'>πραγμάτων,</span> 
     </span>
    </p>
   </div>
   <div class='ocr_carea' id='block_1_109' title="bbox 2321 4553 3880 4629">
    <p class='ocr_par' dir='ltr' id='par_1_109' title="bbox 2321 4553 3880 4629">
     <span class='ocr_line' id='line_1_110' title="bbox 2321 4553 3880 4629; baseline -0.003 -15"><span class='ocrx_word' id='word_1_828' title='bbox 2321 4561 2606 4624; x_wconf 79' lang='grc' dir='ltr'>ἀντίθεσις,</span> <span class='ocrx_word' id='word_1_829' title='bbox 2635 4562 2769 4628; x_wconf 78' lang='grc' dir='ltr'>ὅπερ</span> <span class='ocrx_word' id='word_1_830' title='bbox 2806 4553 2949 4613; x_wconf 77' lang='grc' dir='ltr'>οὗτοι</span> <span class='ocrx_word' id='word_1_831' title='bbox 2980 4558 3437 4624; x_wconf 81' lang='grc' dir='ltr'>κατασκευάζουσι</span> <span class='ocrx_word' id='word_1_832' title='bbox 3456 4576 3469 4588; x_wconf 90' lang='grc'><strong>·</strong></span> <span class='ocrx_word' id='word_1_833' title='bbox 3504 4562 3643 4629; x_wconf 72' lang='grc' dir='ltr'>φωτὶ</span> <span class='ocrx_word' id='word_1_834' title='bbox 3668 4560 3723 4613; x_wconf 85' lang='grc' dir='ltr'>δὲ</span> <span class='ocrx_word' id='word_1_835' title='bbox 3753 4560 3880 4628; x_wconf 76' lang='grc' dir='ltr'>πρὸς</span> 
     </span>
    </p>
   </div>
   <div class='ocr_carea' id='block_1_110' title="bbox 2319 4651 3880 4724">
    <p class='ocr_par' dir='ltr' id='par_1_110' title="bbox 2319 4651 3880 4724">
     <span class='ocr_line' id='line_1_111' title="bbox 2319 4651 3880 4724; baseline -0.003 -19"><span class='ocrx_word' id='word_1_836' title='bbox 2319 4655 2379 4705; x_wconf 77' lang='grc' dir='ltr'>τὸ</span> <span class='ocrx_word' id='word_1_837' title='bbox 2412 4653 2526 4723; x_wconf 79' lang='grc' dir='ltr'><strong>φῶς</strong></span> <span class='ocrx_word' id='word_1_838' title='bbox 2555 4652 2675 4706; x_wconf 71' lang='grc' dir='ltr'>οὔτε</span> <span class='ocrx_word' id='word_1_839' title='bbox 2721 4653 2860 4705; x_wconf 91' lang='grc' dir='ltr'><strong>κατά</strong></span> <span class='ocrx_word' id='word_1_840' title='bbox 2884 4653 2982 4720; x_wconf 77' lang='grc' dir='ltr'>τὴν</span> <span class='ocrx_word' id='word_1_841' title='bbox 3022 4653 3297 4724; x_wconf 73' lang='grc' dir='ltr'>προφορὰν</span> <span class='ocrx_word' id='word_1_842' title='bbox 3329 4651 3450 4705; x_wconf 72' lang='grc' dir='ltr'>οὔτε</span> <span class='ocrx_word' id='word_1_843' title='bbox 3491 4652 3635 4705; x_wconf 85' lang='grc' dir='ltr'><strong>κατά</strong></span> <span class='ocrx_word' id='word_1_844' title='bbox 3671 4654 3769 4720; x_wconf 68' lang='grc' dir='ltr'><strong>τὴν</strong></span> <span class='ocrx_word' id='word_1_845' title='bbox 3802 4652 3880 4703; x_wconf 76' lang='grc' dir='ltr'><strong>εν-</strong></span> 
     </span>
    </p>
   </div>
   <div class='ocr_carea' id='block_1_111' title="bbox 2327 4744 3881 4813">
    <p class='ocr_par' dir='ltr' id='par_1_111' title="bbox 2327 4744 3881 4813">
     <span class='ocr_line' id='line_1_112' title="bbox 2327 4744 3881 4813; baseline -0.003 -16"><span class='ocrx_word' id='word_1_846' title='bbox 2327 4764 2469 4798; x_wconf 85' lang='grc' dir='ltr'>νοιαν</span> <span class='ocrx_word' id='word_1_847' title='bbox 2502 4744 2779 4813; x_wconf 79' lang='grc' dir='ltr'>ὲπινοῆσαί</span> <span class='ocrx_word' id='word_1_848' title='bbox 2804 4761 2923 4797; x_wconf 88' lang='grc' dir='ltr'>τινα</span> <span class='ocrx_word' id='word_1_849' title='bbox 2947 4745 3167 4797; x_wconf 78' lang='grc' dir='ltr'>δυνατὸν</span> <span class='ocrx_word' id='word_1_850' title='bbox 3200 4745 3527 4799; x_wconf 74' lang='grc' dir='ltr'>ἐναντίωσιν.</span> <span class='ocrx_word' id='word_1_851' title='bbox 3576 4744 3739 4796; x_wconf 77' lang='grc' dir='ltr'>Ἀλλά</span> <span class='ocrx_word' id='word_1_852' title='bbox 3783 4744 3881 4812; x_wconf 77' lang='grc' dir='ltr'>γὰρ</span> 
     </span>
    </p>
   </div>
   <div class='ocr_carea' id='block_1_112' title="bbox 2330 4833 3881 4906">
    <p class='ocr_par' dir='ltr' id='par_1_112' title="bbox 2330 4833 3881 4906">
     <span class='ocr_line' id='line_1_113' title="bbox 2330 4833 3881 4906; baseline -0.001 -19"><span class='ocrx_word' id='word_1_853' title='bbox 2330 4836 2471 4887; x_wconf 69' lang='grc' dir='ltr'>ἔοικε</span> <span class='ocrx_word' id='word_1_854' title='bbox 2540 4836 2861 4906; x_wconf 81' lang='grc' dir='ltr'>σοφίσμασιν</span> <span class='ocrx_word' id='word_1_855' title='bbox 2937 4836 3228 4905; x_wconf 79' lang='grc' dir='ltr'>ἀπατηλοῖς</span> <span class='ocrx_word' id='word_1_856' title='bbox 3308 4836 3497 4887; x_wconf 80' lang='grc' dir='ltr'>ἑαυτὸν</span> <span class='ocrx_word' id='word_1_857' title='bbox 3572 4833 3881 4904; x_wconf 63' lang='grc' dir='ltr'>παρακρού-</span> 
     </span>
    </p>
   </div>
   <div class='ocr_carea' id='block_1_113' title="bbox 2333 4925 3883 4999">
    <p class='ocr_par' dir='ltr' id='par_1_113' title="bbox 2333 4925 3883 4999">
     <span class='ocr_line' id='line_1_114' title="bbox 2333 4925 3883 4999; baseline -0.001 -19"><span class='ocrx_word' id='word_1_858' title='bbox 2333 4928 2482 4980; x_wconf 76' lang='grc' dir='ltr'>εσθαι</span> <span class='ocrx_word' id='word_1_859' title='bbox 2506 4928 2635 4999; x_wconf 82' lang='lat' dir='ltr'><strong>(il).</strong></span> <span class='ocrx_word' id='word_1_860' title='bbox 2663 4927 2843 4980; x_wconf 83' lang='grc' dir='ltr'>Οίεται</span> <span class='ocrx_word' id='word_1_861' title='bbox 2876 4927 3001 4999; x_wconf 80' lang='grc' dir='ltr'>γὰρ,</span> <span class='ocrx_word' id='word_1_862' title='bbox 3028 4928 3107 4980; x_wconf 80' lang='grc' dir='ltr'>ὅτι</span> <span class='ocrx_word' id='word_1_863' title='bbox 3136 4926 3201 4978; x_wconf 86' lang='grc' dir='ltr'><strong>τά</strong></span> <span class='ocrx_word' id='word_1_864' title='bbox 3230 4929 3337 4989; x_wconf 83' lang='grc' dir='ltr'>τοῖς</span> <span class='ocrx_word' id='word_1_865' title='bbox 3363 4925 3624 4988; x_wconf 80' lang='grc' dir='ltr'>ἐναντίοις</span> <span class='ocrx_word' id='word_1_866' title='bbox 3653 4926 3883 4995; x_wconf 72' lang='grc' dir='ltr'>ἑπόμενα</span> 
     </span>
    </p>
   </div>
   <div class='ocr_carea' id='block_1_114' title="bbox 2334 5102 3688 5174">
    <p class='ocr_par' dir='ltr' id='par_1_114' title="bbox 2334 5102 3688 5174">
     <span class='ocr_line' id='line_1_115' title="bbox 2334 5102 3688 5174; baseline -0.003 -15"><span class='ocrx_word' id='word_1_867' title='bbox 2334 5108 2363 5174; x_wconf 81' lang='grc' dir='ltr'><strong>ἡ</strong></span> <span class='ocrx_word' id='word_1_868' title='bbox 2397 5106 2572 5174; x_wconf 79' lang='grc' dir='ltr'>κοινή,</span> <span class='ocrx_word' id='word_1_869' title='bbox 2600 5103 2767 5169; x_wconf 79' lang='lat' dir='ltr'><strong>pejus.</strong></span> <span class='ocrx_word' id='word_1_870' title='bbox 2806 5103 2909 5156; x_wconf 81' lang='lat' dir='ltr'><strong>Alii</strong></span> <span class='ocrx_word' id='word_1_871' title='bbox 2932 5103 3039 5174; x_wconf 78' lang='lat' dir='ltr'><strong>duo</strong></span> <span class='ocrx_word' id='word_1_872' title='bbox 3069 5113 3127 5174; x_wconf 83' lang='lat' dir='ltr'><strong>et</strong></span> <span class='ocrx_word' id='word_1_873' title='bbox 3148 5102 3286 5174; x_wconf 79' lang='lat' dir='ltr'><strong>editi</strong></span> <span class='ocrx_word' id='word_1_874' title='bbox 3313 5103 3496 5172; x_wconf 83' lang='grc' dir='ltr'>καινή,</span> <span class='ocrx_word' id='word_1_875' title='bbox 3530 5103 3688 5174; x_wconf 79' lang='lat' dir='ltr'><strong>bene.</strong></span> 
     </span>
    </p>
   </div>
   <div class='ocr_carea' id='block_1_115' title="bbox 2397 5142 3884 5245">
    <p class='ocr_par' dir='ltr' id='par_1_115' title="bbox 2397 5142 3884 5245">
     <span class='ocr_line' id='line_1_116' title="bbox 2400 5142 3688 5164; baseline -0.002 -7"><span class='ocrx_word' id='word_1_876' title='bbox 2560 5144 2572 5159; x_wconf 87' lang='lat'><strong>.</strong></span> <span class='ocrx_word' id='word_1_877' title='bbox 2618 5142 2661 5153; x_wconf 50' lang='grc' dir='ltr'><strong>..α</strong></span> <span class='ocrx_word' id='word_1_878' title='bbox 2689 5142 2767 5158; x_wconf 69' lang='grc' dir='ltr'><strong>ιη..</strong></span> <span class='ocrx_word' id='word_1_879' title='bbox 2806 5142 2909 5156; x_wconf 88' lang='lat'><strong>.....</strong></span> <span class='ocrx_word' id='word_1_880' title='bbox 2932 5142 3036 5156; x_wconf 67' lang='grc' dir='ltr'><strong>..μυ</strong></span> <span class='ocrx_word' id='word_1_881' title='bbox 3076 5142 3127 5156; x_wconf 57' lang='grc' dir='ltr'><strong>ν.</strong></span> <span class='ocrx_word' id='word_1_882' title='bbox 3317 5142 3455 5155; x_wconf 80' lang='lat'><strong>........</strong></span> <span class='ocrx_word' id='word_1_883' title='bbox 3482 5142 3496 5164; x_wconf 93' lang='lat'><strong>,</strong></span> 
     </span>
     <span class='ocr_line' id='line_1_117' title="bbox 2397 5142 3884 5245; baseline 0 -22"><span class='ocrx_word' id='word_1_884' title='bbox 2397 5177 2504 5245; x_wconf 70' lang='lat' dir='ltr'><strong>(tl)</strong></span> <span class='ocrx_word' id='word_1_885' title='bbox 2539 5142 2676 5226; x_wconf 64' lang='lat' dir='ltr'><strong>i‘iiiiil</strong></span> <span class='ocrx_word' id='word_1_886' title='bbox 2722 5174 2913 5245; x_wconf 83' lang='lat' dir='ltr'><strong>mirum</strong></span> <span class='ocrx_word' id='word_1_887' title='bbox 2951 5173 2994 5225; x_wconf 82' lang='lat' dir='ltr'><strong>si</strong></span> <span class='ocrx_word' id='word_1_888' title='bbox 3030 5172 3115 5245; x_wconf 84' lang='lat' dir='ltr'><strong>hic</strong></span> <span class='ocrx_word' id='word_1_889' title='bbox 3147 5142 3471 5245; x_wconf 48' lang='lat' dir='ltr'><strong>locus,__qui‘</strong></span> <span class='ocrx_word' id='word_1_890' title='bbox 3499 5173 3884 5245; x_wconf 66' lang='lat' dir='ltr'><strong>pltilosophieis</strong></span> 
     </span>
    </p>
   </div>
   <div class='ocr_carea' id='block_1_116' title="bbox 2327 5240 3884 5309">
    <p class='ocr_par' dir='ltr' id='par_1_116' title="bbox 2327 5240 3884 5309">
     <span class='ocr_line' id='line_1_118' title="bbox 2327 5240 3884 5309; baseline -0.003 -12"><span class='ocrx_word' id='word_1_891' title='bbox 2327 5240 2711 5299; x_wconf 83' lang='lat' dir='ltr'><strong>subtilitatibus</strong></span> <span class='ocrx_word' id='word_1_892' title='bbox 2744 5243 3026 5295; x_wconf 82' lang='lat' dir='ltr'><strong>iutricatus</strong></span> <span class='ocrx_word' id='word_1_893' title='bbox 3056 5240 3391 5305; x_wconf 69' lang='lat' dir='ltr'><strong>sit,diﬂirilis</strong></span> <span class='ocrx_word' id='word_1_894' title='bbox 3418 5240 3696 5295; x_wconf 82' lang='lat' dir='ltr'><strong>intellectu</strong></span> <span class='ocrx_word' id='word_1_895' title='bbox 3730 5254 3884 5309; x_wconf 72' lang='lat' dir='ltr'><strong>atqu»:</strong></span> 
     </span>
    </p>
   </div>
   <div class='ocr_carea' id='block_1_117' title="bbox 2327 5310 3882 5378">
    <p class='ocr_par' dir='ltr' id='par_1_117' title="bbox 2327 5310 3882 5378">
     <span class='ocr_line' id='line_1_119' title="bbox 2327 5310 3882 5378; baseline -0.004 -10"><span class='ocrx_word' id='word_1_896' title='bbox 2327 5318 2590 5368; x_wconf 84' lang='lat' dir='ltr'><strong>obscurus</strong></span> <span class='ocrx_word' id='word_1_897' title='bbox 2620 5328 2741 5366; x_wconf 88' lang='lat' dir='ltr'><strong>esse</strong></span> <span class='ocrx_word' id='word_1_898' title='bbox 2768 5313 3036 5364; x_wconf 85' lang='lat' dir='ltr'><strong>videatur.</strong></span> <span class='ocrx_word' id='word_1_899' title='bbox 3076 5310 3305 5363; x_wconf 78' lang='lat' dir='ltr'><strong>Basilius</strong></span> <span class='ocrx_word' id='word_1_900' title='bbox 3334 5312 3611 5378; x_wconf 79' lang='lat' dir='ltr'><strong>impugnat</strong></span> <span class='ocrx_word' id='word_1_901' title='bbox 3640 5311 3882 5365; x_wconf 81' lang='lat' dir='ltr'><strong>Eunomii</strong></span> 
     </span>
    </p>
   </div>
   <div class='ocr_carea' id='block_1_118' title="bbox 2329 5382 3882 5450">
    <p class='ocr_par' dir='ltr' id='par_1_118' title="bbox 2329 5382 3882 5450">
     <span class='ocr_line' id='line_1_120' title="bbox 2329 5382 3882 5450; baseline -0.004 -12"><span class='ocrx_word' id='word_1_902' title='bbox 2329 5384 2685 5447; x_wconf 82' lang='lat' dir='ltr'><strong>sententiam,</strong></span> <span class='ocrx_word' id='word_1_903' title='bbox 2743 5397 2805 5436; x_wconf 72' lang='lat' dir='ltr'><strong>ex</strong></span> <span class='ocrx_word' id='word_1_904' title='bbox 2856 5397 2959 5450; x_wconf 90' lang='lat' dir='ltr'><strong>qua</strong></span> <span class='ocrx_word' id='word_1_905' title='bbox 3013 5392 3195 5450; x_wconf 87' lang='lat' dir='ltr'><strong>aperte</strong></span> <span class='ocrx_word' id='word_1_906' title='bbox 3241 5382 3571 5435; x_wconf 84' lang='lat' dir='ltr'><strong>elliciebatur</strong></span> <span class='ocrx_word' id='word_1_907' title='bbox 3616 5384 3882 5433; x_wconf 73' lang='lat' dir='ltr'><strong>contraria</strong></span> 
     </span>
    </p>
   </div>
   <div class='ocr_carea' id='block_1_119' title="bbox 2333 5451 3884 5522">
    <p class='ocr_par' dir='ltr' id='par_1_119' title="bbox 2333 5451 3884 5522">
     <span class='ocr_line' id='line_1_121' title="bbox 2333 5451 3884 5522; baseline -0.001 -18"><span class='ocrx_word' id='word_1_908' title='bbox 2333 5453 2668 5522; x_wconf 89' lang='lat' dir='ltr'><strong>principalia,</strong></span> <span class='ocrx_word' id='word_1_909' title='bbox 2702 5462 2755 5505; x_wconf 91' lang='lat' dir='ltr'><strong>et</strong></span> <span class='ocrx_word' id='word_1_910' title='bbox 2807 5466 2869 5505; x_wconf 88' lang='lat' dir='ltr'><strong>ea</strong></span> <span class='ocrx_word' id='word_1_911' title='bbox 2900 5468 3017 5519; x_wconf 76' lang='lat' dir='ltr'><strong>qua:</strong></span> <span class='ocrx_word' id='word_1_912' title='bbox 3054 5467 3157 5504; x_wconf 90' lang='lat' dir='ltr'><strong>nou</strong></span> <span class='ocrx_word' id='word_1_913' title='bbox 3190 5464 3330 5522; x_wconf 75' lang='lat' dir='ltr'><strong>sunt</strong></span> <span class='ocrx_word' id='word_1_914' title='bbox 3366 5451 3709 5517; x_wconf 87' lang='lat' dir='ltr'><strong>principalia,</strong></span> <span class='ocrx_word' id='word_1_915' title='bbox 3735 5465 3884 5522; x_wconf 58' lang='lat' dir='ltr'><strong>aeque</strong></span> 
     </span>
    </p>
   </div>
   <div class='ocr_carea' id='block_1_120' title="bbox 2332 5519 3887 5589">
    <p class='ocr_par' dir='ltr' id='par_1_120' title="bbox 2332 5519 3887 5589">
     <span class='ocr_line' id='line_1_122' title="bbox 2332 5519 3887 5589; baseline -0.003 -12"><span class='ocrx_word' id='word_1_916' title='bbox 2332 5519 2431 5577; x_wconf 85' lang='lat' dir='ltr'><strong>sibi</strong></span> <span class='ocrx_word' id='word_1_917' title='bbox 2472 5519 2696 5577; x_wconf 78' lang='lat' dir='ltr'><strong>invicem</strong></span> <span class='ocrx_word' id='word_1_918' title='bbox 2733 5522 3004 5574; x_wconf 87' lang='lat' dir='ltr'><strong>adversari</strong></span> <span class='ocrx_word' id='word_1_919' title='bbox 3044 5537 3057 5572; x_wconf 93' lang='lat'>:</span> <span class='ocrx_word' id='word_1_920' title='bbox 3120 5524 3259 5589; x_wconf 81' lang='lat' dir='ltr'><strong>quod</strong></span> <span class='ocrx_word' id='word_1_921' title='bbox 3313 5520 3511 5589; x_wconf 83' lang='lat' dir='ltr'><strong>falsum</strong></span> <span class='ocrx_word' id='word_1_922' title='bbox 3566 5534 3689 5573; x_wconf 86' lang='lat' dir='ltr'><strong>esse</strong></span> <span class='ocrx_word' id='word_1_923' title='bbox 3735 5519 3887 5573; x_wconf 73' lang='lat' dir='ltr'><strong>Pater</strong></span> 
     </span>
    </p>
   </div>
   <div class='ocr_carea' id='block_1_121' title="bbox 2332 5587 3887 5661">
    <p class='ocr_par' dir='ltr' id='par_1_121' title="bbox 2332 5587 3887 5661">
     <span class='ocr_line' id='line_1_123' title="bbox 2332 5587 3887 5661; baseline -0.003 -16"><span class='ocrx_word' id='word_1_924' title='bbox 2332 5594 2681 5661; x_wconf 77' lang='lat' dir='ltr'><strong>gravissimus</strong></span> <span class='ocrx_word' id='word_1_925' title='bbox 2714 5592 2971 5650; x_wconf 80' lang='lat' dir='ltr'><strong>ostendit.</strong></span> <span class='ocrx_word' id='word_1_926' title='bbox 3003 5592 3103 5645; x_wconf 86' lang='lat' dir='ltr'><strong>hoc</strong></span> <span class='ocrx_word' id='word_1_927' title='bbox 3140 5587 3429 5658; x_wconf 73' lang='lat' dir='ltr'><strong>exemplo:</strong></span> <span class='ocrx_word' id='word_1_928' title='bbox 3460 5587 3573 5643; x_wconf 74' lang='lat' dir='ltr'><strong>Nec</strong></span> <span class='ocrx_word' id='word_1_929' title='bbox 3606 5590 3769 5650; x_wconf 78' lang='lat' dir='ltr'><strong>enim.</strong></span> <span class='ocrx_word' id='word_1_930' title='bbox 3811 5593 3887 5642; x_wconf 85' lang='lat' dir='ltr'><strong>in-</strong></span> 
     </span>
    </p>
   </div>
   <div class='ocr_carea' id='block_1_122' title="bbox 2332 5662 3889 5731">
    <p class='ocr_par' dir='ltr' id='par_1_122' title="bbox 2332 5662 3889 5731">
     <span class='ocr_line' id='line_1_124' title="bbox 2332 5662 3889 5731; baseline -0.001 -17"><span class='ocrx_word' id='word_1_931' title='bbox 2332 5665 2465 5731; x_wconf 86' lang='lat' dir='ltr'><strong>quit.</strong></span> <span class='ocrx_word' id='word_1_932' title='bbox 2501 5662 2749 5731; x_wconf 79' lang='lat' dir='ltr'><strong>quoniam</strong></span> <span class='ocrx_word' id='word_1_933' title='bbox 2772 5678 2835 5716; x_wconf 71' lang='lat' dir='ltr'><strong>ex</strong></span> <span class='ocrx_word' id='word_1_934' title='bbox 2864 5662 3052 5729; x_wconf 71' lang='lat' dir='ltr'><strong>vigiliis</strong></span> <span class='ocrx_word' id='word_1_935' title='bbox 3076 5662 3179 5715; x_wconf 72' lang='lat' dir='ltr'><strong>vita</strong></span> <span class='ocrx_word' id='word_1_936' title='bbox 3206 5663 3456 5728; x_wconf 71' lang='lat' dir='ltr'><strong>sequitur.</strong></span> <span class='ocrx_word' id='word_1_937' title='bbox 3500 5662 3795 5713; x_wconf 73' lang='lat' dir='ltr'><strong>necessario</strong></span> <span class='ocrx_word' id='word_1_938' title='bbox 3831 5677 3889 5712; x_wconf 69' lang='lat' dir='ltr'><strong>rx</strong></span> 
     </span>
    </p>
   </div>
   <div class='ocr_carea' id='block_1_123' title="bbox 2330 5731 3886 5801">
    <p class='ocr_par' dir='ltr' id='par_1_123' title="bbox 2330 5731 3886 5801">
     <span class='ocr_line' id='line_1_125' title="bbox 2330 5731 3886 5801; baseline -0.001 -15"><span class='ocrx_word' id='word_1_939' title='bbox 2330 5750 2511 5787; x_wconf 70' lang='lat' dir='ltr'><strong>somno</strong></span> <span class='ocrx_word' id='word_1_940' title='bbox 2546 5736 2779 5800; x_wconf 72' lang='lat' dir='ltr'><strong>sequitur</strong></span> <span class='ocrx_word' id='word_1_941' title='bbox 2813 5748 2972 5787; x_wconf 61' lang='lat' dir='ltr'><strong>morm</strong></span> <span class='ocrx_word' id='word_1_942' title='bbox 3012 5732 3122 5787; x_wconf 78' lang='lat' dir='ltr'><strong>Hoc</strong></span> <span class='ocrx_word' id='word_1_943' title='bbox 3147 5741 3252 5799; x_wconf 86' lang='lat' dir='ltr'><strong>est,</strong></span> <span class='ocrx_word' id='word_1_944' title='bbox 3283 5732 3324 5784; x_wconf 89' lang='lat' dir='ltr'><strong>si</strong></span> <span class='ocrx_word' id='word_1_945' title='bbox 3374 5732 3498 5799; x_wconf 84' lang='lat' dir='ltr'><strong>quis</strong></span> <span class='ocrx_word' id='word_1_946' title='bbox 3536 5731 3742 5801; x_wconf 68' lang='lat' dir='ltr'><strong>vigilat,</strong></span> <span class='ocrx_word' id='word_1_947' title='bbox 3774 5732 3886 5785; x_wconf 81' lang='lat' dir='ltr'><strong>hinc</strong></span> 
     </span>
    </p>
   </div>
  </div>
