4084 6318
192 369 309 423 635

1297 366 1659 421 ADVERSUS
1700 364 2061 421 EUNOMIUM
2108 367 2231 419 LIB.
2279 364 2337 417 ll.

3325 364 3428 418 636

192 489 301 558 τὴν
330 488 497 558 αὐτὴν
539 487 648 557 ἔχει
678 487 812 557 πρὸς
858 487 1058 558 ἄλληλα
1107 488 1304 558 μάχην,
1350 488 1523 558 ἥνπερ
1568 486 1631 540 ἂν
1662 486 1768 557 ἔχει

1876 487 1919 538 si
1950 502 2012 538 ex
2043 487 2159 539 visu
2196 486 2283 538 lux
2315 483 2580 551 sequitur,
2607 496 2672 536 ex
2699 481 2940 537 caecitate
2973 480 3206 538 tenebrae
3234 502 3248 538 :
3286 486 3330 540 si
3367 503 3432 541 ex

194 580 301 633 καὶ
330 578 398 633 τά
428 577 701 648 ἡγούμενα
721 594 733 606 ·
773 578 866 630 καὶ
902 579 1026 631 ὅταν
1066 577 1139 648 τῷ
1170 578 1339 648 ἑτέρῳ
1378 578 1484 630 τῶν
1517 579 1770 631 ἐναντίων

194 670 266 723 τὸ
291 669 525 723 ἐναντίον
557 669 795 740 ὑπάρχῃ,
836 671 930 722 καὶ
969 670 1044 740 τῷ
1074 670 1242 740 ἑτέρῳ
1272 670 1487 732 πάντως
1527 671 1584 722 τὸ
1618 672 1769 724 ὲναν-

194 761 321 815 τίον
345 757 717 831 ἀκολουθήσει.
752 755 896 823 Οἷον,
928 763 974 813 εί
1002 763 1065 830 τῇ
1096 760 1281 831 ὁράσει
1308 760 1369 813 τὸ
1399 761 1512 831 φῶς
1554 762 1765 829 ἕπεται,

196 856 270 923 τῇ
311 852 600 923 τυφλότητι
636 851 696 904 τὸ
737 853 954 915 σκότος’
984 854 1030 903 εί
1060 851 1135 922 τῷ
1170 853 1267 923 ζῇν
1299 854 1360 906 τὸ
1397 853 1767 921 αἰσθάνεσθαι,

193 948 283 1017 τῷ
306 947 618 1017 τεθνηκέναι
642 946 702 998 τὸ
727 944 1064 1015 ἀναισθητεῖν
1087 944 1218 1014 (12).
1242 945 1410 999 Τοῦτο
1434 947 1488 999 δὲ
1515 948 1589 1009 ὼς
1610 948 1768 1001 ἀσθε-

198 1039 295 1102 νὲς
335 1039 426 1090 καὶ
453 1038 738 1090 διαπῖπτον
775 1034 835 1089 τὸ
874 1038 1266 1108 παρατήρημα,
1303 1038 1464 1090 παντὶ
1495 1038 1766 1109 γνώριμον

194 1130 283 1201 τῷ
313 1133 406 1186 καὶ
438 1131 626 1203 μικρὸν
656 1131 1025 1201 ὲπιστήσαντι.
1057 1132 1130 1183 Οὐ
1160 1130 1267 1202 γάρ
1294 1132 1474 1201 ἐπειδὴ
1501 1131 1575 1200 τῷ
1603 1134 1766 1201 ἐγρη-

196 1223 426 1294 γορέναι
458 1222 517 1274 τὸ
545 1221 643 1291 ζῇν
671 1220 881 1280 ἕπεται,
913 1221 991 1291 τῷ
1024 1222 1607 1275 καθεύᾱιννάκολουθεῖ
1636 1224 1765 1275 πάν-

197 1333 318 1379 τως
346 1315 407 1368 τὸ
429 1313 697 1368 τεθνάναι.
749 1314 881 1367 Ἀλλ’
919 1314 1040 1368 οὕτε
1076 1315 1327 1378 ἐναντίως
1357 1315 1467 1385 ἔχει
1495 1317 1555 1369 τὸ
1578 1334 1766 1388 γεννη-

199 1407 299 1459 τὸν
323 1406 453 1476 πρὸς
482 1405 540 1457 τὸ
568 1404 879 1476 ἀγέννητον.
912 1408 973 1458 Εἰ
1002 1406 1109 1477 γὰρ
1134 1407 1347 1460 ἐναντία
1373 1408 1466 1459 καὶ
1494 1406 1763 1479 φθαρτικὰ

199 1496 469 1565 ἀλλήλων,
510 1496 643 1566 ὅπερ
680 1496 759 1559 εἰς
816 1494 1049 1565 κεφαλὴν
1085 1496 1196 1557 τοῖς
1234 1494 1611 1566 βλασφημοῦσι
1641 1496 1762 1567 τρέ-

1877 580 1981 631 vita
2031 594 2241 640 sensus,
2279 592 2345 631 ex
2378 587 2550 630 morte
2596 576 2821 643 privatio
2866 591 3146 632 sensuum.
3188 577 3312 632 Hrec
3340 596 3435 631 an-

1873 682 1976 725 tem
2006 670 2311 724 observatio
2344 684 2505 738 quam
2534 667 2723 721 debilis
2754 666 2845 730 sit,
2874 680 3147 734 quamque
3179 667 3427 733 evanida,

1868 762 2087 816 cuilibet
2117 761 2197 814 vel
2238 760 2511 830 paululum
2566 758 2865 812 attendenti
2924 758 3268 826 perspicuum
3325 770 3430 813 est.

1868 853 1977 908 Nec
2024 854 2166 905 enim
2209 852 2460 921 quoniam
2512 865 2574 905 ex
2624 850 2821 919 vigiliis
2864 851 2971 903 vita
3012 852 3287 918 sequitur,
3343 866 3434 905 ne-

1866 948 2102 1002 cessario
2144 963 2204 1000 ex
2268 961 2457 1000 somno
2492 960 2639 997 mors
2688 945 2954 1012 sequitur.
2996 943 3103 998 Sed
3156 958 3255 999 nee
3306 959 3435 998 con-

1869 1040 2033 1093 trario
2077 1038 2233 1091 stando
2294 1051 2351 1090 se
2393 1038 2551 1090 habet
2602 1037 2841 1106 genitum
2886 1052 3006 1090 cum
3037 1036 3298 1106 ingenito.
3342 1036 3435 1090 Et-

1866 1133 2007 1186 enim
2054 1132 2097 1185 si
2153 1130 2422 1184 Contraria
2474 1136 2617 1190 sunt,
2658 1127 2768 1195 jam
2820 1140 3005 1183 mutuo
3050 1143 3109 1182 se
3156 1130 3433 1182 destruent

1865 1221 2046 1291 (quod
2101 1221 2154 1274 in
2212 1229 2373 1289 caput
2430 1220 2913 1288 blasphemantium
2982 1220 3285 1284 vertatur),
3325 1221 3434 1274 imo

1867 1329 2037 1381 neque
2080 1323 2269 1367 natura
2300 1314 2519 1367 adversa
2555 1321 2708 1377 ειιιιι,
2738 1327 2911 1382 neque
2944 1329 3063 1379 qua:
3089 1330 3431 1384 consequun-

1872 1414 1979 1470 tur,
2001 1405 2242 1458 eamdem
2268 1406 2571 1459 necessario
2603 1406 2873 1459 habebunt
2900 1406 3233 1469 diStautiam,
3267 1421 3428 1474 quam

1868 1506 1920 1551 et
1950 1495 2257 1564 principalia
2284 1496 2798 1547 demonstrabantur
2827 1495 3042 1548 habere.

203 1607 382 1653 ποιτο,
408 1590 518 1643 ἀλλ’
543 1589 662 1644 οὗτε
690 1593 754 1661 τῇ
785 1593 941 1659 φύσει
976 1589 1227 1660 πολέμια,
1256 1588 1377 1643 οὔτε
1411 1592 1516 1662 μὴν
1544 1590 1609 1643 τά
1641 1591 1880 1660 ἑπόμενα
1922 1590 2132 1653 τούτοις
2172 1590 2270 1661 τὴν
2304 1590 2474 1660 αὐτὴν
2512 1590 2825 1658 ἀναγκαίως
2870 1588 2980 1653 ’ἐξει
3028 1590 3326 1657 διάστασιν,
3362 1590 3431 1661 ἠν

204 1687 479 1740 έδέίκνυτο
510 1688 651 1757 ἔχειν
684 1689 775 1741 καὶ
811 1687 879 1740 τά
918 1688 1215 1759 ἡγούμενα.

276 1778 367 1832 27.
410 1780 477 1832 Ἦ
524 1780 697 1833 τοίνυν
739 1780 1031 1848 ἀπάλειψόν
1066 1798 1157 1833 σου
1208 1780 1266 1832 τὸ
1322 1781 1561 1851 ῥήματα,
1612 1780 1645 1851 ἢ
1694 1781 1765 1850 μὴ

1938 1779 2027 1834 9.7.
2070 1782 2176 1833 Aut
2242 1780 2404 1849 igitur
2443 1788 2531 1832 tua
2583 1778 2753 1849 ipsius
2805 1792 2967 1831 verba
3025 1794 3294 1849 expunge,
3339 1792 3431 1833 aut

200 1857 373 1943 ἀρνᾏῦ
410 1875 507 1946 τὴν
544 1873 813 1926 ἀσέϐειαν.
852 1874 923 1943 Σὴ
958 1874 1063 1945 γάρ
1090 1875 1235 1927 ἐστιν
1266 1876 1298 1946 ἡ
1331 1872 1642 1943 βλασφημία
1672 1873 1767 1926 τοῦ

200 1966 450 2029 εἰπόντος
471 1985 482 1995 ·
515 1964 675 2019 Ὅσον
715 1966 1088 2035 παρήλλακται
1116 1965 1207 2018 τοῦ
1240 1965 1493 2035 γεννητοῦ
1525 1966 1584 2018 τὸ
1609 1965 1767 2033 ἀγέν-

199 2076 397 2129 νητον,
425 2058 671 2111 τοσοῦτον
714 2058 924 2123 ἀνάγκη
972 2055 1347 2126 παρηλλάχθαι
1392 2056 1450 2107 τὸ
1484 2055 1598 2124 φῶς
1633 2056 1767 2125 πρὸς

198 2149 264 2202 τὸ
320 2149 451 2217 φῶς.
494 2146 698 2200 Οὐκοῦν
737 2147 811 2209 ὡς
857 2146 1105 2199 οὑδέποτε
1152 2145 1360 2216 μεθέξει
1413 2146 1510 2217 τῆς
1543 2148 1769 2215 ἁγεννη-

200 2243 329 2305 σίας
355 2240 461 2311 (15)
484 2242 511 2292 ὁ
530 2239 801 2311 γεννητὸς,
827 2239 996 2303 οὕτως
1024 2240 1274 2293 οὐδέποτε
1298 2238 1447 2310 αύτῷ
1476 2238 1568 2292 τοῦ
1594 2240 1767 2307 φωτὸς

199 2330 537 2401 μεταδώσεις
569 2331 701 2401 (14).
752 2333 859 2384 Καὶ
892 2332 1065 2398 ἔσται,
1103 2334 1242 2386 κατά
1285 2330 1365 2395 σὲ,
1412 2334 1445 2402 ἡ
1474 2332 1626 2384 οὐσία
1674 2330 1767 2383 τοῦ

197 2422 541 2489 Μονογενοῦς
587 2423 698 2476 ἴσον
737 2424 1011 2494 ἀπέχουσα
1048 2424 1141 2478 τοῦ
1174 2442 1236 2493 γε
1284 2424 1571 2494 ἀγέννητος
1609 2421 1767 2484 εἶναι,

196 2512 305 2565 καὶ
332 2512 425 2566 τοῦ
459 2514 573 2583 φῶς
602 2515 834 2568 νοεῖσθαι
864 2517 955 2569 καὶ
978 2515 1355 2584 ὀνομάζεσθαι.
1399 2516 1555 2568 Ἀλλά
1595 2516 1770 2568 Ἰωάν-

196 2625 305 2676 νης
351 2608 446 2677 μὲν
478 2611 541 2678 τῇ
581 2607 957 2678 μεγαλοφωνίᾳ
1003 2606 1095 2659 τοῦ
1145 2605 1457 2676 Πνεύματος
1486 2607 1655 2677 ἐμϐοᾷ
1690 2624 1767 2659 σοι

196 2699 379 2767 λέγων
404 2715 417 2727 °
450 2696 556 2753 Ἦν
590 2701 654 2751 τὸ
689 2697 811 2766 φῶς
850 2697 915 2749 τὸ
945 2698 1260 2764 ἀληθινόν·
1292 2698 1373 2751 σοὶ
1405 2698 1462 2751 δὲ
1502 2700 1599 2751 οὐκ
1625 2699 1769 2750 ἐστιν

194 2783 322 2843 ὦτα
358 2790 448 2843 τοῦ
498 2789 733 2850 ἀκούειν,
773 2790 890 2841 ούῖὲ
940 2790 1131 2861 καρδία
1173 2790 1266 2843 τοῦ
1310 2791 1543 2844 συνιέναι
1636 2789 1769 2842 ἀλλά

200 2882 346 2951 πρὸς
382 2882 477 2951 τὴν
516 2879 803 2933 ἀντίπαλον
855 2882 1036 2951 φύσιν,
1096 2883 1187 2935 καὶ
1240 2882 1651 2952 άσυνύπαρκτον
1693 2880 1770 2950 τῷ

197 2974 347 3041 φωτὶ
389 2975 485 3045 τὴν
534 2975 719 3027 οὐσίαν
770 2975 863 3028 τοῦ
895 2974 1249 3042 Μονογενοῦς,
1294 2976 1406 3036 τοῖς
1446 2974 1769 3044 σοφίσμασιν

200 3065 550 3127 ἀπελαύνεις.
587 3068 659 3120 Ού
704 3066 810 3135 γὰρ
855 3067 917 3137 δὴ
963 3069 1136 3119 ἐκεῖνο
1184 3065 1401 3136 ἰσχυρὸν
1448 3066 1559 3135 (i5)
1605 3068 1767 3139 ὲρεῖς,
1798 3107 1838 3161 C

194 3161 290 3210 ὅτι
344 3158 437 3210 καὶ
482 3157 570 3208 ἐπὶ
602 3156 695 3209 τοῦ
743 3156 1076 3224 Μονογενούς
1117 3157 1212 3229 τὴν
1264 3160 1632 3231 προσηγορίαν
1676 3161 1765 3213 τοῦ

195 3251 383 3318 φωτὸς
420 3250 517 3301 οὐκ
551 3248 787 3316 ἀφείλου.
826 3250 898 3302 Οὐ
937 3248 1044 3321 γάρ
1075 3251 1130 3301 ὲν
1159 3250 1315 3321 ψόφῳ
1341 3251 1522 3320 ἀέρος,
1563 3252 1675 3305 ἀλλ’
1711 3254 1768 3305 ὲν

193 3344 270 3411 τῇ
300 3339 520 3408 δυνάμει
548 3339 653 3392 τῶν
692 3342 1098 3412 σημαινομένων
1130 3343 1191 3395 τὸ
1216 3343 1455 3406 εὐσεϐές.
1502 3344 1558 3396 '0
1590 3344 1644 3396 δὲ
1672 3344 1770 3396 ούκ

196 3432 303 3485 ἐπὶ
343 3428 547 3483 τούτων
582 3431 710 3503 ἔστη
753 3432 885 3503 (16),
927 3433 1059 3486 ἀλλά
1090 3436 1182 3486 καὶ
1222 3436 1321 3505 τὴν
1352 3436 1495 3505 ζωὴν
1546 3436 1637 3487 καὶ
1671 3436 1768 3505 τὴν

193 3523 431 3591 δύναμιν
470 3522 547 3593 τῷ
582 3525 730 3596 οὐτῷ
771 3525 952 3597 μέτρῳ
978 3526 1074 3594 τῆς
1104 3528 1181 3588 είς
1214 3528 1453 3580 ἐναντίον
1484 3528 1592 3597 (l7)
1634 3528 1767 3580 ἀπο-

198 3613 447 3676 στάσεως
498 3618 810 3684 συνεπάγει,
859 3615 1057 3669 εἰπών’
1092 3618 1253 3671 Ὅσον
1298 3618 1675 3689 παρήλλακται
1710 3619 1770 3671 τὸ

197 3704 461 3773 γεννητὸν
499 3708 634 3775 πρὸς
671 3707 732 3760 τὸ
769 3707 1079 3777 ἀγέννητον,
1110 3708 1357 3762 τοσοῦτον
1387 3710 1598 3780 ἀνάγκη
1626 3728 1767 3781 παρ-

197 3794 470 3867 ηλλάχθαι
520 3800 579 3850 τὸ
630 3800 742 3867 φῶς
775 3799 909 3871 πρὸς
946 3802 1005 3854 τὸ
1037 3803 1170 3868 φῶς,
1216 3806 1307 3855 καὶ
1337 3804 1432 3874 τὴν
1463 3805 1605 3875 ζωὴν
1637 3806 1771 3874 πρὸς

199 3888 307 3957 τὴν
332 3887 495 3960 ζωὴν,
521 3893 615 3945 καὶ
634 3891 729 3961 τὴν
758 3892 983 3963 δύναμιν
1009 3894 1141 3964 πρὸς
1162 3895 1259 3962 τὴν
1285 3894 1532 3963 δύναμιν.
1564 3896 1771 3950 Οὐκοῦν

198 3979 329 4035 οὔτε
357 3980 487 4053 ζωὴ,
512 3986 650 4039 κατά
680 3986 759 4049 σὲ,
788 3984 907 4038 οὕτε
935 3985 1158 4055 δύναμις
1188 3986 1215 4037 ὁ
1245 3986 1571 4057 Μονογενής.
1614 3987 1771 4041 ’Λλλά

202 4076 542 4146 παραγράφῃ
594 4078 688 4146 μὲν
730 4079 890 4131 αὑτὸν
922 4079 1009 4131 τὸν
1062 4079 1263 4149 Κύριον
1312 4076 1569 4147 λέγοντω
1636 4080 1773 4149 Ἐγώ

192 4169 323 4236 ειμι
377 4168 415 4233 ’ἡ
453 4164 597 4233 ζωήο
637 4171 970 4244 παραγράφῃ
1017 4171 1071 4223 δὲ
1115 4170 1323 4224 Παῦλον
1387 4172 1478 4225 τὸν
1518 4171 1770 4226 εἰπόνταο

199 4261 452 4330 Χριστὸς
484 4259 629 4316 Θεοῦ
649 4261 915 4331 δύναμις.
955 4265 1018 4315 "A
1045 4264 1151 4333 γὰρ
1182 4266 1238 4315 ἐν
1260 4267 1371 4327 τοῖς
1394 4266 1617 4319 κατόπιν
1641 4266 1775 4319 ἐδεί-

200 4372 391 4418 κνυτο,
418 4355 586 4411 ταῦτα
615 4359 706 4412 καὶ
732 4360 841 4420 τοῖς
866 4356 959 4409 νῦν
986 4359 1302 4429 ἐφαρμόσει.
1334 4358 1469 4413 Ούτε
1497 4360 1604 4431 γὰρ
1628 4361 1771 4433 ζωὴν

199 4444 329 4497 οὔτε
356 4445 579 4516 δύναμιν
609 4452 674 4517 τῇ
695 4450 804 4519 ζωῇ
833 4450 923 4503 καὶ
947 4451 1007 4519 τῇ
1031 4449 1255 4518 δυνάμει
1282 4452 1615 4505 ἀντικεῖσθαι
1638 4452 1767 4523 φαίη

1875 4454 2155 4521 quisquam
2203 4454 2399 4509 dixerit

202 4554 289 4599 τις
322 4536 414 4591 ἄν’
450 4539 585 4591 ἀλλά
619 4541 841 4594 θάνατον
886 4544 977 4595 καὶ
1016 4542 1314 4611 ἀδυναμίαν
1359 4544 1455 4614 τὴν
1502 4545 1769 4598 τελεωτά-

200 4647 306 4699 την
348 4632 457 4703 (18)
496 4633 763 4687 ἀντίθεσιν
799 4634 1121 4707 ἐκπληροῦν.
1151 4638 1324 4706 "Amp
1351 4632 1519 4702 οὗτος,
1553 4641 1607 4691 ὲν
1640 4656 1774 4691 παν-

277 4815 318 4846 ⁹¹
343 4812 499 4869 Joan.
536 4819 653 4885 t,9.
726 4817 940 4873 "Joan.
980 4837 1088 4887 stv,
1116 4820 1169 4875 6.
1245 4819 1329 4873 "l
1369 4817 1493 4874 Cor.
1531 4836 1566 4883 I,
1600 4819 1690 4871 Ἡ.

201 4980 428 5052 quidem
449 4979 656 5052 optime
682 4983 948 5052 colligitur
980 4996 1102 5035 eum
1142 4984 1321 5037 vivere
1366 5003 1377 5037 :
1421 4984 1513 5037 sed
1546 4982 1587 5035 si
1620 4983 1765 5050 quis-

205 5054 350 5119 piam
401 5051 614 5111 dormit,
649 5051 775 5106 hinc
818 5051 1073 5107 concludi
1104 5067 1205 5104 non
1238 5062 1413 5119 potest
1466 5069 1586 5107 eum
1624 5070 1763 5106 mor-

206 5132 359 5191 tuum
393 5135 530 5175 esse.
559 5120 720 5186 Cujus
746 5124 817 5175 rei
844 5124 955 5177 lucc
988 5132 1068 5176 est
1099 5138 1257 5177 causa
1281 5162 1296 5187 ,
1337 5125 1500 5191 quod,
1536 5138 1590 5176 ut
1620 5123 1767 5176 Basi-

205 5189 264 5241 li'i
316 5191 494 5247 verbis
545 5203 685 5257 utar,
715 5207 857 5244 mors
877 5204 926 5245 et
954 5209 1173 5247 sonmus
1204 5209 1307 5246 non
1352 5189 1460 5246 sint
1493 5196 1763 5247 contraria

200 5257 503 5332 ῂγούμενα,
548 5263 648 5316 hoc
675 5271 778 5325 est,
813 5263 1140 5330 principalia.
1169 5262 1456 5325 C:eterum,
1490 5266 1532 5317 si
1559 5266 1683 5332 quid
1710 5266 1764 5317 in

205 5329 291 5381 bis
321 5332 505 5383 subest
531 5329 896 5395 obscuritatis,
929 5350 1031 5385 non
1061 5336 1242 5388 statim
1276 5334 1389 5397 ejus
1438 5335 1554 5387 vitii
1579 5329 1767 5390 iaccu-

202 5411 381 5452 satum
424 5401 541 5453 volo
573 5401 827 5455 Basilium
869 5418 883 5453 :
938 5405 1031 5454 sed
1096 5406 1273 5472 potius
1304 5404 1646 5463 Ettuomium.
1680 5405 1764 5457 cui

202 5472 437 5542 obscura
474 5474 791 5537 proponenti
830 5487 930 5524 non
958 5478 1127 5539 potuit
1154 5475 1379 5527 Basilius
1412 5478 1761 5542 respondere,

198 5541 335 5609 quin
369 5550 424 5593 et
447 5542 557 5606 ipse
578 5543 839 5595 obscurus
866 5559 982 5595 esse
1015 5544 1305 5597 videretur.

274 5608 390 5677 (ιε)
420 5612 633 5680 Antiqui
673 5614 777 5667 duo
809 5614 929 5667 libri
962 5612 1039 5681 τῷ
1064 5612 1378 5682 τεθνηκέναι
1402 5614 1461 5666 τὸ
1499 5615 1761 5687 ἀναίσθη-

196 5694 295 5729 την

275 5748 386 5817 (l5)
406 5750 914 5829 Τῆςάγεινησίας,
937 5756 1356 5829 ingenerqtionis,
1383 5757 1481 5810 boc
1504 5766 1618 5829 est,
1645 5774 1763 5829 prae

188 5826 441 5876 twn-latis
490 5826 623 5885 ejus,
663 5841 763 5878 qua
817 5827 939 5880 quid
1001 5827 1283 5891 ingenitum
1331 5838 1424 5879 est.
1485 5828 1619 5881 Sunt
1672 5828 1762 5896 qui

1872 1873 1979 1925 noli
2023 1872 2350 1939 impietatem
2385 1884 2601 1938 negare.
2635 1869 2729 1923 Est
2759 1869 2904 1921 enim
2940 1868 3273 1936 blasphemia
3304 1880 3425 1933 tua,

1869 1965 1958 2034 qui
1993 1964 2172 2017 dixisti
2202 1981 2216 2017 :
2268 1962 2534 2028 Quantum
2579 1960 2753 2013 (ἥσει-ι
2783 1962 3020 2030 genitum
3052 1963 3117 2015 ab
3149 1963 3385 2032 ingenito
3407 2004 3422 2024 ,

1869 2067 2078 2110 tantum
2124 2071 2345 2109 necesse
2389 2064 2469 2107 est
2506 2055 2677 2107 lucem
2721 2069 2747 2105 a
2785 2054 2904 2107 luce
2952 2054 3189 2109 diﬂerre.
3249 2056 3429 2121 Qnaro

1867 2149 2321 2217 quemadmodum
2355 2148 2444 2217 qui
2478 2149 2689 2216 genitus
2720 2156 2797 2201 est
2821 2189 2836 2214 ,
2873 2162 3150 2216 nunquam
3204 2149 3428 2218 ingene-

1870 2242 2093 2295 rationis
2132 2243 2236 2295 erit
2269 2242 2535 2311 Particeps
2576 2259 2588 2294 :
2632 2241 2707 2295 sic
2758 2256 2879 2294 eum
2921 2239 3055 2293 lucis
3108 2243 3425 2312 participem

1873 2350 2144 2401 nnnquam
2187 2332 2373 2389 facies.
2406 2336 2580 2400 Atque
2612 2331 2879 2401 Uuigeniti
2905 2334 3203 2386 substantia
3240 2348 3303 2387 ex
3338 2343 3425 2387 tua

1870 2428 2136 2479 sententia
2175 2438 2327 2491 :equc
2360 2423 2533 2475 aberit
2560 2424 2627 2476 ab
2658 2438 2721 2476 eo
2763 2431 2819 2473 ut
2856 2422 3092 2489 ingenita
3118 2422 3217 2483 sit,
3256 2432 3427 2489 atque

1870 2515 2020 2569 abest
2055 2516 2121 2569 ab
2149 2529 2213 2567 eo
2251 2522 2309 2567 ut
2348 2514 2435 2567 lux
2485 2529 2603 2567 esse
2635 2512 2980 2583 intelligatur,
3016 2524 3069 2568 et
3099 2514 3423 2568 nominetur.

1869 2608 1940 2661 At
1976 2607 2213 2663 Joannes
2248 2623 2437 2676 magna
2471 2608 2701 2675 Spiritus
2742 2622 2873 2661 voce
2908 2607 3163 2660 inclamat
3195 2606 3313 2672 tibi,
3346 2605 3428 2660 di-

1869 2718 1998 2757 cens
2032 2718 2046 2755 :
2086 2699 2215 2753 Erat
2247 2704 2337 2753 tua:
2372 2716 2489 2752 rera
2514 2700 2578 2751 ⁹¹.
2620 2698 2736 2751 Tibi
2767 2709 2942 2752 tamen
2972 2712 3128 2752 aures
3165 2715 3267 2753 non
3301 2708 3427 2753 sunt

1872 2793 1934 2846 ad
1957 2793 2302 2855 audiendum,
2327 2804 2498 2857 neque
2523 2803 2617 2843 cor
2639 2788 2708 2842 ad
2736 2788 3159 2858 intelligendum.
3190 2788 3298 2842 lmo
3326 2790 3430 2842 tuis

1872 2884 2300 2938 cavillationibus
2370 2882 2637 2951 Uuigeniti
2690 2883 3046 2936 substantiam
3092 2880 3158 2935 ad
3205 2891 3423 2935 contra-

1875 2980 2007 3032 riam
2046 2988 2323 3042 naturam,
2355 2990 2405 3031 et
2436 2993 2553 3046 qua:
2600 2990 2717 3029 cum
2764 2976 2882 3030 luce
2911 2990 3031 3031 esse
3064 2992 3168 3029 non
3214 2974 3385 3045 pos~it
3408 3016 3422 3037 ,

1876 3072 2137 3125 detrudis.
2186 3071 2292 3125 Nec
2338 3072 2479 3124 enim
2526 3068 2765 3139 profecto
2807 3071 3039 3124 validum
3082 3069 3210 3123 illud
3240 3071 3423 3133 dices,

1882 3165 2021 3230 quod
2052 3164 2117 3215 ab
2142 3160 2433 3230 Unigenito
2466 3161 2875 3229 appellationem
2907 3162 3038 3215 lucis
3060 3176 3163 3214 non
3193 3161 3431 3215 abstule-

1874 3255 1966 3306 ris.
2001 3252 2113 3305 Non
2145 3253 2287 3307 enim
2320 3252 2370 3305 in
2404 3266 2534 3304 sono
2564 3253 2726 3314 aeris,
2751 3253 2842 3305 sed
2873 3252 2927 3305 in
2959 3252 3010 3305 vi
3042 3267 3222 3306 rerum
3258 3254 3427 3321 signi-

1873 3348 2147 3400 ﬁcatarnm
2178 3348 2345 3415 pietas
2390 3353 2491 3399 est.
2530 3344 2626 3399 llic
2658 3361 2781 3399 vero
2823 3362 2924 3401 non
2969 3347 3021 3400 in
3066 3347 3151 3403 bis
3177 3347 3428 3417 quievit,

1871 3443 1965 3494 sed
2002 3440 2160 3494 simul
2206 3450 2260 3494 et
2299 3439 2463 3495 vitam
2518 3451 2570 3494 et
2616 3443 2907 3509 potentiam
2961 3443 3100 3497 inter
3150 3457 3208 3496 se
3243 3442 3432 3495 eadem

1871 3536 2140 3589 distantia:
2191 3550 2439 3589 mensura
2492 3536 2795 3589 contrarias
2845 3536 3080 3597 inducit,
3131 3549 3255 3588 cum
3297 3534 3373 3587 ait
3415 3551 3429 3587 :

1870 3627 2141 3694 Quantum
2179 3627 2355 3681 differt
2395 3628 2631 3695 genitum
2676 3629 2744 3678 ab
2775 3627 3033 3696 ingenito,
3080 3634 3286 3680 tantum
3333 3642 3433 3682 ne-

1873 3735 2022 3773 cesse
2048 3731 2128 3773 est
2160 3720 2331 3774 lucem
2378 3734 2405 3772 a
2444 3717 2561 3771 luce
2600 3717 2835 3782 dillerre,
2867 3731 2921 3773 et
2949 3720 3112 3773 vitam
3147 3736 3175 3773 a
3213 3722 3344 3785 vita,
3381 3730 3433 3773 et

1875 3816 2169 3883 potentiam
2198 3830 2223 3865 a
2254 3815 2513 3882 potentia.
2548 3813 2711 3883 264
2734 3814 2871 3878 Ergo
2898 3811 3211 3881 Unigenitus
3239 3830 3433 3868 secun-

1874 3908 1996 3959 dum
2029 3916 2077 3959 te
2110 3920 2207 3960 nec
2234 3906 2337 3959 vita
2370 3914 2474 3967 est,
2506 3922 2603 3958 nec
2630 3906 2889 3972 potentia.
2924 3909 2990 3959 At
3014 3906 3225 3975 Spernis
3254 3906 3435 3961 Domi-

1876 4018 1996 4051 unm
2032 4000 2224 4066 ipsum,
2254 4000 2341 4068 qui
2379 4000 2508 4053 dicit
2535 4016 2547 4052 :
2584 3996 2695 4067 Ego
2718 4016 2830 4051 sum
2857 4002 2957 4053 vita
2984 4000 3067 4067 ”;
3101 4000 3312 4069 spernis
3344 4000 3435 4053 iti-

1874 4088 1993 4142 dem
2042 4087 2289 4150 Paulum,
2325 4090 2410 4156 qui
2453 4089 2591 4141 dixit
2637 4107 2649 4141 :
2690 4086 2930 4161 Christus
2971 4090 3067 4143 Dei
3106 4092 3335 4157 polentia
3366 4090 3433 4145 ⁵⁸.

1874 4175 2005 4230 Nam
2036 4192 2369 4247 quaecunque
2407 4180 2456 4230 in
2486 4180 2855 4247 superioribus
2885 4182 3253 4235 demonstrata
3286 4193 3434 4247 sunt,

1872 4286 1932 4323 ea
1968 4272 2050 4323 bis
2082 4285 2292 4340 quoque
2320 4286 2462 4325 nunc
2487 4273 3055 4329 accommodabuntur.
3085 4274 3219 4330 Nam
3252 4293 3426 4348 neque

1877 4363 2060 4424 vitam,
2100 4376 2273 4429 neque
2307 4362 2601 4431 potentiam
2652 4366 2775 4419 vitm
2823 4382 2886 4420 ac
2937 4370 3188 4434 potentiae
3228 4373 3426 4438 uppozii

2444 4472 2456 4507 :
2514 4458 2604 4511 sed
2666 4468 2891 4513 mortem
2947 4471 2997 4513 et
3056 4460 3429 4530 impotentiam

1878 4548 2263 4615 oppositionem
2324 4550 2725 4620 integerrimam
2781 4552 3013 4622 explere.
3075 4554 3277 4621 Quibus
3348 4556 3432 4610 bic

1882 4641 2003 4707 iste,
2033 4656 2128 4710 per
2156 4640 2436 4695 verborum
2469 4644 2759 4695 versutiam
2790 4644 2966 4698 dolum
2990 4646 3293 4707 occultans,
3330 4647 3438 4703 alte

1863 4999 1997 5060 voce
2027 4985 2450 5060 innascibilitatis
2476 4990 2548 5041 uti
2588 4988 2775 5041 malint
2800 5004 2825 5060 ξε
2854 4987 2969 5060 sed,
3000 4996 3059 5042 ut
3084 4990 3257 5043 dicam
3297 4993 3436 5060 quod

1865 5056 2059 5116 sentio,
2091 5056 2142 5110 id
2176 5059 2507 5122 .vocabulnm
2557 5062 2662 5111 vim
2698 5058 2843 5113 vocis
2898 5057 3100 5115 Grzncs:
3145 5076 3248 5114 non
3307 5056 3438 5115 satis

1863 5126 2168 5193 exprimere
2208 5131 2436 5181 videtur.

1938 5194 2048 5268 (ll)
2076 5196 2212 5250 Editi
2248 5209 2299 5249 et
2331 5198 2541 5251 codices
2570 5198 2788 5268 quidam
2823 5200 3154 5251 recentiores
3189 5201 3437 5268 μεταδώε

1866 5282 1976 5338 σει.
1995 5266 2063 5317 At
2090 5270 2421 5334 antiquiores
2450 5276 2504 5317 et
2529 5267 2763 5338 melioris
2790 5278 2931 5338 nota:
2958 5266 3305 5338 μεταδώσεις.

1935 5336 2047 5406 (15)
2080 5338 2215 5391 Editi
2248 5338 2321 5399 ὡς
2356 5337 2595 5406 ισχυρὸν.
2641 5337 2833 5391 Vocula
2857 5337 2931 5401 ὡς
2959 5336 3019 5392 in
3050 5342 3440 5393 vetustioribus

1866 5424 1992 5459 mss.
2054 5409 2223 5461 deest.
2277 5410 2394 5460 Mox
2450 5410 2579 5478 Heg.
2630 5410 2848 5477 quintus
2878 5422 2931 5461 et
2982 5411 3108 5462 editi
3152 5409 3251 5461 οὐκ
3284 5411 3439 5478 ἀρεί-

1861 5478 1975 5529 λου.
2003 5480 2102 5530 Alii
2128 5481 2361 5545 quinque
2396 5494 2524 5531 is.
2559 5481 2657 5531 οὐκ
2692 5478 2915 5547 άιρείλω.

1936 5551 2045 5618 (iii)
2082 5550 2215 5601 Ειιίιι
2250 5548 2377 5619 ἔστη
2412 5550 2591 5618 μόνον.
2631 5548 2740 5603 Vox
2768 5551 2926 5619 μόνον
2964 5553 3015 5605 in
3045 5550 3247 5605 nostris
3303 5567 3432 5604 mss.

1865 5635 1967 5671 non
2002 5619 2212 5687 legitur.

1934 5688 2044 5757 (Π)
2081 5688 2227 5753 Illud,
2265 5690 2343 5753 εἰς
2368 5690 2628 5754 ἐναντίον,
2663 5693 2713 5741 in
2744 5693 2915 5745 tribus
2948 5707 3077 5746 mss.
3119 5693 3289 5745 deest.

1934 5759 2211 5823 (18)Eliti
2263 5761 2625 5830 τελειοτάτην.
2694 5761 2837 5816 Libri
2903 5776 3113 5819 veteres
3171 5761 3439 5819 τελεωτά-

1861 5846 1979 5897 την.
