4088 6318
141 363 246 415 641

1245 355 1610 411 ADVERSUS
1648 352 2011 410 EUNOMIUM
2051 350 2179 404 LIB.
2223 348 2290 402 ll.

3270 337 3378 394 ωε

144 497 308 543 σωσι,
330 478 514 533 τοῦτον
547 478 638 531 καὶ
662 479 752 532 ἐπὶ
782 478 876 546 τῆς
911 475 1002 528 τοῦ
1024 475 1314 546 ἀγεννήτου
1348 488 1712 545 προσηγοριας

1816 466 2088 522 nominum
2116 464 2448 536 significetur
2477 475 2490 511 :
2519 474 2584 512 an
2613 457 2726 511 hinc
2748 463 2896 509 extra
2917 451 3272 510 substantiam
3298 452 3380 504 in-

142 569 675 634 καταδειξασθωσαν.

220 827 312 881 50.
369 825 676 894 Ἐμπλὴσας
706 823 761 876 δὲ
792 823 878 878 τὸν
909 825 1017 896 (4'2)
1049 825 1205 890 λόγον
1243 823 1504 894 φλυαρίας
1532 824 1713 894 κενῆς,

143 919 244 971 καὶ
299 919 514 970 πάντων
549 913 682 984 ὁμοῦ
714 915 820 968 τῶν
863 917 1080 969 πώποτε
1130 914 1255 984 περὶ
1302 914 1396 986 τὴν
1433 916 1527 969 τοῦ
1582 915 1715 969 Θεοῦ

141 1011 355 1078 γνῶσιν
386 1007 750 1076 ἐσχολακότων
782 1004 1165 1075 κατεπαρθεὶς,
1192 1005 1266 1068 ὡς
1288 1007 1447 1070 αὐτὸς
1462 1008 1576 1060 ὁδόν
1599 1027 1718 1062 τινα

143 1101 346 1170 καινὴν
380 1102 470 1153 καὶ
497 1101 804 1172 πρόσφατον
835 1097 1123 1168 τετμηκὼς
1165 1098 1303 1168 πρὸς
1328 1099 1416 1151 τὸν
1460 1099 1590 1152 Θεὸν
1621 1102 1716 1168 φέ-

145 1210 377 1263 ρουσαν,
415 1194 478 1265 ἢν
501 1196 672 1255 οὐδεὶς
712 1193 819 1246 τῶν
857 1190 1137 1260 προτέρων
1165 1191 1382 1262 ἐξεῦρε,
1413 1192 1718 1244 τελευταῖον

142 1286 371 1350 ἐπάγει,
414 1287 488 1350 ὡς
535 1288 664 1356 παρ’
717 1283 887 1349 αὐτῆς
928 1280 1301 1352 δεδιδαγμένος
1330 1279 1422 1333 τοῦ
1455 1279 1587 1332 Θεοῦ
1622 1281 1720 1349 τῆς

142 1376 363 1443 οὐσίας,
398 1379 495 1447 τὴν
529 1375 669 1428 κατά
695 1371 788 1424 τοῦ
819 1371 946 1424 Υίοῦ
978 1371 1339 1445 βλασφημίαν.

221 1553 384 1603 ΕΥΝ.
408 1553 526 1602 Ὅτι
560 1550 591 1617 ἡ
623 1549 718 1617 μὲν
749 1548 1001 1621 ἀνωτέρω
1041 1548 1310 1619 βασιλείας·
1342 1550 1450 1618 (45)
1476 1551 1568 1602 καὶ
1598 1549 1724 1601 πάν-

143 1662 215 1714 τη
271 1644 539 1711 γενέσεως
589 1643 955 1706 ἀνεπίδεκτος,
1004 1641 1214 1701 τούτοις
1258 1639 1584 1692 παιδεύουσα
1625 1640 1722 1711 τὴν

149 1739 274 1807 μετ’
301 1738 510 1800 εὐνοίας
553 1737 880 1810 προσιοῦσαν
913 1738 1170 1798 διάνοιαν,
1202 1733 1437 1787 ἀπωθεῖν
1475 1733 1548 1796 ὡς
1592 1737 1723 1806 πορ-

1817 558 2114 627 telligemus
2147 557 2170 608 ?
2197 557 2584 622 Quamcunque
2625 547 2784 614 igitur
2815 546 2866 598 in
2900 555 3221 612 unoquoque
3261 539 3381 593 illo-

1819 663 1937 703 rum
1972 645 2397 716 excogitaverint
2422 641 2705 702 rationem,
2738 652 2856 692 eam
2897 648 3106 703 quoque
3138 637 3200 690 de
3234 634 3386 702 inge-

1819 737 1913 790 uiti
1944 733 2293 804 appellatione
2326 729 2615 799 accipiant.

1886 825 1974 879 50.
2017 823 2305 892 Postquam
2352 831 2529 876 autem
2582 819 2885 875 orationem
2933 813 3182 867 manibus
3228 812 3380 882 nugis

1819 917 2129 985 complevit,
2160 911 2427 980 simulque
2455 913 2714 968 adversus
2746 921 2952 967 omnes,
2994 911 3254 975 quotquot
3285 919 3384 956 un-

1819 1022 1978 1076 quam
2008 1006 2100 1061 Dei
2132 1003 2496 1072 cognitionem
2524 1001 2736 1070 assequi
2773 1000 3112 1059 studuerunt,
3137 1011 3253 1048 sese
3286 1009 3382 1046 ex-

1821 1099 1962 1162 tulit,
1994 1099 2146 1168 quasi
2187 1098 2298 1166 ipse
2322 1110 2511 1150 novam
2535 1093 2820 1164 quamdam
2851 1108 2913 1146 ac
2949 1098 3217 1146 recentem
3241 1088 3387 1143 viam

1821 1193 1885 1243 ad
1928 1192 2090 1246 Deum
2134 1189 2414 1242 ducentem
2443 1184 2742 1248 Stravisset,
2771 1198 2929 1252 quam
2955 1195 3112 1237 nemo
3149 1195 3179 1232 e
3217 1180 3386 1250 majo-

1821 1281 1969 1333 ribus
2006 1279 2290 1342 invenerit,
2330 1288 2437 1330 tum
2477 1278 2722 1339 demum,
2761 1284 3015 1344 tanquam
3050 1277 3116 1329 ab
3148 1274 3262 1346 ipsa
3293 1274 3385 1328 Dei

1821 1370 2118 1422 substantia
2148 1371 2264 1426 edet
2287 1379 2390 1435 tus,
2433 1367 2572 1420 hanc
2608 1366 2660 1420 in
2685 1367 2876 1420 Filium
2911 1367 3113 1422 inducit
3137 1367 3389 1438 blasphe-

1825 1461 1984 1514 miam
2011 1478 2022 1512 :

1895 1553 2025 1607 Eua.
2055 1551 2363 1606 Substantia
2413 1551 2627 1622 quidem
2658 1565 2776 1620 qua:
2807 1565 2968 1621 regno
2997 1553 3242 1621 superior
3279 1560 3383 1618 est,

1823 1659 2048 1715 qumque
2076 1642 2272 1696 nullam
2305 1647 2707 1714 generationem
2729 1644 2986 1707 admittit,
3018 1644 3100 1698 bis
3133 1644 3385 1698 erudiens

1829 1749 2060 1791 utentem
2092 1736 2350 1790 benevole
2373 1737 2748 1803 accedentem,
2780 1750 2898 1791 eam
2929 1736 3384 1804 comparationem

147 1832 381 1900 ῥωτὰτω
409 1832 828 1903 παρακελεύεται
851 1830 996 1899 νόμῳ
1032 1827 1241 1897 φύσεως
1254 1826 1351 1898 τὴν
1383 1825 1516 1898 πρὸς
1543 1826 1712 1895 ἕτεροι

1829 1847 1947 1903 quae
1975 1846 2092 1886 cum
2125 1831 2226 1886 alio
2261 1832 2338 1896 fit,
2372 1831 2486 1904 lege
2529 1842 2733 1889 natura:
2770 1849 2930 1904 quam
2961 1831 3273 1903 longissime
3300 1846 3382 1886 re-

148 1916 440 1989 σύγκρισιν
469 1919 599 1991 (Μ).

219 2007 373 2064 ΒΑΣ.
415 2007 560 2080 *Αρα
616 2009 735 2077 οὐχὶ
795 2008 977 2077 σαφῶς
1024 2009 1376 2070 ἐνδείκνυται,
1423 2008 1503 2060 ὅτι
1561 2006 1720 2068 αὐτὸς

145 2100 361 2171 ἠξιώθη
406 2103 503 2171 τῆς
531 2101 638 2152 τῶν
673 2102 996 2172 ἀπορρήτων
1026 2099 1440 2168 ἀποκαλύψεως,
1489 2101 1603 2169 μετ’
1629 2099 1718 2150 εὐ-

143 2195 302 2257 νοίας
346 2194 440 2264 τὴν
488 2194 722 2248 διάνοιαν
756 2192 1118 2266 προσαγαγὼν
1151 2192 1226 2263 τῷ
1261 2190 1411 2262 Θεῷ;
1465 2192 1575 2245 Kal.
1633 2192 1719 2244 διὰ

145 2287 312 2340 τοῦτο
350 2287 646 2341 ἀπωθεῖται
698 2289 772 2351 ὠς
803 2287 1136 2360 πορρωτάτω
1176 2286 1264 2339 τὸν
1299 2284 1576 2354 Μονογενῆ
1623 2285 1719 2354 τῆς

144 2381 244 2432 τοῦ
279 2382 488 2450 Πατρὸς
541 2381 842 2442 κοινωνίας,
899 2380 1030 2449 μηδὲ
1083 2379 1160 2441 είς
1222 2376 1506 2448 σύγκρισιν
1559 2375 1718 2429 αὐτὸν

145 2471 322 2533 ἀξιῶν
358 2471 464 2541 (45)
502 2469 895 2540 παραδέχεσθαι
911 2487 926 2500 ο
961 2469 1094 2521 ἀλλά
1113 2469 1204 2519 καὶ
1227 2468 1373 2538 νόμῳ
1391 2468 1600 2535 φύσεως
1622 2469 1718 2540 τὴν

145 2562 245 2616 τοῦ
280 2562 614 2632 Μονογενοῦς
646 2564 830 2616 οὐσίαν
863 2561 970 2615 ἀπὸ
1002 2561 1100 2632 τῆς
1147 2559 1239 2613 τοῦ
1287 2561 1496 2630 Πατρὸς
1539 2562 1720 2631 διωρί-

149 2657 282 2711 σθαι
327 2657 476 2728 φησί.
523 2657 586 2710 Τί
626 2657 784 2710 τοῦτο
825 2655 1028 2722 λέγων;
1059 2655 1180 2705 Ὅτι
1220 2655 1248 2705 ὁ
1282 2652 1412 2715 Θεὸς
1448 2651 1554 2704 τῶν
1584 2653 1718 2705 ὅλων

145 2751 276 2802 οὐδὲ
299 2750 612 2821 βουλόμενος
650 2751 872 2803 ἐδύνατο
903 2749 1038 2818 πρὸς
1066 2746 1162 2818 τὴν
1191 2747 1288 2817 τῆς
1316 2746 1498 2809 οὐσίας
1523 2747 1718 2799 οἰκειό-

146 2859 294 2912 τητα
325 2842 413 2894 τὸν
470 2843 750 2911 Μονογενῆ
801 2840 1248 2910 παραδέξασθαι,
1307 2841 1456 2911 νόμῳ
1507 2838 1719 2906 φύσεως

148 2930 254 2999 τῆς
281 2930 567 2999 συναφείας
589 2931 688 3000 τῆς
720 2930 855 3000 πρὸς
883 2930 1045 2983 αὐτὸν
1075 2931 1466 3002 ἐξειργόμενος,
1500 2930 1599 2982 οὐκ
1621 2927 1714 2997 ὢν,

147 3023 226 3085 ὡς
287 3022 479 3087 ἔοικεν,
542 3023 700 3085 αὐτὸς
750 3022 942 3076 ἑαυτοῦ
989 3022 1212 3096 κύριος,
1279 3021 1416 3076 ἀλλά
1463 3025 1572 3086 τοῖς
1620 3026 1718 3094 τῆς

1822 1923 2029 1995 pellere
2048 1924 2215 1992 jubet.

1891 2016 2048 2089 267
2080 2015 2203 2068 Bas.
2224 2015 2411 2070 Annon
2442 2015 2614 2084 palam
2633 2015 2886 2078 ostendit,
2913 2017 3128 2085 dignum
3155 2031 3212 2071 se
3232 2015 3385 2070 liabi.

1824 2117 1931 2161 tum
1959 2109 2124 2163 fuisse
2148 2121 2470 2162 arcanorum
2491 2106 2839 2172 revelatione,
2870 2107 3026 2161 simul
3053 2118 3110 2161 ut
3131 2107 3386 2162 benevole

1822 2197 1931 2251 Deo
1962 2210 2192 2253 mentem
2221 2199 2468 2266 adjunxit
2487 2198 2509 2250 ἲ
2530 2198 2609 2253 0b
2627 2197 2786 2267 idque
2803 2197 3140 2269 Unigenitum
3157 2215 3185 2251 a
3209 2197 3386 2252 Patris

1821 2291 2191 2343 communione
2206 2292 2413 2357 repellit
2428 2307 2583 2361 quam
2601 2291 2932 2360 longissime.
2951 2307 3069 2346 cum
3084 2308 3150 2347 ne
3166 2291 3384 2362 dignum

1820 2380 2032 2449 quidem
2048 2395 2166 2433 eum
2181 2381 2470 2448 existimet,
2487 2384 2575 2452 qui
2591 2383 2656 2437 ad
2669 2383 3117 2453 comparationem
3132 2383 3386 2438 admitta-

1821 2483 1937 2538 tur;
1977 2473 2067 2526 sed
2100 2471 2216 2539 lege
2243 2473 2407 2525 etiam
2424 2473 3020 2538 natura:,sub3'antiam
3055 2474 3322 2544 Unigeniti
3351 2490 3383 2529 α

1819 2565 2112 2620 substantia
2133 2563 2308 2618 Patris
2323 2573 2619 2634 separatam
2642 2578 2759 2619 esse
2777 2564 2937 2618 dicat.
2976 2563 3113 2631 Quid
3141 2564 3244 2618 sibi
3273 2565 3386 2618 vult

1821 2659 1942 2710 dum
1979 2660 2081 2711 hoc
2115 2657 2294 2712 dicit?
2322 2656 2474 2722 Quod
2519 2656 2657 2710 Deus
2705 2656 3101 2719 universorum,
3125 2670 3192 2710 ne
3218 2656 3262 2709 si
3293 2670 3386 2709 vo-

1821 2747 2006 2800 luisset
2029 2748 2266 2816 quidem,
2303 2747 2564 2815 potuisset
2593 2744 2938 2816 Unigenitum
2963 2745 3028 2800 ad
3063 2746 3383 2801 substantia:

1821 2839 2269 2893 necessitudinem
2325 2838 2630 2903 admittere,
2675 2853 2797 2893 eum
2846 2837 2949 2892 sibi
3006 2843 3120 2908 lege
3179 2848 3382 2893 natura:

1819 2929 2121 2999 prohibitus
2152 2930 2451 2994 admittere,
2485 2945 2630 2992 cum.
2665 2938 2724 2983 ut
2769 2931 2817 2984 ei
2849 2930 3077 2996 videtur,
3111 2932 3191 2985 sui
3218 2932 3385 2998 ipsius

1820 3037 1923 3076 non
1970 3031 2115 3076 esset
2143 3022 2408 3084 dominus,
2452 3021 2545 3075 sed
2581 3021 2918 3076 necessitatis
2961 3022 3208 3076 terminis
3252 3023 3381 3076 sub-

149 3116 400 3185 ἀνάγκης
432 3116 578 3184 ὅροις
606 3115 1006 3187 ὐπεζευγμένος
1033 3115 1162 3186 (46).
1199 3115 1433 3168 Τοιαῦτα
1468 3116 1576 3186 γάρ
1605 3118 1712 3167 ἐστι

1815 3112 2009 3181 jectus.
2039 3110 2349 3185 Hujusmodi
2375 3111 2516 3165 enim
2547 3120 2690 3176 sunt,
2711 3126 2830 3180 qua:
2859 3119 3064 3165 natura:
3093 3110 3206 3182 lege
3232 3126 3382 3166 com-

148 3207 220 3258 τὰ
247 3206 326 3277 τῷ
354 3207 454 3277 τῆς
483 3208 691 3276 φύσεως
721 3210 868 3277 νόμῳ
891 3207 1321 3278 κατειλημμένα,
1348 3207 1719 3277 ἀπροαιρέτως

149 3302 231 3363 είς
259 3301 319 3352 τὸ
446 3300 602 3370 φύσει
628 3300 814 3353 δοκοῦν
841 3300 1178 3369 ὐπαγὸμενα.
1229 3299 1312 3361 Ὠς
1341 3298 1449 3368 γάρ
1483 3297 1559 3366 τῷ
1589 3297 1721 3369 πυρὶ

150 3392 314 3459 φύσει
346 3395 405 3445 τὸ
437 3394 765 3464 θερμαίνειν,
816 3393 876 3445 οὐ
913 3391 1251 3463 προαιρέσει,
1285 3392 1378 3443 καὶ
1409 3390 1722 3458 ἀναγκαίως

147 3485 498 3538 ἀνεπίδεκτον
531 3488 642 3538 ἐστι
671 3487 768 3556 τῆς
818 3484 1175 3556 ψυχρότητος,
1229 3482 1305 3554 τῷ
1355 3484 1451 3554 τῆς
1507 3483 1720 3552 φύσεως

148 3576 302 3645 νόμῳ
317 3577 413 3645 τὴν
444 3577 577 3645 πρὸς
593 3577 722 3630 αὐτὸ
744 3577 852 3645 (47)
879 3576 1161 3628 κοινωνίαν
1188 3576 1557 3646 ἀφῃρημένον·
1582 3574 1722 3628 οὔτω

151 3667 402 3738 βούλεται
460 3669 554 3720 καὶ
603 3669 690 3721 τὸν
728 3668 858 3720 Θεὸν
909 3672 1005 3719 καὶ
1038 3667 1258 3738 Πατέρα
1314 3668 1461 3738 νόμῳ
1506 3669 1718 3736 φύσεως

148 3760 587 3830 ἡλλοτριωμένην
620 3760 762 3830 ἔχειν
792 3761 925 3830 πρὸς
952 3759 1042 3811 τὸν
1072 3759 1197 3810 Υίὸν
1218 3760 1314 3830 τὴν
1343 3760 1548 3812 οὐσίαν.
1581 3760 1718 3812 Καί-

219 3983 339 4055 (42)
373 3985 524 4055 _Editi
571 3981 884 4055 Ἐμπλήσας
923 3983 1016 4035 καὶ
1062 3984 1170 4036 τόν.
1204 3983 1272 4036 Αι
1303 3998 1431 4038 mss.
1477 3984 1712 4051 quinque

219 4001 339 4051 (42)
376 4001 508 4037 natu
576 4001 627 4036 ι
677 4001 696 4034 1

161 4050 482 4123 Ἐμπλῆσας
509 4053 566 4106 δὲ
585 4001 696 4105 τύῦ.

220 4121 504 4194 (45)Εάὶιὶ
560 4123 729 4175 Paris.
753 4122 937 4194 Ὄτιή
991 4123 1087 4192 μὲν
1141 4122 1396 4194 ἀνωτέρω
1446 4121 1710 4194 βασιλεία.

150 4190 322 4249 Unde
350 4193 663 4257 interpres:
726 4190 1192 4259 εωιεειέτεςηυηι.
1248 4190 1425 4245 Editio
1479 4190 1610 4243 Ven.
1659 4203 1713 4243 et

147 4265 303 4317 Coll).
333 4278 451 4314 eum
484 4262 603 4315 aliis
635 4262 867 4330 quinque
903 4261 1082 4328 Iiegiis
1111 4262 1234 4313 ’Ότι
1268 4262 1300 4329 ἡ
1332 4260 1429 4331 μὲν
1453 4260 1710 4331 ἀνωτέρω

150 4332 452 4402 βασιλείας,
495 4341 546 4402 ει
582 4333 655 4385 ita
691 4331 1126 4402 quoquelegitnr
1175 4332 1226 4384 in
1266 4331 1380 4398 ipso
1404 4346 1574 4402 ropere
1612 4334 1714 4382 lcu-

149 4401 339 4457 itontii.
369 4403 469 4467 Qui
509 4401 656 4456 locus
687 4411 744 4453 ut
776 4401 1125 4468 intelligatur,
1159 4417 1255 4454 vox
1290 4401 1449 4453 οὐσία
1472 4402 1714 4467 suppleu-

148 4475 216 4535 tla
246 4481 349 4535 est,
390 4474 501 4542 ιιοε
547 4472 703 4525 modo
743 4487 758 4523 :
803 4469 867 4520 'H
897 4471 992 4541 μὲν
1047 4472 1202 4524 οὐσία
1253 4471 1508 4542 ἀνωτέρω
1559 4471 1709 4540 βασι-

1821 3203 2110 3273 prehensa,
2155 3204 2291 3257 citra
2326 3203 2652 3258 voluntatem
2691 3203 2756 3256 ad
2790 3203 2841 3257 id
2884 3204 3024 3273 quod
3067 3213 3272 3257 naturze
3299 3203 3382 3256 vi-

1819 3312 1934 3352 sum
1970 3297 2150 3363 fuerit,
2174 3299 2555 3368 perducuntur.
2580 3295 3038 3363 Quemadmodum
3069 3295 3212 3349 enim
3245 3296 3382 3366 ignis

1819 3403 2008 3447 natura
2040 3406 2145 3444 non
2187 3390 2459 3448 voluntate
2501 3388 2778 3452 calefacit,
2810 3397 2863 3442 et
2901 3389 3202 3442 necessario
3230 3387 3382 3456 frigi-

1817 3485 2041 3540 ditatem
2086 3483 2317 3552 respuit,
2353 3483 2468 3551 lege
2509 3493 2713 3535 natura:
2759 3480 3012 3535 societate
3054 3480 3168 3550 ejus
3201 3479 3382 3549 priva-

1816 3588 1940 3632 tus:
1968 3577 2046 3630 sic
2089 3576 2202 3628 vult
2253 3575 2414 3627 Deum
2455 3581 2508 3627 et
2545 3573 2755 3627 Patrem
2786 3572 2900 3643 lege
2950 3582 3154 3626 naturae
3185 3572 3383 3627 habere

1823 3667 2050 3721 alienam
2075 3681 2104 3718 a
2134 3665 2270 3719 Filio
2300 3664 2671 3719 substantiam.
2703 3665 2818 3718 Jam
2844 3679 2967 3718 vero
2996 3673 3201 3717 natura:
3234 3662 3382 3730 leges

1827 3776 1930 3815 non
1963 3770 2200 3813 mutuam
2231 3759 2368 3812 inter
2399 3756 2610 3812 Patrem
2639 3767 2691 3811 et
2714 3755 2903 3810 Filium
2926 3756 3264 3819 distantiam,
3285 3754 3380 3809 sed

1807 3980 2311 4052 gabat‘Eunomius.
2333 3977 2432 4029 Alii
2471 3992 2563 4029 sex
2588 3975 2706 4030 libri
2734 3983 2940 4052 veteres
2971 3972 3252 4052 emendate
3277 3972 3377 4046 τὴν

1807 4045 1943 4120 ξερδς
1964 4050 2147 4122 ἕτερον
2176 4048 2480 4122 σιξγκριαιν,
2512 4047 2950 4122 comparationem
2981 4060 3096 4098 cum
3149 4045 3292 4122 alie;
3320 4045 3375 4099 ει

1812 4115 1884 4173 ita
1917 4115 2132 4186 quoque
2171 4115 2342 4170 edidit
2389 4118 2548 4171 homo
2607 4117 2850 4170 doctrina
2893 4115 3369 4181 prastantissimus

1807 4188 1891 4245 Jo.
1912 4190 2164 4242 Albertus
2197 4186 2498 4240 Fabricius.

1884 4259 1994 4329 (45)
2032 4259 2096 4329 Ει
2126 4259 2213 4329 hic
2269 4270 2502 4329 quoque
2532 4254 2931 4329 lleg._quint_us
2960 4263 3015 4329 et
3045 4254 3187 4329 _editi
3245 4269 3372 4329 _cor-

1809 4323 2120 4398 ιἰιῂιεμηδὲ
2145 4323 2429 4397 σύγκρισιν
2445 4323 2828 4398 αὐτῶνάξιῶν.
2859 4324 3011 4398 Unde
3036 4323 3326 4398 Cornarius
3354 4339 3372 4398 ς

1811 4394 1972 4467 neque
1990 4394 2438 4465 comparationem
2478 4397 2708 4465 ipsorum
2741 4395 3016 4467 admittere
3045 4395 3237 4467 volens.
3266 4394 3374 4467 Sed

1812 4463 1895 4521 in'
1925 4463 2145 4537 reliquis
2192 4483 2284 4519 sex
2338 4483 2466 4537 mss.
2498 4463 2806 4537 emendate
2867 4464 3058 4537 legitur
3114 4463 3247 4534 μηδὲ
3294 4466 3377 4529 είς

147 4528 345 4606 λείας,’
377 4539 682 4594 Substantia
731 4555 846 4610 qua:
895 4528 1048 4608 iegno
1078 4543 1316 4610 superior
1348 4528 1445 4603 est:
1477 4528 1578 4594 hoc
1601 4554 1702 4605 est,

1815 4528 2092 4610 σύγκρισιν
2123 4538 2283 4591 αὐτὸν
2312 4536 2494 4610 ἀξιῶν,
2527 4553 2588 4588 ne
2646 4535 2713 4588 ad
2768 4528 3204 4601 comparationem
3257 4528 3374 4602 qui;

147 4612 443 4666 substantia
468 4627 585 4679 qua:
616 4610 930 4664 transcendit
963 4613 1016 4662 id
1051 4619 1269 4678 tempus,
1310 4629 1410 4674 quo
1441 4611 1574 4664 Deus
1603 4628 1700 4665 rae-

149 4684 225 4749 pit
257 4681 545 4735 dominium
575 4681 627 4732 in
657 4691 923 4733 creaturas
954 4679 1178 4744 habere;
1224 4697 1328 4733 uno
1362 4681 1545 4744 verbo,
1577 4686 1702 4735 sub-

148 4752 346 4804 stantia
396 4762 612 4804 wtema.
666 4750 835 4815 Quam
893 4750 1210 4816 scripturam
1251 4765 1430 4802 veram
1480 4766 1598 4806 esse
1652 4760 1705 4803 et

149 4821 492 4873 emendatam
537 4819 693 4873 facile
724 4818 995 4881 fatebitur,
1033 4820 1124 4888 qui
1159 4819 1315 4886 paulo
1339 4821 1595 4872 attentius
1639 4821 1706 4872 le-

151 4892 292 4952 gerit
325 4891 408 4942 illa
437 4905 553 4957 qua
584 4899 845 4959 prreennt,
879 4888 1056 4941 Basilii
1086 4890 1266 4959 verba,
1292 4889 1365 4950 ὼς
1393 4890 1521 4959 παρ’
1536 4889 1706 4958 αὐτῆς

149 4959 522 5029 δεδιδαγμένος
567 4959 660 5012 τοῦ
717 4957 1004 5029 Θεοῦᾼτῆς
1054 4958 1264 5021 οὐσίας,
1310 4957 1559 5025 quasi—ab
1593 4957 1706 5028 ipsa

150 5030 250 5083 Dei
277 5027 565 5084 substantia
593 5032 824 5082 edoctus.
859 5027 968 5082 Hoc
1003 5031 1115 5095 ipso
1160 5030 1210 5082 in
1245 5030 1360 5082 loco
1416 5029 1546 5094 editi
1592 5046 1707 5098 γεν-

149 5102 380 5170 νήσεως.
420 5100 636 5166 Antiqui
700 5099 816 5151 libri
856 5098 1122 5170 γενέσεως
1156 5098 1360 5170 :iquod
1398 5109 1706 5170 _utrumque

152 5168 256 5223 dici
298 5183 453 5238 posse
500 5181 641 5238 puto,
680 5185 797 5222 cum
854 5169 1144 5223 allirmaret
1185 5168 1481 5222 Ennomius
1536 5170 1705 5223 Deum

152 5241 524 5294 universorum
559 5239 716 5291 talem
773 5253 889 5293 esse
933 5249 1144 5306 natura,
1170 5249 1226 5293 ut
1265 5252 1362 5293 nec
1415 5238 1555 5308 gigni
1608 5254 1706 5293 nec

152 5311 373 5378 gignere
405 5319 600 5378 posset.

221 5379 334 5451 (44)
370 5379 498 5448 Reg.
534 5379 752 5448 quintus
781 5391 836 5434 et
877 5380 1001 5434 editi
1029 5379 1126 5449 τὴν
1158 5378 1428 5451 προτέραν
1474 5378 1700 5447 σύγκρι-

154 5467 255 5503 σιν.
320 5448 582 5516 Iuterpres
635 5448 1092 5516 comparationem
1124 5448 1346 5518 priorem
1381 5463 1398 5500 :
1432 5463 1594 5516 quant
1651 5459 1704 5502 et

153 5521 474 5586 scripturam
492 5531 543 5571 et
569 5520 1062 5586 interpretationem
1088 5535 1262 5583 nemo,
1297 5520 1510 5585 opinor,
1545 5518 1703 5572 hamo

154 5591 417 5656 probabit.
453 5588 680 5653 Etenim,
741 5593 784 5642 si
835 5588 999 5644 semel
1054 5590 1381 5658 reciperetur
1439 5587 1702 5654 ejusmodi

154 5663 437 5724 scriptura,
475 5669 567 5711 aut
615 5659 1012 5727 interpretatio,
1055 5658 1226 5726 palam
1285 5661 1408 5712 inde
1444 5671 1702 5726 sequere-

157 5738 240 5781 tur
269 5729 435 5782 Deum
468 5730 835 5781 universorum
892 5729 1075 5782 saltem
1099 5729 1443 5795 posteriorem
1467 5728 1703 5796 aliquam

154 5800 606 5868 comparationem
661 5799 938 5853 admisisse
970 5815 982 5850 :
1011 5799 1152 5864 quod
1206 5811 1272 5852 ex
1307 5812 1459 5869 siquo
1507 5811 1699 5867 perne-

469 5896 734 5958 PATnOL.
783 5896 895 5958 Gn.
947 5893 1184 5956 XXIX.

1810 4612 1924 4664 dem
1951 4609 2066 4662 eum
2094 4611 2366 4662 admittere
2397 4609 2662 4675 dignatus.

1876 4680 1987 4748 (46)
2017 4680 2156 4732 Editi
2207 4689 2263 4748 et
2306 4677 2436 4748 Reg.
2456 4672 2706 4742 'quintus
2752 4672 3235 4742 ὑποζευγνύμενος.
3264 4674 3373 4728 Alii

1805 4765 1896 4805 sex
1933 4746 2060 4802 mss.
2093 4746 2521 4814 ὑπεζευγμένος.

1878 4818 1992 4887 (47)
2019 4818 2198 4872 Codex
2227 4816 2380 4887 Colb.
2404 4825 2457 4871 et
2487 4818 2614 4887 lteg.
2643 4815 2912 4887 secundus
2946 4815 3168 4887 perinde
3210 4824 3382 4881 atque,

1807 4885 1935 4942 editi
1964 4885 2060 4957 τὴν
2082 4887 2216 4958 πρὸς
2239 4886 2388 4948 αὐτό,
2408 4896 2468 4958 et
2484 4886 2563 4958 ita
2614 4899 2859 4958 quoque_
2874 4885 3056 4958 habuit
3095 4887 3236 4958 _lteg._
3266 4893 3376 4958 ter-

1811 4959 1916 5012 tius
1956 4954 2136 5026 prima
2168 4973 2350 5010 manu.
2392 4956 2494 5008 Alii
2531 4969 2640 5009 tres
2669 4971 2796 5008 mss.
2830 4955 2981 5025 Regii
3013 4955 3150 5026 πρὸς
3182 4954 3374 5026 αὐτὴν,

1806 5025 2124 5098 ψυχρότητα
2159 5027 2431 5098 videlicet.
2469 5027 2620 5090 Quod
2646 5028 2901 5098 optimum
2931 5041 3051 5080 esse
3089 5025 3278 5087 fateor,
3323 5025 3376 5098 si

1811 5097 1999 5152 res'ex
2053 5097 2528 5164 grammaticorum
2566 5097 2763 5166 regulis
2788 5097 3107 5156 tnstimetur,
3134 5111 3274 5166 Acum
3307 5097 3376 5148 de

1809 5169 2102 5236 frigiditate
2153 5181 2455 5223 sermonem
2501 5164 2684 5220 haberi
2734 5175 2965 5219 conStet.
3020 5164 3146 5220 Mihi
3196 5176 3373 5236 tamen

1808 5234 2027 5291 dubium
2085 5254 2190 5292 non
2227 5246 2330 5296 est.
2357 5238 2481 5305 quin
2517 5237 2743 5290 Basilius
2797 5237 3078 5302 scripserit
3111 5234 3263 5295 αὐτό,
3316 5244 3377 5305 ut

1808 5309 2005 5361 vitaret
2033 5304 2460 5375 ambiguitatem,
2499 5322 2563 5359 ne
2589 5305 2836 5360 videlicet
2860 5309 2976 5359 duae
2999 5307 3078 5361 ha:
3100 5320 3259 5360 voces
3279 5304 3379 5356 αὐ-

1807 5377 1903 5448 τὴν
1940 5378 2220 5430 κοινωνίαν
2252 5393 2280 5429 a
2313 5377 2691 5444 praepositione
2721 5375 2857 5448 πρός
2896 5378 3006 5448 _regi
3036 5377 3372 5448 viderentur,

1808 5444 1923 5499 cum
1954 5449 2064 5515 ipsa
2087 5449 2352 5501 societate.
2393 5448 2469 5499 Ita
2504 5455 2678 5498 tamen
2732 5446 2873 5499 hunc
2896 5444 3068 5499 locum
3105 5446 3376 5515 interpreo

1811 5517 1912 5570 tari
1944 5519 2210 5586 convenit,
2248 5527 2305 5568 ut
2359 5515 2672 5584 suppleatur
2718 5517 2950 5586 πρᾶγμα
2972 5516 3072 5586 τῆς
3101 5514 3378 5585 ψυχρότη-

1809 5603 1917 5649 τος.
1947 5585 2060 5641 Non
2090 5588 2247 5641 habet
2281 5587 2600 5655 societatem
2653 5585 2772 5639 cum
2809 5602 2861 5638 re
2898 5585 3231 5655 [rigiditatis,
3273 5586 3378 5655 but:

1809 5669 1910 5722 est,
1944 5671 2064 5711 cum
2090 5656 2404 5725 frigiditate.
2438 5654 2528 5708 Sic
2561 5657 2840 5721 Phaedrus,
2867 5654 2992 5709 curn
3041 5656 3223 5710 cibum
3251 5654 3379 5708 sim-

1808 5725 2021 5848 pliciter
2078 5725 2381 5796 signiﬁcare
2431 5725 2620 5792 vellet,
2666 5727 2942 5797 eleganter
2985 5727 3246 5794 scripsit,
3298 5740 3377 5776 m

1809 5812 1852 5848 Cl
1895 5812 1934 5848 1.

1809 5812 1934 5851 crat.

2911 5893 2984 5950 21
