4088 6318
180 390 297 447 345

1286 388 1650 443 ADVERSUS
1689 386 2053 444 EUNOMIUM
2096 387 2223 445 LIB.
2266 388 2328 443 11.

3310 390 3415 448 ϐω

176 504 431 574 ἥκουσαν
483 499 556 570 τῷ
606 500 713 566 ίδίῳ
760 497 1023 570 ἀξιώματι
1070 499 1203 550 νοεῖν
1243 499 1423 562 αὐτοῖς
1462 499 1558 569 τὴν
1607 500 1739 571 ἑνέρ·

1864 503 1955 554 tati
1998 502 2223 570 pmprize
2256 508 2673 554 consentaneam
2712 510 2852 561 esse,
2891 503 3051 566 atque
3088 500 3416 555 convenien-

179 614 368 663 γειαν.

266 687 411 738 ΒᾹΣ.
445 684 611 736 Τοῦτο
647 683 856 755 εἴρηται
892 684 985 753 μὲν
1024 681 1213 752 ἐκείνῳ
1242 681 1351 751 (50)
1382 683 1460 744 είς
1488 681 1754 746 ἀπόδειξιν

179 780 253 846 τῆ
261 796 286 840 ς
319 776 715 845 ἀλλοτριώσεως
744 774 834 827 τοῦ
862 772 1193 841 Μονογενοῦς
1229 773 1363 843 πρὸς
1387 773 1475 826 τὸν
1505 773 1750 843 Πατέρα“

186 868 470 935 συνίστησι
503 866 556 918 δὲ
605 866 695 918 τὸν
745 864 1005 934 ἡμέτερον
1034 864 1205 931 λόγον.
1234 864 1295 915 Εἰ
1331 864 1435 931 γὰρ
1469 863 1755 915 ἀκόλουθον

180 960 283 1010 καὶ
306 960 679 1028 προσήκουσαν
701 956 775 1025 τῷ
809 956 920 1026 ἰδίῳ
952 953 1218 1024 ἀξιώματι
1249 955 1470 1024 παρέχει
1499 958 1634 1007 νοεῖν
1662 955 1753 1007 καὶ

176 1050 287 1120 τὴν
337 1050 612 1119 ἐνέργειαν
655 1050 686 1117 ὴ
732 1046 822 1099 τοῦ
854 1046 986 1099 Θεοῦ
1015 1047 1166 1099 οὐσία
1187 1087 1201 1109 ,
1242 1047 1457 1115 ἀξίωμα
1486 1047 1581 1115 μέν
1612 1048 1755 1098 ἐστιν

179 1143 228 1207 ἠ
261 1142 621 1209 (irem-7201a,
662 1139 735 1201 ὡς
760 1138 1011 1210 Εὐνομίῳ
1055 1140 1231 1192 δοκεῖ’
1277 1138 1337 1190 τὸ
1380 1138 1435 1190 δὲ
1470 1138 1599 1191 αὐτὸ
1644 1138 1753 1206 (Si)

179 1232 283 1285 καὶ
335 1232 487 1284 οὐσία
523 1230 661 1282 κατὰ
702 1231 792 1282 τὸν
837 1230 1036 1283 τούτων
1086 1230 1257 1298 λόγον,
1292 1231 1538 1299 ἐνέργεια
1568 1230 1621 1282 δὲ
1662 1231 1753 1282 τοῦ

180 1324 325 1375 Θεοῦ
351 1326 377 1375 ὁ
398 1322 723 1391 Μονογενὴς,
747 1323 778 1390 ἢ
800 1322 1081 1392 ἐνεργείας
1112 1323 1290 1375 εἰκών.
1313 1324 1418 1374 Καὶ
1433 1323 1587 1375 τοῦτο
1620 1322 1756 1375 κατὰ

180 1416 277 1465 τὸν
333 1412 532 1464 τούτων
576 1413 767 1481 λόγον·
826 1412 963 1465 ὥστε
1014 1413 1221 1475 τούτοις
1266 1414 1563 1481 ἀντιλέγειν
1612 1432 1752 1483 παρ·

190 1503 351 1553 ἐλκον
383 1502 446 1554 ἂν
471 1501 552 1571 εἴη
577 1542 591 1564 ,
624 1502 773 1555 οὐδὲν
800 1502 1008 1571 ἔχουσιν
1037 1502 1165 1570 (52).
1198 1504 1265 1553 ’Ἡ
1286 1502 1474 1555 πολλοῦ
1507 1502 1570 1554 ἂν
1596 1520 1754 1572 τιμη-

183 1591 392 1661 σαίμην
426 1592 703 1663 ἀρνεῖσθαι
733 1594 925 1655 αὐτοὺς
951 1593 1294 1662 βλασφημίαν
1324 1593 1525 1663 ταύτην
1546 1610 1558 1622 ·
1594 1594 1751 1662 πλὴν,

182 1685 481 1756 ἐπειδήπερ
506 1688 818 1757 εἰρήκασιν,
855 1686 911 1749 ἐξ
945 1686 1121 1738 αὐτῶν
1156 1686 1261 1737 τῶν
1290 1685 1496 1748 τούτοις
1533 1686 1756 1756 εἰρημέ-

181 1794 294 1827 νων
330 1776 764 1845 συλλογισώμεθα
784 1818 797 1840 ,
830 1776 911 1827 ὅτι
941 1777 1018 1839 εἰς
1048 1774 1261 1846 ἀξίωμα
1294 1776 1389 1843 μὲν
1422 1775 1514 1827 τοῦ
1548 1776 1681 1828 Θεοῦ
1714 1778 1752 1843 ἠ

1859 600 1984 644 [Cll].

1926 681 2049 735 Bas.
2074 680 2184 733 Hoc
2212 680 2429 749 quidem
2471 679 2537 733 ab
2576 692 2640 731 eo
2667 678 2865 733 dictum
2897 688 3001 741 est,
3052 686 3109 733 ut
3160 678 3415 751 Unigeni-

1859 783 1967 825 tum
1997 787 2025 825 a
2062 772 2221 826 Patre
2248 772 2480 825 alienum
2512 770 2799 829 ostendat;
2833 776 2886 821 at
2932 779 3171 823 nostrum
3210 786 3414 825 sermo-

1858 880 1977 919 nem
2021 864 2326 917 confirmat.
2362 861 2573 915 Etenim
2609 862 2653 914 si
2701 859 2797 914 Dei
2835 859 3131 914 substantia
3163 862 3264 917 hoc
3298 862 3414 923 dat,

1859 966 1915 1007 ut
1946 954 2320 1022 operationem
2349 951 2714 1020 intelligamus
2758 964 3180 1006 consentaneam
3218 966 3414 1006 conve—

1858 1047 2201 1114 nientemque
2234 1060 2344 1099 suae
2368 1042 2634 1113 dignitati,
2676 1042 2912 1111 dignitas
2940 1043 3187 1111 quaedam
3216 1051 3302 1098 est
3331 1045 3415 1098 in—

1855 1139 2108 1207 genitum,
2150 1147 2207 1190 ut
2242 1135 2503 1191 Eunomio
2542 1134 2776 1198 videtur,
2830 1148 3017 1187 rursus
3056 1134 3106 1188 id
3137 1134 3310 1203 ipsum
3359 1145 3415 1190 et

1857 1229 2152 1285 substantia
2201 1238 2282 1282 est
2322 1242 2387 1281 cx
2418 1228 2604 1280 horum
2651 1228 2937 1291 sententia,
2969 1224 3285 1295 Unigenitus
3313 1242 3411 1279 au-

1856 1329 1960 1374 tem
1993 1320 2234 1388 operatio
2256 1328 2337 1372 est
2372 1317 2486 1381 Dei,
2523 1324 2613 1370 aut
2642 1316 2977 1384 operationis
3008 1316 3212 1386 imago;
3253 1316 3412 1387 idque

1856 1426 1921 1465 ex
1954 1412 2144 1463 horum
2169 1411 2410 1463 doctrina
2449 1426 2463 1461 :
2500 1423 2669 1476 quare
2708 1410 2789 1463 bis
2827 1409 3197 1463 contradicere
3228 1425 3414 1479 Slva-:-

1856 1500 2017 1553 ﬂuuiu
2052 1502 2235 1563 luerit,
2268 1516 2390 1553 cum
2428 1499 2561 1553 nihil
2592 1498 2816 1552 habeant
2848 1499 2989 1567 quod
3031 1498 3184 1554 nobis
3218 1500 3413 1555 advero

1856 1605 2023 1646 setur.
2081 1593 2421 1660 Caeteroquin
2482 1606 2575 1646 eos
2633 1589 2864 1645 facerem
2922 1590 3162 1659 plurimi,
3197 1592 3242 1646 si
3272 1593 3412 1647 hanc

1856 1684 2244 1753 blasphemiam
2302 1685 2678 1752 abnegarent:
2737 1681 2989 1752 quoniam
3038 1693 3216 1737 tamen
3259 1685 3412 1739 dixe-

1857 1784 2001 1837 runt,
2053 1791 2118 1827 ex
2172 1775 2302 1843 ipsis
2351 1789 2535 1827 eorum
2576 1773 2733 1827 dictis
2775 1773 3111 1842 colligamus,
3150 1775 3313 1842 quod,
3366 1776 3409 1828 si

181 1865 516 1934 ἀγεννησία
546 1866 653 1936 (55)
671 1908 684 1931 ,
720 1871 779 1918 τὸ
811 1867 865 1919 δὲ
893 1867 1021 1919 αὐτὸ
1050 1868 1140 1919 καὶ
1166 1868 1320 1919 οὐσία
1341 1910 1353 1929 ,
1383 1866 1668 1931 ἀκόλουθος
1697 1867 1739 1920 δὲ

1852 1867 2092 1934 qumdam
2114 1866 2208 1919 Dei
2246 1864 2479 1934 dignitas
2502 1874 2584 1918 est
2607 1865 2913 1934 ingenitum,
2937 1865 2986 1918 id
3016 1874 3193 1918 autem
3233 1865 3408 1934 ipsum

182 1959 283 2009 καὶ
314 1958 655 2026 προσήκουσα
676 1955 753 2026 τῷ
794 1956 1061 2028 ἀξιώματι
1093 1957 1184 2010 τοῦ
1234 1956 1365 2010 Θεοῦ
1418 1960 1447 2028 ἡ
1486 1958 1749 2030 ἐνέργεια,

180 2047 327 2117 αῦτη
356 2049 411 2101 δέ
453 2050 595 2101 ἐστιν
618 2049 646 2101 ὁ
679 2052 906 2120 Χριστὸς
938 2051 1077 2103 κατὰ
1108 2051 1205 2121 τὴν
1240 2050 1440 2103 τούτων
1467 2052 1748 2119 ὑπόληψιν,

181 2144 386 2204 οἰκεῖος
415 2142 521 2211 ἄρα
566 2142 657 2194 καὶ
691 2146 977 2213 προσήκων
1002 2145 1067 2212 τῇ
1101 2142 1254 2212 οὐσίᾳ
1296 2142 1444 2193 ἔσται
1470 2142 1560 2193 τοῦ
1595 2142 1748 2194 Θεοῦ,

188 2234 300 2285 Καὶ
342 2233 540 2285 τούτων
565 2233 712 2285 οὐδέν
739 2236 883 2286 ἐστιν
910 2234 1189 2304 ἡμέτερον.
1231 2234 1375 2285 Αὐτὰ
1410 2232 1514 2303 γὰρ
1540 2232 1606 2285 τὰ
1633 2234 1753 2286 τού-

184 2341 298 2375 των
331 2323 609 2386 συνθέντες
642 2326 877 2394 ῥήματα,
920 2326 1002 2375 ἐπ’
1048 2324 1224 2376 αὐτῶν
1244 2322 1339 2393 τὴν
1374 2323 1535 2386 δεῖξιν
1570 2326 1751 2376 ποιού-

189 2414 351 2481 μεθα.
375 2415 450 2484 Τῇ
477 2415 648 2485 οὐσίᾳ,
676 2417 826 2484 φησὶ,
853 2415 942 2468 τοῦ
967 2415 1099 2467 Θεοῦ
1125 2413 1401 2467 ἀκολουθεῖ
1422 2414 1480 2466 τὸ
1502 2412 1716 2486 ἀξίωμα
1736 2434 1749 2445 ’

182 2501 266 2572 τῷ
293 2501 555 2573 ἀξιώματι
578 2504 906 2570 ἀναλογοῦσά
934 2507 1075 2555 εστιν
1111 2505 1142 2572 ἡ
1177 2504 1451 2575 ὲνέργεια’
1487 2506 1582 2575 τῆς
1606 2508 1753 2578 ἐνερ-

183 2596 344 2663 γείας
392 2594 552 2646 εἰκὼν
604 2598 631 2645 ὁ
675 2596 1009 2664 Μονογενής·
1051 2594 1145 2647 καὶ
1199 2596 1487 2661 ἀνάπαλιν,
1556 2598 1602 2649 εί
1656 2599 1752 2668 τῆς

189 2686 292 2755 μὲν
323 2685 428 2753 (54)
461 2684 737 2753 ἐνεργείας
766 2687 792 2736 ὁ
825 2685 1128 2757 Μονογενὴς
1157 2686 1390 2755 εἰκὼν,ή
1427 2689 1482 2741 δὲ
1509 2690 1751 2759 ἐνέργεια

186 2775 282 2827 τοῦ
331 2772 653 2843 ἀξιώματος,
705 2774 764 2827 τὸ
815 2775 871 2827 δὲ
925 2775 1138 2846 ἀξίωμα
1183 2780 1281 2848 τῆς
1325 2778 1528 2841 οὐσίας,
1589 2782 1615 2831 ὁ
1644 2782 1753 2832 Μο-

186 2865 412 2933 νογενὴς
442 2864 591 2916 ἔσται
620 2865 716 2935 τῆς
743 2866 929 2928 οὐσίας
953 2866 1131 2919 εἰκών.
1154 2867 1305 2919 υῦτω
1331 2870 1421 2921 καὶ
1449 2870 1597 2921 αὐτοὶ
1627 2870 1751 2920 πολ-

187 2960 345 3020 λάκις
384 2959 431 3010 οἱ
470 2958 697 3030 ἐργάται
745 2958 837 3009 τοῦ
892 2958 1136 3027 ψεύδους,
1189 2960 1289 3010 ὑπὸ
1330 2960 1427 3027 τῆς
1477 2960 1752 3029 ἐνεργείας

187 3051 510 3120 ἀγχόμενοι,
546 3050 877 3120 μαρτυροῦσι
920 3053 981 3118 τῇ
1016 3048 1240 3118 ἀληθεία
1269 3051 1360 3101 καὶ
1389 3051 1462 3119 μὴ
1494 3050 1747 3120 βουλόμε-

187 3160 290 3194 νοι.
337 3144 493 3194 Ἐπεὶ.
517 3142 607 3192 καὶ
634 3143 681 3192 οἱ
703 3141 949 3209 δαίμονες
973 3142 1087 3209 οὐχὶ
1114 3141 1505 3209 ενύαγγελιστῶν
1537 3144 1746 3197 ἐποίουν

1854 1958 2151 2013 substantia
2186 1972 2401 2027 quoque
2423 1965 2527 2020 est,
2551 1965 2914 2011 consentanea
2944 1971 3071 2011 vero
3098 1966 3181 2011 est
3213 1966 3264 2011 et
3281 1972 3411 2011 con—

1856 2051 2075 2105 veniens
2105 2051 2198 2104 Dei
2240 2050 2489 2118 dignitati
2528 2049 2766 2116 operatio
2788 2046 2923 2115 ejus,
2964 2049 3077 2103 haee
3126 2058 3301 2104 autem
3329 2060 3411 2103 est

1854 2137 2098 2191 Christus
2122 2152 2184 2191 ex
2224 2137 2413 2191 horum
2451 2137 2741 2201 sententia,
2786 2139 3107 2207 coniunctus
3153 2140 3319 2210 igitur
3346 2156 3409 2192 ac

1854 2229 2175 2281 conveniens
2202 2230 2303 2281 erit
2334 2228 2649 2281 substantiae
2677 2228 2788 2282 Dei.
2815 2231 2990 2297 Atque
3043 2230 3234 2284 horum
3270 2232 3401 2286 nihil

1855 2326 2098 2373 nostrum
2125 2328 2224 2374 est.
2248 2318 2364 2387 Ipsa
2390 2320 2532 2372 enim
2566 2320 2787 2373 istorum
2814 2321 2972 2374 verba
3003 2336 3409 2389 componentes,

1854 2427 1918 2465 ex
1949 2412 2140 2465 iisdem
2197 2412 2707 2465 demonstrationem
2757 2412 3111 2467 contexitnus.
3149 2413 3411 2468 Substan-

1857 2502 2008 2565 tiam,
2032 2500 2221 2567 inquit,
2259 2502 2505 2568 sequitur
2536 2499 2627 2553 Dei
2660 2499 2890 2568 dignitas
2923 2519 2936 2554 :
2986 2502 3147 2557 habet
3176 2518 3405 2571 propor-

1855 2592 2053 2645 tionem
2086 2593 2329 2659 Operatio
2359 2607 2480 2645 cum
2509 2592 2769 2661 dignitate
2800 2610 2812 2644 :
2852 2595 3180 2660 operationis
3230 2597 3406 2667 imago

1852 2694 1934 2737 est
1973 2682 2289 2752 Unigenitus
2325 2700 2337 2737 :
2370 2692 2422 2736 et
2448 2684 2565 2737 vice
2596 2698 2771 2747 versa,
2800 2684 2842 2737 si
2869 2681 3189 2754 Unigenitus
3222 2687 3398 2759 imago

1853 2786 1937 2828 est
1970 2774 2333 2842 operationis:
2370 2773 2612 2841 Operatio
2638 2786 2782 2837 vero,
2816 2773 3089 2843 dignitatis
3121 2792 3138 2829 :
3169 2776 3403 2845 dignitas

1852 2873 2051 2930 autem,
2076 2864 2408 2927 substantiae,
2444 2863 2758 2933 Unigenitus
2784 2866 3097 2919 substantiae
3134 2871 3235 2920 erit
3267 2868 3403 2922 ima-

1852 2970 1936 3024 go.
1966 2956 2057 3009 Sic
2082 2968 2221 3023 saepe
2251 2962 2305 3009 et
2326 2955 2424 3025 ipsi
2458 2958 2721 3011 mendacii
2753 2955 3054 3024 architecti,
3079 2973 3255 3013 rerum
3277 2976 3404 3029 per-

1852 3046 2134 3114 spicuitate
2167 3048 2362 3112 coacti,
2398 3046 2478 3100 vel
2503 3047 2651 3100 inviti
2684 3051 2963 3103 veritatem
2984 3051 3289 3106 testimonio
3305 3068 3405 3107 suo

1851 3140 2219 3205 comprobant.
2240 3138 2403 3208 269
2417 3137 2549 3191 Nam
2574 3146 2629 3191 et
2650 3140 2915 3194 dazmones
2930 3155 3033 3194 non
3051 3142 3403 3211 evangelista-

185 3230 369 3301 ἔργον,
401 3228 512 3281 ἀλλ’
552 3202 886 3281 ἀντιϐλέπειν
933 3229 1007 3299 μὴ
1038 3202 1332 3301 ’δυνάμενοι
1377 3232 1453 3302 τῷ
1489 3234 1585 3301 τῆς
1615 3232 1739 3303 ἁλη-

1848 3245 1963 3282 rum
1988 3228 2250 3283 faciebant
2275 3245 2408 3297 opus
2440 3247 2452 3281 :
2480 3230 2572 3282 sed
2607 3238 2780 3284 tamen
2804 3245 2924 3285 cum
2956 3233 3196 3288 veritatis
3229 3232 3401 3290 lucem

186 3324 337 3384 Θείας
372 3321 526 3389 φωτὶ,
550 3320 715 3373 ἐϐόων
735 3338 747 3349 ·
778 3320 1035 3390 Οῖδαμέν
1065 3339 1137 3375 σε
1163 3324 1251 3388 τίς
1279 3319 1349 3388 εἴ,
1378 3327 1409 3377 ό
1444 3324 1607 3389 ἅγιος
1640 3324 1745 3377 τοῦ

186 3411 357 3464 Θεοῦ.

255 3499 345 3552 5'2.
382 3499 606 3570 Ἴδωμεν
629 3502 685 3554 δὲ
714 3502 804 3553 καὶ
836 3501 902 3552 τὰ
932 3500 1213 3555 ἀκόλουθα.

258 3591 416 3644 ΕΥΝ.
448 3591 571 3644 Εἴτε
607 3594 742 3662 γὰρ,
770 3592 959 3663 φησὶν,
1004 3595 1068 3644 ἐκ
1108 3591 1215 3645 τῶν
1254 3593 1748 3666 δημιουργημὰτων

184 3683 557 3753 σκοπούμενός
578 3702 679 3747 τις,
710 3686 772 3737 ὲκ
791 3684 991 3738 τούτων
1013 3686 1106 3738 ἐπὶ
1124 3684 1222 3749 τὰς
1252 3685 1437 3747 οὐσίας
1476 3688 1727 3754 ἀνάγοιτο

257 3821 304 3852 ⁸⁵
341 3819 499 3873 Marc.
539 3836 575 3883 1,
603 3818 691 3873 24.

262 3978 374 4046 (50)
398 3978 539 4033 Editi
560 3980 637 4041 εἰς
672 3973 941 4040 ἀπόδειξιν
965 3976 1174 4045 ἐκείνῳ.
1199 3977 1267 4028 At
1290 3991 1418 4030 mss.
1448 3975 1638 4046 ἐκείνῳ
1664 3978 1742 4039 εἰς

182 4048 480 4112 ἀπόδειξιν.

260 4118 372 4183 (51)
403 4116 541 4171 Editi
574 4117 635 4168 τὸ
661 4117 717 4169 δὲ
755 4116 885 4169 αὐτὸ
907 4115 1081 4168 τοῦτο.
1124 4115 1236 4169 Vox
1267 4115 1421 4167 τοῦτο
1466 4115 1517 4167 in
1546 4114 1742 4169 codici-

183 4188 290 4257 bus
318 4186 708 4257 antiquioribus
737 4188 903 4243 deest.
936 4185 1131 4240 Ibidem
1166 4186 1298 4256 Reg.
1340 4194 1565 4254 quartus
1602 4184 1742 4237 κατὰ

184 4256 276 4309 τὸν
306 4255 492 4311 τούτου
521 4255 694 4323 λόγον.

261 4327 374 4395 (52)
398 4328 492 4382 Hic
522 4327 669 4380 locus
699 4325 842 4378 visus
868 4334 951 4379 est
980 4326 1179 4380 homini
1210 4324 1520 4379 doctissimo
1545 4323 1738 4379 Ducaeo

188 4399 412 4452 mutilus
466 4407 518 4451 et
572 4396 875 4449 mendosus.
950 4396 1052 4449 Sed
1118 4404 1335 4462 praestat
1396 4395 1513 4461 ejus
1574 4396 1735 4447 verba

187 4468 481 4529 ascribere,
501 4482 616 4534 quae
649 4466 759 4518 haec
776 4472 898 4518 sunt
930 4480 941 4515 :
975 4463 1141 4516 Locus
1179 4476 1251 4516 est
1282 4465 1335 4515 in
1365 4463 1543 4534 (ξηεεο
1573 4468 1729 4515 mnti-

188 4534 293 4595 lns,
327 4552 414 4589 nec
449 4532 957 4589 ad‘eumsanandum
979 4536 1104 4587 satis
1131 4533 1341 4599 adjuvat
1377 4532 1501 4598 Reg.
1538 4551 1633 4585 ms.
1676 4538 1728 4587 in

185 4619 291 4671 qna
322 4606 451 4670 lego,
471 4605 544 4668 ὥς
580 4620 641 4671 γε
681 4603 887 4666 τούτοις
919 4603 1214 4672 ἀντιλέγεις
1245 4602 1342 4653 οὐκ
1368 4601 1596 4670 ἔχουσιν,
1623 4614 1726 4658 etc.

188 4673 383 4743 Fateor
409 4676 617 4740 quidem
648 4675 787 4726 hunc
825 4674 997 4727 locum
1035 4674 1275 4743 mutilum
1310 4686 1428 4743 esse
1461 4672 1509 4722 iu
1553 4672 1729 4743 Regiis

190 4742 365 4795 tribus
396 4758 523 4797 mss.
550 4743 767 4811 perinde
798 4747 1030 4808 atquein
1062 4746 1195 4797 libro
1234 4742 1406 4794 Ducmi
1442 4756 1454 4791 :
1488 4744 1577 4795 sed
1612 4742 1728 4795 ilico

185 4826 311 4864 eum
365 4812 489 4863 mihi
548 4810 812 4882 integrum
838 4821 891 4865 et
919 4815 1255 4866 emendatum
1294 4810 1464 4882 videri
1511 4815 1570 4882 in
1612 4815 1727 4866 aliis

189 4883 398 4951 duobus
430 4896 555 4935 mss.
610 4881 787 4951 Regiis
824 4882 955 4935 etin
989 4890 1215 4950 utraque
1240 4881 1472 4951 editione
1510 4881 1641 4935 Ven.
1676 4893 1729 4935 et

186 4948 364 5006 Paris.
393 4960 447 5005 et
476 4952 527 5005 in
554 4948 738 5005 codic'e
768 4951 1070 5006 Colbertino
1095 4948 1196 5003 z'in
1243 4949 1434 5019 quibus
1479 4954 1727 5006 omnibus

188 5020 381 5090 legitur
410 5022 500 5085 ita,
534 5030 592 5073 ut
624 5020 674 5071 in
716 5032 969 5074 contextu
1011 5020 1191 5090 videre
1218 5022 1361 5074 licet.
1394 5019 1525 5074 Puto
1565 5022 1727 5090 igitur

187 5089 441 5143 Basilium
482 5090 846 5155 ὲλλειπτικῶς,
880 5101 936 5143 ut
965 5104 1102 5157 saepe
1135 5089 1283 5152 alias,
1325 5091 1553 5144 locutum
1587 5089 1722 5154 esse,

186 5161 271 5211 sic
306 5169 361 5211 ut
394 5171 511 5227 post
538 5160 685 5213 οὐδέν
734 5173 835 5213 vox
883 5160 1138 5225 ἐναντίον,
1170 5169 1261 5211 aut
1285 5159 1386 5227 alia
1415 5162 1613 5227 quaevis
1648 5164 1725 5214 si-

185 5228 330 5281 milis
366 5226 739 5292 subaudiatur,
763 5231 901 5297 quod
942 5231 1015 5284 ita
1048 5226 1558 5295 interpretabimur:
1591 5230 1724 5283 Cum

186 5298 319 5349 nihil
346 5299 562 5368 habeant
588 5298 724 5368 quod
756 5300 899 5368 nobis
934 5301 1233 5352 adversetur
1269 5313 1285 5349 :
1314 5306 1407 5349 aut
1440 5300 1483 5350 si
1537 5300 1721 5362 mavis,

184 5383 302 5417 cum
339 5367 465 5419 nihil
493 5367 712 5421 habeant
742 5367 876 5437 quod
903 5371 1045 5421 nobis
1077 5382 1329 5437 apponere
1370 5368 1584 5437 possint.
1616 5368 1725 5423 Nec

184 5450 373 5501 parum
426 5438 559 5490 hanc
607 5439 965 5503 conjecturam
1032 5436 1265 5504 adjuvat,
1311 5437 1449 5504 quod
1497 5436 1723 5493 Basilius

183 5506 343 5571 paulo
376 5517 499 5559 ante
548 5509 618 5560 ita
658 5509 928 5574 scripserit
967 5528 978 5561 :
1011 5506 1122 5559 Hoc
1169 5505 1433 5575 (Eunomii
1481 5509 1722 5575 testimo-

184 5576 355 5644 nium)
385 5591 666 5644 sermonem
706 5588 935 5628 nostrum
984 5576 1280 5641 conﬁrmat.
1331 5576 1397 5629 Et
1452 5574 1723 5644 aliquanto

183 5643 324 5696 infra
358 5660 370 5694 :
406 5641 491 5694 Sic
514 5662 648 5713 saepe
695 5654 741 5697 et
782 5647 880 5713 ipsi
930 5646 1187 5698 mendacii
1232 5646 1519 5709 architecti,
1541 5641 1721 5697 rerum

180 5715 547 5779 perspicuitate
590 5717 781 5777 adacti,
830 5716 903 5768 vel
936 5716 1085 5769 inviti
1126 5716 1391 5768 veritatem
1430 5716 1719 5768 testimonio

180 5797 274 5836 suo
312 5784 660 5852 comprobant.
691 5786 837 5851 Quod
865 5787 998 5841 idem
1032 5794 1113 5840 est
1137 5800 1198 5841 ac
1228 5785 1273 5839 si
1307 5784 1506 5840 diceret
1540 5783 1717 5839 :Tan-

1844 3322 2040 3377 intueri
2072 3339 2174 3376 non
2206 3322 2761 3391 possent,clamabant
2785 3345 2796 3379 :
2820 3322 3071 3379 Nat-intus
3094 3337 3142 3379 te
3162 3328 3275 3393 quia
3305 3328 3378 3381 si:

1847 3415 2095 3466 nimirum
2123 3413 2211 3467 ille
2242 3423 2453 3467 sanctus
2488 3412 2582 3465 Dei
2610 3413 2679 3465 ".

1918 3504 2005 3557 52.
2038 3502 2141 3556 Sed
2167 3504 2438 3556 videamus
2475 3511 2531 3555 et
2575 3504 2875 3570 sequentia.

1918 3596 2055 3651 Eun.
2088 3594 2141 3650 Si
2174 3596 2297 3665 quis
2319 3596 2483 3658 enim,
2513 3595 2706 3665 inquit,
2740 3611 2852 3650 rem
2880 3613 2944 3652 ex
2977 3609 3243 3655 creaturis
3266 3615 3401 3657 con-

1848 3690 2115 3755 siderans,
2175 3704 2279 3758 ope
2309 3690 2499 3742 harum
2554 3686 2620 3742 ad
2669 3688 3002 3746 substantias
3028 3694 3348 3760 perducatur
3376 3732 3394 3760 ,

1841 3975 2148 4052 tum_abe_st,
2174 3987 2241 4052 ut»
2265 3977 2580 4032 Eunomiam
2623 3980 2912 4052 quicquam
2946 3997 3085 4037 nunc
3115 3986 3391 4052 proferant

1838 4047 1975 4112 quod
1998 4047 2152 4099 nobis
2179 4050 2510 4111 adversetur,
2542 4047 2782 4103 utetiam
2804 4047 3127 4106 sententiam
3146 4064 3386 4110 nostram

1838 4115 2174 4189 confirment,
2202 4133 2430 4189 eamque
2459 4120 2526 4173 ob
2556 4133 2730 4172 rerum
2768 4123 3198 4189 perspicuitatem
3236 4127 3386 4177 testi-

1840 4186 2020 4276 monio
2050 4201 2147 4276 su-o
2171 4188 2410 4276 stabilire
2428 4199 2705 4276 cogantur;
2737 4186 3233 4276 Quod'sequ'lturpl)
3261 4195 3390 4276 πολ-

1836 4253 1927 4327 λοῦ
1962 4254 2045 4327 ἄν,
2073 4265 2202 4327 etc.,
2226 4253 2537 4324 cwteroquin
2562 4272 2648 4308 eoa
2670 4253 2891 4325 facerem
2915 4253 3150 4327 plurimi,
3180 4253 3233 4315 si
3254 4263 3391 4320 hanc

1837 4325 2207 4402 blasphemiam
2240 4327 2573 4402 abnegarent,
2602 4341 2705 4379 non
2729 4329 2797 4402 ita
2825 4325 2992 4396 accipi
3025 4325 3202 4397 debet,
3233 4337 3384 4402 quasi

1837 4393 1888 4445 in
1923 4396 2004 4448 liis
2032 4394 2367 4468 blasphemia
2418 4394 2596 4462 aliqua
2623 4393 3005 4468 contineatur,
3032 4417 3154 4455 cum
3191 4393 3384 4468 potius

1833 4478 2128 4518 sermonem
2161 4479 2313 4516 suum
2357 4464 2477 4518 inde
2499 4466 2801 4519 confirmari
2834 4468 2975 4521 dicat
3003 4464 3260 4525 Basilius:
3285 4478 3379 4529 sed

1833 4505 2128 4518 -e....,,.......
2161 4505 2313 4516 νυν...
2358 4505 2477 4518 ...ην
2499 4505 2801 4519 w............
3003 4505 3198 4523 υηηιυ
3248 4513 3259 4525 .

1762 4505 1803 4557 D
1835 4534 1932 4586 hoc
1958 4535 2148 4607 modo:
2189 4532 2241 4585 Si
2279 4531 2595 4607 Eunontiarui
2617 4538 2805 4589 malam
2836 4554 2983 4607 suam
3022 4505 3363 4607 voluntate‘ig:

1830 4618 1933 4669 qua
1988 4603 2055 4673 ita
2108 4601 2381 4669 loquentes
2451 4604 2787 4673 Unigcuitum
2848 4622 2877 4658 a
2940 4606 3098 4663 Patre
3148 4601 3381 4666 alienum

1828 4671 2113 4725 ostendere
2138 4673 2340 4744 volunt,
2376 4671 2586 4726 tandem
2628 4676 2912 4744 aliquando
2936 4677 3229 4743 abjicerent
3262 4698 3382 4735 ntu-

1830 4750 2132 4807 tarentque,
2154 4742 2303 4796 valde
2333 4744 2617 4795 admodum
2644 4742 2834 4798 de'hoc
2866 4762 2957 4801 eos
2993 4742 3287 4803 laudarem.
3324 4752 3379 4805 Id

1828 4824 2005 4885 autem
2033 4814 2103 4885 ita
2140 4828 2257 4866 esse
2279 4813 2453 4885 facile,
2479 4813 2689 4885 opitt_or,
2710 4815 2996 4885 fatebitur,
3020 4820 3108 4885 qui
3136 4834 3221 4883 ea,
3258 4836 3378 4885 quae

1828 4836 2005 4865 autem
2033 4836 2103 4865 lli!
2140 4836 2257 4866 esse
2280 4836 2453 4876 laute,
2479 4836 2689 4879 optltnr,
2723 4836 2996 4879 luteutttlr,
3020 4836 3108 4885 qttl
3136 4836 3221 4883 ea,
3298 4838 3373 4873 uae

1828 4884 2021 4957 partim
2064 4881 2174 4957 jam
2222 4883 2572 4957 protulimus,
2598 4882 2776 4937 Basilii
2810 4888 3227 4957 verbaulcgerit.
3258 4836 3373 4943 ?ioc

1826 4952 2055 5070 Ἦιὶιίεηι.
2090 4953 2283 5017 inquit,
2313 4952 2376 5003 ab
2412 4968 2470 5003 eo
2519 4954 2715 5006 dictum
2746 4965 2840 5018 est,
2869 4966 2921 5006 ut
2974 4952 3304 5023 Umbenmtm
3344 4982 3375 5013 ιι

1880 5031 1989 5070 atre
2021 5021 2245 5070 alienum
2269 5023 2505 5070 ostendat
2546 5037 2565 5070 :
2604 5032 2655 5070 at
2684 5032 2914 5070 nostrum
2943 5041 3226 5070 aerumnam
3249 5046 3375 5070 ηπ.-

1880 5031 1989 5073 atre
2021 5021 2245 5072 alienum
2269 5023 2505 5075 ostendat
2546 5037 2565 5075 :
2604 5032 2655 5074 at
2684 5032 2914 5075 nostrum
2943 5021 3227 5081 sermonem
3249 5046 3376 5083 con-

1825 5090 2019 5165 ﬁrmat.
2055 5120 2123 5165 :—
2150 5090 2455 5165 Kaieoﬁeo
2484 5092 2632 5143 κατὰ
2655 5092 2759 5165 τρν
2790 5094 3012 5147 τούτων
3034 5097 3234 5165 λόγον.
3272 5100 3379 5152 Το-

1830 5168 1912 5211 tus
1947 5159 2033 5212 hic
2056 5158 2204 5236 locus
2237 5162 2316 5213 sic
2358 5161 2565 5236 videtur
2604 5162 2906 5236 reddendus
2948 5182 2960 5216 :
3006 5158 3174 5236 Atque
3216 5169 3270 5219 id
3308 5186 3375 5222 ea:

1824 5243 2003 5281 eorum
2030 5228 2273 5303 doctrina
2300 5231 2650 5303 consequitur,
2681 5234 2755 5285 ita
2780 5245 2829 5284 ut
2863 5235 2937 5287 eis
2963 5228 3278 5303 super/luunt
3305 5243 3373 5291 ait

1825 5300 2196 5363 contradicere,
2229 5314 2344 5376 cum
2378 5300 2429 5350 id
2455 5316 2557 5353 non
2593 5304 2809 5376 possint.
2846 5306 2920 5355 Ac
2948 5300 3131 5371 magne
3165 5311 3373 5376 quidem

1824 5383 2084 5445 mercarer
2140 5378 2194 5419 ut
2234 5370 2366 5445 hanc
2407 5386 2557 5421 suam
2611 5372 2921 5445 impietatem
2952 5370 3239 5445 abnegavit;
3282 5382 3371 5429 sed

1823 5438 1943 5503 quia
1970 5452 2083 5489 eam
2114 5437 2458 5501 protulerunt.
2494 5451 2598 5493 etc.
2631 5439 2837 5493 Mutati.

1894 5504 2002 5573 (53)
2035 5506 2170 5577 Editi
2203 5507 2300 5575 μὲν
2333 5506 2466 5559 Θεοῦ
2516 5510 2825 5577 ἀγεννησία.
2873 5511 3049 5567 Codex
3111 5513 3263 5569 Colb.
3320 5529 3373 5568 et

1824 5572 1956 5658 Reg.
1987 5572 2178 5658 tertius
2202 5572 2265 5658 ut
2308 5578 2357 5658 i'u
2412 5572 2855 5658 contentu.'_Mos
2902 5584 3058 5658 iidem
3104 5586 3371 5658 codicea'l)

1822 5645 2087 5715 ἐνέργεια.
2121 5646 2400 5715 Articulus
2426 5648 2475 5700 in
2509 5649 2667 5701 editis
2697 5650 3122 5706 desiderabatur.

1822 5713 2002 5837 Missa)
2029 5713 2280 5770 Voculam
2315 5714 2411 5785 μέν
2442 5717 2621 5773 addidi
2642 5731 2705 5773 ex
2734 5721 2938 5776 duobus
2967 5719 3148 5794 Regiis
3171 5723 3376 5782 codicie

1862 5799 1946 5840 US.
