4088 6318
681 365 784 424 θίἾ

2017 369 2074 422 S.
2116 368 2198 424 BA
2208 367 2356 423 ειωι
2396 367 2609 423 MAGNI

3808 366 3910 421 658

683 491 965 550 propterea
999 481 1136 549 quod
1164 480 1382 548 ingeniti
1419 488 1722 534 creaturam
1753 479 1947 533 Filium
1979 480 2237 545 inveniat,

2356 480 2434 534 ιοῦ
2471 483 2568 551 μὲν
2592 481 2881 551 ἀγεννήτου
2906 479 2992 533 τὸν
3021 481 3142 533 Υίδν
3170 481 3432 552 εὑρίσκων
3473 481 3598 552 ποίη
3610 498 3708 551 μα,
3737 480 3828 534 τοῦ
3858 485 3912 536 δὲ

687 569 951 638 Unigeniti
981 567 1495 632 vero,Paracletum,
1533 569 1658 622 item
1696 579 1973 638 prepterea
2006 570 2146 638 quod
2178 584 2242 623 ex

689 659 956 728 Unigeniti
985 659 1321 726 praestantia,
1359 659 1695 726 Operationis
1726 660 2008 714 conﬁrmet
2057 661 2242 714 diver-

684 752 920 810 sitatent,
949 751 1063 818 ejus
1090 749 1254 802 etiam
1282 749 1611 803 diversitatis
1634 765 1753 818 quae
1799 751 2090 803 secundum
2121 752 2247 805 sub-

683 842 934 895 stantiam
965 850 1066 904 est,
1099 847 1467 906 argumentum
1498 839 1856 893 certissimum
1888 839 2102 909 accipit.

753 934 875 986 Bas.
909 932 1145 985 Primum
1173 930 1334 999 igitur
1364 931 1634 999 quomodo
1657 931 1972 985 substantiae
2005 948 2069 985 ex
2096 947 2247 986 crea-

687 1027 820 1079 turis
849 1025 1100 1079 atstimari
1129 1024 1356 1092 possint,
1379 1038 1479 1090 ego
1504 1023 1718 1092 quidem
1756 1040 1860 1076 non
1887 1025 2059 1077 video.
2094 1025 2244 1077 Enim

689 1133 815 1173 vero
850 1118 1164 1186 potentiam,
1201 1116 1628 1184 sapientiamque
1654 1125 1708 1168 et
1753 1123 1945 1178 artem,
1981 1131 2086 1169 non
2122 1115 2249 1168 sub-

689 1211 942 1264 stantiam
996 1210 1172 1279 ipsam
1223 1209 1460 1262 indicant
1513 1218 1796 1262 creaturaa.
1839 1208 1951 1261 lmo
1987 1224 2054 1262 ne
2083 1211 2246 1278 ipsam

689 1305 904 1374 quidem
941 1303 1154 1373 epilieis
1203 1305 1490 1373 potentiam
1520 1312 1685 1356 totam
1723 1302 2031 1356 necessario
2068 1303 2250 1356 decla-

687 1407 850 1460 rant;
883 1411 1005 1450 cum
1033 1410 1417 1464 nonnunquam
1449 1395 1562 1448 fieri
1608 1395 1800 1463 possit,
1834 1403 1889 1447 ut
1917 1393 2109 1448 artifex
2147 1408 2250 1448 non

685 1506 877 1546 omnes
923 1491 1071 1542 vires
1116 1504 1243 1542 suas
1277 1489 1328 1541 in
1373 1488 1582 1556 agendo
1615 1498 1851 1549 exserat,
1883 1488 1976 1539 sed
2005 1501 2147 1556 saepe
2171 1500 2253 1540 re-

686 1584 988 1636 missiorem
1010 1589 1258 1634 conatum
1285 1581 1335 1632 in
1367 1579 1620 1644 operibus
1639 1579 1769 1631 artis
1798 1579 2070 1633 adhibeat.
2097 1577 2250 1644 Quod

688 1677 731 1729 si
767 1685 932 1728 totam
959 1675 1119 1727 etiam
1151 1672 1447 1742 potentiam
1483 1671 1866 1724 transmoverit
1892 1673 1941 1724 in
1970 1687 2129 1741 opus,
2176 1673 2250 1724 ita

687 1771 898 1822 demum
930 1767 1173 1820 l‘utnrunt
1210 1774 1310 1826 est,
1347 1773 1402 1815 ut
1426 1761 1541 1829 ejus
1570 1765 1715 1815 vires
1759 1763 2011 1831 Operibus
2061 1763 2251 1815 metia-

2347 574 2678 642 Μενογενοῦς
2705 574 2792 626 τὸν
2813 574 3186 645 Παράκλητον,
3209 577 3316 626 κὰκ
3347 575 3442 644 τῆς
3461 575 3554 627 τοῦ
3582 576 3915 643 Μονογενοῦς

2347 666 2616 737 ὑπεροχῆς
2795 665 2891 735 τὴν
2931 665 3029 734 τῆς
3068 665 3345 736 ἐνεργείας
3393 665 3660 736 διαφορὰν
3702 666 3917 717 πιστού-

2353 775 2525 829 μενος,
2556 756 3031 828 ἀναμφισϐήτητον
3055 755 3315 825 λαμϐάνει
3343 757 3436 807 καὶ
3456 756 3525 824 τῆ
3532 774 3559 819 ς
3581 759 3704 808 κατ’
3734 758 3916 808 οὐσίαν

2349 849 2693 921 παραλλαγῆς
2718 849 2814 919 τὴν
2838 846 3128 911 ἀπόδειξιν.

2419 941 2562 993 ΒΑΣ.
2607 940 2826 1010 Πρῶτον
2880 939 2977 1008 μὲν
3016 934 3106 991 οὖν
3148 938 3264 1001 πῶς
3299 938 3520 990 δυνατὸν
3571 941 3636 990 ἐκ
3666 939 3776 989 τῶν
3828 939 3919 1008 δη-

2352 1034 2771 1104 μιουργημάτων
2817 1031 2916 1095 τὰς
2957 1032 3143 1094 οὐσίας
3187 1031 3633 1098 ἀναλογίζεσθαι,
3662 1030 3772 1096 ἐγὼ
3827 1033 3920 1101 μὲν

2345 1125 2441 1192 οὐχ
2470 1123 2598 1194 ὁρῶ.
2641 1123 2925 1192 Δυνάμεως
2972 1121 3099 1193 γάρ,
3157 1123 3250 1176 καὶ
3299 1122 3505 1190 σοφίας,
3563 1122 3658 1174 καὶ
3708 1120 3919 1190 τέχνης,

2346 1214 2466 1284 οὐχὶ
2495 1213 2550 1265 δὲ
2599 1213 2697 1284 τῆς
2733 1213 2914 1275 οὐσίας
2942 1213 3107 1284 αὐτῆς
3134 1213 3435 1266 ἑνδεικτικά
3462 1216 3576 1266 ἐστι
3614 1214 3744 1281 ποιή
3758 1230 3919 1281 ματα.

2347 1308 2458 1360 Καὶ
2481 1307 2599 1360 οὐδὲ
2632 1306 2799 1376 αὐτὴν
2835 1307 3013 1358 πᾶσαν
3058 1304 3150 1357 τοῦ
3191 1305 3519 1376 δημιουργοῦ
3559 1307 3657 1376 τὴν
3693 1305 3923 1374 δύναμιν

2351 1401 2658 1470 ἀναγκαίως
2684 1401 3029 1471 παρίστησιν,
3074 1401 3422 1470 ἐκδεχομένου
3459 1400 3582 1452 ποτὲ
3624 1400 3720 1452 τὸν
3753 1400 3928 1469 τεχνί-

2350 1511 2447 1564 την
2496 1494 2568 1565 μὴ
2598 1496 2777 1547 πᾶσαν
2812 1493 3003 1546 ἑαυτοῦ
3049 1493 3145 1563 τὴν
3205 1495 3351 1562 ἰσχὺν
3399 1492 3763 1545 ὲναποθὲσθαι
3810 1495 3928 1552 ταῖς

2351 1585 2663 1654 ἐνεργείαις,
2680 1584 2789 1636 ἀλλ’
2807 1585 2930 1653 ὑιρει
2939 1583 3115 1653 μένοις
3134 1583 3386 1644 πολλάκις
3401 1584 3490 1635 ἐπὶ
3507 1583 3617 1635 τῶν
3633 1583 3813 1652 ἔργων
3831 1585 3896 1650 τῆ
3906 1601 3930 1644 ς

2352 1677 2543 1746 τέχνης
2565 1680 2672 1738 τοῖς
2695 1675 2864 1739 τόνοις
2889 1675 3000 1746 (56)
3026 1674 3347 1745 χρήσασθαι.
3375 1677 3434 1726 Εἰ
3463 1676 3518 1727 δὲ
3552 1676 3646 1727 καὶ
3673 1675 3804 1744 ὃλην
3833 1675 3930 1743 τὴν

2353 1768 2577 1836 δύναμιν
2625 1767 2716 1818 ἐπὶ
2760 1768 2818 1820 τὸ
2867 1768 3025 1839 ἔργον
3082 1767 3442 1836 ἁνακινήσειε,
3497 1767 3592 1818 καὶ
3641 1767 3816 1829 οὕτως
3866 1768 3932 1819 ἂν

689 1877 830 1922 tnur,
856 1873 960 1911 non
988 1867 1164 1909 autent
1201 1861 1292 1908 liet
1326 1865 1382 1907 ιιι
1427 1855 1811 1917 substantiam,
1864 1869 1980 1921 quae
2036 1853 2250 1907 tandem

2356 1859 2587 1929 ὑπάρχοι
2625 1857 2721 1928 τὴν
2764 1859 2914 1929 ἰσχὺν
2955 1857 3118 1911 αὐτοῦ
3147 1857 3234 1910 διὰ
3263 1856 3369 1909 τῶν
3406 1856 3580 1926 ἔργων
3607 1859 3933 1928 ἀναμετρεῖ-

687 1967 749 2005 ea
784 1951 875 2018 sit,
919 1949 1300 2011 intelligamus.
1348 1947 1500 2012 Quod
1542 1946 1608 2006 si,
1656 1945 1911 2012 quoniam
1940 1943 2122 1997 divina
2159 1962 2252 1998 na-

691 2054 806 2096 tura
844 2040 1070 2110 simplex
1117 2048 1201 2092 est
1257 2048 1420 2104 atque
1469 2036 1862 2103 incomposita,
1893 2035 2249 2089 substantiam

688 2134 959 2187 existimet
988 2146 1089 2182 una
1119 2145 1238 2183 cum
1267 2138 1529 2198 potestate
1551 2142 1896 2191 concurrere,
1931 2140 2006 2190 et,
2035 2137 2251 2196 propter

693 2229 928 2280 innatant
971 2225 1078 2277 Deo
1105 2223 1419 2288 bonitatem,
1444 2221 1588 2275 dicat
1641 2229 1807 2275 totam
1853 2219 2027 2274 Patris
2059 2231 2248 2290 poten-

694 2320 820 2372 tiam
849 2317 914 2370 ad
955 2315 1357 2386 generationem
1390 2313 1509 2367 Filii
1559 2323 1906 2374 commotam,
1960 2323 2120 2379 atque
2152 2313 2250 2366 ite-

693 2424 811 2462 rum
845 2417 1008 2460 totam
1055 2404 1329 2474 Unigeniti
1363 2404 1428 2456 ad
1466 2403 1823 2457 substantiam
1872 2401 2108 2466 Spiritus
2132 2416 2256 2454 san-

692 2502 787 2562 αἱ,
834 2498 970 2552 adeo
1013 2508 1070 2549 ut
1109 2512 1174 2549 ex
1207 2495 1415 2564 Spiritu
1457 2493 1673 2561 quidem
1711 2494 1948 2561 potentia
1980 2490 2253 2561 Unigeniti

700 2591 1104 2659 conspiciatur,
1157 2587 1424 2656 simulque
1467 2587 1628 2639 etiam
1700 2585 2038 2640 substantia:
2073 2599 2258 2638 rursus

695 2697 822 2736 vero
851 2697 915 2735 ex
953 2680 1260 2747 Unigenito,
1296 2678 1471 2731 Patris
1507 2677 1836 2747 intelligatur
1860 2687 1912 2731 et
1939 2678 2177 2746 potentia
2204 2686 2258 2730 et

691 2774 991 2833 substantia
1021 2812 1035 2835 ,
1082 2772 1348 2826 advertite
1395 2771 1522 2838 quid
1557 2769 1681 2824 hinc
1722 2769 2022 2838 colligatur.
2062 2767 2193 2823 Nam
2226 2785 2256 2823 e

693 2867 888 2935 quibus
920 2874 1146 2918 conatus
1180 2873 1264 2916 εει
1294 2861 1610 2915 substantia:
1639 2861 2134 2914 dissimilitudinem
2167 2876 2257 2914 os-

697 2959 934 3019 tendere,
974 2971 1040 3009 ex
1091 2955 1155 3005 iis
1186 2953 1512 3019 comperitur
1551 2953 1960 3006 similitudinem
1987 2963 2252 3007 astruere.

695 3052 905 3106 Etenim
931 3049 975 3103 si
1013 3054 1251 3115 potestas
1283 3044 1414 3098 nihil
1447 3060 1568 3097 cum
1590 3046 1891 3098 substantia
1919 3045 2080 3098 habet
2104 3060 2254 3098 com-

697 3159 880 3209 mune,
925 3142 1194 3213 quomodo
1226 3155 1291 3193 ex
1334 3137 1566 3208 opiﬁciis
1596 3153 1716 3208 qua:
1740 3135 1964 3190 eﬂ‘ectns
1997 3143 2123 3189 sunt
2159 3150 2256 3203 po-

2355 1951 2498 2015 σθαι,
2538 1951 2658 2021 οὐχ).
2700 1950 2756 2003 δὲ
2791 1953 2886 2021 τὴν
2917 1952 3126 2013 οὐσίαν,
3159 1952 3280 2020 ἥτις
3314 1951 3440 2004 ποτέ
3466 1952 3579 2001 ἐστι
3603 1989 3616 2010 ,
3645 1951 3932 2017 καταλαμο

2352 2043 2626 2096 ϐάνεσθαι.
2680 2040 2741 2093 Εἰ
2773 2041 2829 2092 δὲ
2881 2041 2964 2093 διὰ
3003 2041 3062 2094 τὸ
3112 2041 3313 2094 ἁπλοῦν
3355 2041 3447 2092 καὶ
3502 2039 3798 2092 ἀσύνθετον
3836 2041 3934 2108 τῆς

2353 2134 2504 2196 θείας
2531 2133 2742 2201 φύσεως
2773 2134 2836 2202 τῇ
2871 2133 2966 2202 μὲν
2999 2131 3221 2201 δυνάμει
3257 2131 3551 2202 σύνδρομον
3579 2128 3791 2180 τίθεται
3836 2129 3934 2197 τὴν

2351 2228 2556 2289 οὐσίαν,
2593 2228 2684 2278 καὶ
2721 2226 2806 2278 διὰ
2854 2227 2950 2296 τὴν
2995 2225 3298 2296 προσοῦσαν
3356 2225 3670 2295 ἀγαθότητα
3708 2221 3789 2292 τῷ
3818 2219 3936 2289 Θεῷ

2353 2321 2478 2389 ὃλην
2499 2320 2594 2389 μὲν
2611 2317 2924 2388 κεκινῆσθαι
2949 2316 3096 2384 λέγοι
3123 2318 3233 2387 (57)
3250 2317 3346 2387 τὴν
3363 2318 3454 2370 τοῦ
3472 2318 3691 2388 Πατρὸς
3707 2315 3936 2383 δύναμιν

2356 2414 2434 2474 είς
2463 2412 2560 2482 τὴν
2606 2411 2858 2479 γέννησιν
2897 2409 2989 2462 τοῦ
3023 2409 3152 2462 Υἱοῦ
3174 2449 3188 2471 ,
3223 2409 3347 2478 ὃλην
3387 2410 3441 2461 δὲ
3477 2410 3642 2461 πάλιν
3693 2409 3795 2478 τὴν
3839 2406 3936 2460 τοῦ

2357 2499 2689 2566 Μονογενοῦς
2731 2501 2808 2560 εἰς
2837 2499 2934 2568 τὴν
2963 2499 3257 2551 ὑπόστασιν
3282 2499 3376 2550 τοῦ
3402 2498 3558 2564 ἀγίον
3593 2497 3932 2566 Πνεὺματος,

2358 2590 2495 2643 ὥστε
2526 2591 2588 2641 ὲκ
2622 2591 2716 2659 μὲν
2750 2591 2841 2642 τοῦ
2860 2590 3170 2660 Πνεὺματος
3199 2593 3296 2662 τὴν
3328 2590 3419 2642 τοῦ
3461 2589 3807 2656 Μονογενοῦς
3844 2588 3936 2639 δύο

2359 2699 2520 2752 ναμιν
2555 2680 2894 2750 θεωρεῖσθαι,
2925 2683 3058 2751 ὁμοῦ
3082 2683 3138 2734 δὲ
3172 2685 3264 2735 καὶ
3290 2683 3386 2753 τὴν
3413 2684 3624 2747 οὐσίαν,
3659 2685 3724 2734 ὲκ
3757 2683 3811 2734 δὲ
3841 2682 3936 2733 τοῦ

2359 2775 2688 2844 Μονογενοῦς
2741 2774 2902 2827 πάλιν
2925 2776 3021 2846 τὴν
3064 2775 3157 2826 τοῦ
3217 2778 3422 2845 Πατρὸς
3472 2777 3707 2846 δύναμίν
3755 2793 3811 2828 τε
3843 2777 3936 2827 καὶ

2357 2871 2540 2923 οὐσίαν
2575 2867 3081 2938 καταλαμϐάνεσθαι
3102 2884 3114 2896 °
3165 2871 3414 2920 σκοπεῖτε
3447 2869 3510 2919 τὸ
3542 2869 3932 2937 συναγόμενον.

2370 2962 2457 3026 Ἐξ
2482 2955 2555 3015 ὧν
2590 2961 2696 3032 γάρ
2735 2959 3056 3031 ἐπεχείρησε
3105 2958 3165 3011 τὸ
3215 2958 3463 3029 ἀνόμοιον
3520 2961 3788 3029 συστῆσαι
3835 2960 3938 3027 τῆς

2358 3055 2563 3117 οὐσίας,
2590 3057 2652 3107 ἐκ
2679 3053 2882 3106 τούτων
2908 3055 3076 3123 ἐφάνη
3111 3052 3532 3115 κατασκευάζων
3559 3051 3661 3123 τὴν
3687 3053 3938 3122 ὁμοιότη-

2359 3161 2446 3194 τα.
2487 3145 2545 3195 Εί
2580 3144 2676 3212 μὲν
2702 3144 2809 3214 γὰρ
2843 3144 2992 3196 οὐδὲν
3019 3144 3130 3214 ἔχει
3153 3141 3380 3214 κοινδνὴ
3412 3142 3643 3213 δύναμις
3673 3144 3810 3214 πρὸς
3836 3144 3937 3212 τὴν

696 3237 926 3300 testatis,
963 3236 1026 3288 ad
1062 3231 1598 3303 comprehensionem
1641 3230 1806 3298 ipsius
1839 3229 2102 3283 deductus
2131 3226 2254 3281 est?

2359 3233 2560 3294 οὐσίαν,
2591 3234 2702 3295 πῶς
2745 3236 2808 3287 ὲκ
2866 3235 2975 3287 τῶν
3019 3236 3547 3305 δημιουργημάτων,
3595 3236 3742 3308 ἆπερ
3780 3236 3938 3287 δδνά-

694 3339 905 3392 contra,
950 3328 994 3380 si
1044 3326 1181 3380 idem
1235 3335 1320 3380 est
1367 3323 1668 3379 substantia
1707 3333 1761 3377 et
1797 3332 2073 3392 potestas:
2113 3321 2257 3390 quod

696 3432 1015 3491 pmestatem
1051 3420 1315 3487 designat,
1354 3419 1404 3471 id
1429 3419 1668 3487 profecto
1714 3415 2068 3471 substantiam
2095 3414 2257 3469 etiam

695 3514 1018 3581 designabit.
1054 3510 1284 3563 Proinde
1322 3511 1532 3577 opiticia
1563 3525 1667 3563 non
1698 3511 1763 3562 ad
1797 3508 2113 3563 substantia:
2147 3507 2258 3560 dis-

696 3604 1128 3667 similitudinem,
1163 3610 1219 3654 ut
1274 3609 1328 3653 tu
1358 3600 1512 3663 dicis,
1550 3602 1640 3653 sed
1687 3600 1752 3652 ad
1787 3601 2078 3668 perfectam
2113 3599 2260 3654 simi-

699 3698 977 3751 litudinem
1023 3697 1247 3749 ducunt.
1294 3694 1497 3746 Hursus
1527 3701 1672 3745 certe
1699 3703 1749 3742 et
1792 3693 1877 3745 hic
1911 3701 2138 3747 conatus
2167 3707 2260 3744 no-

698 3802 867 3844 stram
906 3789 1076 3855 magis
1120 3802 1278 3854 quant
1336 3784 1502 3853 ipsius
1545 3783 1868 3837 sententiam
1895 3781 2121 3837 stabilit.
2156 3783 2260 3836 Aut

701 3884 845 3938 enim
877 3896 979 3934 non
1013 3880 1174 3932 habet
1195 3877 1334 3930 unde
1361 3891 1421 3928 ea
1451 3890 1569 3944 qua!
1596 3877 1729 3929 dixit
1756 3869 2260 3937 demonstretfaut,

703 3977 747 4030 si
769 3991 799 4030 e
823 3975 981 4028 rebus
999 3971 1248 4026 humanis
1271 3966 1515 4033 exempla
1541 3976 1835 4028 mutuatur,
1882 3968 2122 4022 inveniet
2153 3983 2256 4020 non

703 4085 767 4123 ex
806 4066 1032 4122 artiticis
1086 4063 1338 4132 operibus
1374 4057 1598 4128 intelligi
1661 4073 1687 4109 a
1731 4059 1886 4112 nobis
1916 4060 2032 4124 ejus
2081 4074 2260 4115 essen-

701 4163 851 4224 tiam,
880 4160 971 4213 sed
995 4173 1058 4211 ex
1085 4157 1264 4226 genito
1286 4153 1544 4225 genitoris
1576 4161 1823 4204 naturam
1853 4151 2126 4216 cognosci.
2155 4149 2263 4203 Nec

701 4254 846 4307 enim
881 4250 998 4305 ﬁeri
1025 4258 1220 4317 potest,
1255 4247 1448 4316 utejtts
1471 4246 1560 4314 qui
1591 4248 1807 4298 domum
1850 4242 2154 4295 construxit
2179 4254 2263 4295 es-

708 4345 882 4400 sentia
936 4342 1420 4409 comprehendatur
1457 4354 1521 4392 ex
1554 4339 1750 4393 domo:
1793 4348 1846 4389 at
1880 4332 2098 4389 diﬂicile
2159 4348 2263 4385 non

703 4446 786 4493 est
811 4453 872 4489 ex
894 4436 1137 4504 genitura
1167 4431 1426 4504 genitoris
1452 4440 1698 4484 naturam
1723 4427 2049 4497 intelligere.
2085 4422 2266 4489 Quare

2363 3324 2505 3394 μεώς
2529 3326 2673 3376 ἐστιν
2700 3324 3130 3393 ἀποτελέσματα,
3163 3327 3296 3395 πρὸς
3316 3326 3411 3395 τὴν
3433 3327 3738 3397 κατάληψιν
3765 3327 3940 3395 αὐτῆς

2360 3415 2650 3484 ὡδηγήθη;
2691 3416 2738 3467 εἰ
2781 3415 2836 3467 δὲ
2874 3415 3066 3468 ταυτὸν
3111 3415 3265 3466 οὐσία
3300 3416 3358 3467 τέ
3405 3418 3517 3467 ἐστι
3552 3419 3646 3469 καὶ
3675 3419 3934 3487 δύναμις,

2360 3508 2419 3560 τὸ
2452 3507 2546 3577 τὴν
2589 3507 2814 3576 δύναμιν
2843 3507 3238 3578 χαρακτηρίζον
3281 3509 3667 3578 χαρακτηρίσει
3708 3512 3939 3572 πάντως

2361 3601 2454 3653 καὶ
2509 3597 2607 3669 τὴν
2653 3598 2858 3652 οὐσίαν.
2917 3599 3074 3652 Ὥστε
3132 3599 3198 3653 τὰ
3252 3600 3727 3672 δημιουργήματα,
3759 3603 3841 3664 ὡς
3875 3607 3938 3654 σὺ

2362 3693 2484 3764 φῂς,
2513 3691 2571 3743 οὐ
2597 3689 2729 3760 πρὸς
2766 3690 2824 3741 τὸ
2853 3691 3098 3762 ἀνόμοιον
3127 3693 3225 3763 τῆς
3256 3693 3464 3757 οὐσίας,
3499 3693 3630 3746 άλλά
3667 3693 3814 3763 πρὸς
3843 3695 3942 3764 τὴν

2361 3782 2646 3854 ἀκρίϐειαν
2670 3781 2766 3852 τῆς
2798 3782 3112 3855 ὁμοιότητος
3155 3787 3326 3857 φέρει.
3384 3784 3547 3837 Πάλιν
3605 3784 3794 3852 μέντοι
3845 3783 3941 3836 καὶ

2360 3874 2516 3926 τοῦτο
2539 3873 2600 3925 τὸ
2623 3873 2925 3945 ἐγχείρημα
2943 3875 3031 3928 τὸν
3055 3876 3316 3946 ἡμέτερον
3357 3874 3550 3945 μᾶλλον
3578 3875 3609 3943 ἢ
3634 3873 3724 3924 τὸν
3767 3872 3940 3926 αὐτοῦ

2361 3967 2514 4034 λόγον
2543 3966 2872 4038 συνίστησιν.
2915 3969 2984 4019 Ἢ
3013 3967 3121 4036 γὰρ
3163 3967 3456 4037 οὐδαμόθεν
3489 3965 3595 4034 ἔχει
3645 3967 3941 4034 παρασχέ-

2364 4060 2484 4112 σθαι
2517 4060 2624 4112 τῶν
2655 4060 2956 4130 εἰρημένων
2983 4061 3080 4122 τάς
3124 4059 3451 4122 ἀποδείξεις,
3481 4058 3511 4127 ἢ
3544 4055 3693 4125 εἴπερ
3731 4058 3809 4108 ὲκ
3837 4057 3940 4107 τῶν

2363 4150 2713 4220 ἀνθρωπίνων
2762 4151 2860 4212 τὰς
2900 4151 3108 4212 εἰκόνας
3155 4149 3436 4213 λαμϐάνοι,
3488 4151 3699 4217 εὑρήσει
3730 4149 3847 4199 οὐκ
3878 4149 3939 4198 ἐκ

2363 4243 2469 4293 τῶν
2496 4243 2673 4313 ἔργων
2715 4242 2807 4295 τοῦ
2839 4243 3081 4310 τεχνίτου
3113 4243 3168 4292 ὲν
3204 4242 3445 4311 περινοίᾳ
3475 4240 3570 4307 τῆς
3603 4241 3805 4301 οὐσίας
3841 4240 3938 4292 αὐ-

2363 4335 2454 4388 τοῦ
2506 4335 2821 4403 γινομένους
2858 4334 3024 4403 ἡμᾶς,
3071 4331 3182 4384 ἀλλ’
3227 4333 3288 4384 ὲκ
3325 4329 3414 4382 τοῦ
3454 4327 3812 4396 γεννηθέντος
3845 4329 3938 4396 τὴν

2363 4426 2454 4479 τοῦ
2489 4425 2875 4495 γεγεννηκότος
2921 4425 3079 4494 φύσιν
3115 4424 3580 4493 ἑπιγινώσκοντας.
3612 4419 3684 4472 Οὐ
3720 4420 3850 4490 γὰρ
3880 4423 3940 4470 ὲκ

705 4531 749 4582 si
786 4528 1100 4597 Unigenitus
1133 4534 1381 4580 creatura
1416 4531 1529 4588 est,
1565 4521 1742 4574 Patris
1775 4522 1930 4576 nobis
1969 4519 2254 4574 essentiam

2365 4521 2464 4590 τῆς
2513 4521 2688 4584 οἰκίας
2740 4521 2836 4592 τὴν
2879 4519 3066 4573 οὐσίαν
3116 4517 3209 4570 τοῦ
3269 4516 3541 4586 οἰκοδόμου
3597 4513 3937 4564 καταλαϐεῖν

707 4639 809 4674 non
837 4621 1056 4674 exhibet
1085 4637 1096 4669 :
1139 4620 1183 4673 si
1230 4632 1358 4671 vero
1388 4615 1600 4670 Patrem
1645 4615 1798 4668 nobis
1828 4625 2012 4667 notum
2051 4629 2146 4682 per
2173 4627 2262 4666 se-

703 4714 879 4781 ipsum
945 4711 1094 4775 facit,
1149 4725 1251 4763 non
1303 4717 1552 4761 creatura
1591 4715 1694 4770 est,
1736 4707 1827 4760 sed
1865 4705 2033 4759 Filius
2080 4719 2260 4769 verus,

707 4803 908 4872 Deique
936 4804 1132 4867 imago.
1160 4811 1213 4854 et
1240 4798 1554 4854 substantia
1597 4799 1900 4851 character.
1937 4796 2119 4864 Atque
2149 4796 2263 4850 haec

705 4898 916 4964 quidem
942 4906 1063 4949 sunt
1087 4893 1409 4962 hujusmodi.

701 4991 853 5060 τέρα,
915 4988 1032 5055 οὐχὶ
1082 4984 1485 5054 δημιούργημα,
1527 4979 1662 5032 ἀλλά
1713 4977 1835 5038 Υἱὸς
1890 4977 2114 5046 ἀληθὴς,
2168 4975 2261 5027 καὶ

704 5083 811 5134 Καὶ
836 5080 1006 5132 ταῦτα
1045 5095 1140 5145 μεν
1168 5077 1406 5126 τοιαῦτα.

776 5269 886 5336 (55)
917 5267 958 5320 Ε
985 5267 1198 5334 regione
1227 5254 1685 5336 recisuszapo‘xﬁg'.
1731 5252 1780 5303 in
1805 5249 2063 5336 'tttargitte
2087 5250 2253 5336 ‘Regii

707 5318 1072 5405 tentii'le‘gitttrl
1098 5337 1196 5387 hoc
1229 5318 1513 5405 scholiunt;
1545 5318 1611 5394 ἦν
1654 5321 1976 5405 ὑπερέχεται
2009 5318 2112 5405 ὑπὸ
2149 5318 2248 5405 :06.

707 5389 1358 5479 ex__pra!stt1ntt'a
1383 5389 1505 5479 _qu¢t
1548 5389 1884 5479 superatura
1930 5389 2253 5479 ξιιμ-εἰδεξί

708 5464 783 5535 ait
819 5464 1188 5536 Coiitbelisius,
1217 5475 1356 5525 hunc
1383 5464 1559 5522 locum
1590 5464 1687 5536 sibi
1714 5464 1876 5536 videri
1911 5464 2258 5536 p0Iius__acci-

708 5529 955 5621 piendum
979 5549 1042 5599 de
1069 5559 1129 5595 ea
1153 5529 1482 5621 tit-restantia,
1509 5551 1609 5603 qm!
1639 5531 1956 5621 Uttigettims
1987 5545 2052 5582 ex
2080 5529 2251 5582 Euno-

709 5603 1008 5676 trnianorum
1036 5603 1301 5668 sententia
1334 5603 1922 5680 Spirituutsuperabat:
1997 5669 2008 5680 .

921 5685 1136 5759 Irrepsit
1171 5669 1416 5734 mendum
1465 5681 1514 5758 in
1547 5669 2254 5759 editionem;[Parisif‘nfgifi

710 5739 1345 5825 negligentia.operarum
1401 5769 1414 5804 :
1475 5751 1659 5813 inqua
1709 5757 1802 5808 pro
1834 5739 2006 5802 τόνοις
2060 5739 2260 5808 legitur

708 5834 905 5892 πόνοις.

2369 4614 2620 4668 δυνατόν·
2652 4617 2715 4668 ἐκ
2770 4615 2949 4684 μέντοι
2998 4611 3090 4664 τοῦ
3139 4612 3469 4680 γεννήματος
3501 4608 3679 4676 νοῆσαι
3748 4605 3938 4673 ῥᾴδιον

2369 4707 2458 4759 τοῦ
2507 4707 2890 4777 γεγεννηκότος
2924 4705 3020 4776 τὴν
3052 4705 3231 4774 φύσιν.
3277 4703 3432 4753 Ὥστε
3461 4703 3505 4750 εἰ
3536 4699 3626 4767 μὲν
3661 4697 3720 4764 δη
3735 4695 3938 4766 μιοὺρ-

2367 4815 2518 4869 γημα
2550 4803 2578 4852 ὁ
2617 4796 2940 4867 Μονογενης,
2976 4798 3036 4850 οὐ
3071 4796 3398 4866 παρίστησιν
3429 4792 3554 4862 ἡμῖν
3587 4787 3679 4840 τοῦ
3709 4789 3939 4859 Harpe;

2366 4890 2463 4958 την
2489 4891 2702 4944 οὐσίαν·
2737 4891 2784 4941 εἰ
2817 4888 2872 4941 δὲ
2901 4889 3152 4960 γνωρίζει
3195 4887 3326 4956 ἡμῖν
3371 4885 3436 4938 δι’
3471 4882 3654 4938 ἑαυτοῦ
3691 4881 3799 4934 τὸν
3836 4885 3940 4936 Πα-

2323 4978 2481 5033 εἰκὼν
2525 4981 2615 5033 τοῦ
2685 4979 2840 5044 Θεοῦ,
2900 4981 2993 5031 καὶ
3058 4977 3168 5046 (58)
3231 4977 3572 5038 ὑποστάσεως
3616 4976 3935 5044 χαρακτήρ-

2437 5249 2550 5321 (57)
2589 5247 2830 5321 Codices
2844 5248 3047 5321 aliquot
3069 5253 3238 5317 λέγει.

2437 5314 2547 5388 (58)
2587 5319 2761 5374 Codex
2795 5314 2950 5374 Colb:
3000 5329 3054 5374 et
3104 5314 3188 5373 alii
3231 5332 3341 5372 trcs
3397 5316 3546 5387 Regii
3597 5314 3736 5388 ἀλλὰ
3811 5316 3931 5377 Υἱὸς

2354 5391 2448 5445 καὶ
2471 5388 2632 5442 εἰκὼν
2659 5389 2977 5460 ἀληθὴςγκαί
3009 5406 3023 5442 ι
3049 5405 3185 5457 quos
3207 5390 3372 5443 libros
3403 5397 3615 5441 secutus
3654 5387 3930 5460 interpres

2354 5465 2434 5515 sic
2464 5463 2622 5514 vertit
2656 5479 2666 5512 :
2705 5457 2830 5513 .S'ed'
2867 5459 3036 5513 Filius
3090 5470 3138 5512 et
3186 5461 3359 5526 imago
3409 5468 3516 5510 erat
3554 5471 3693 5508 rem.
3753 5457 3931 5511 Editio

2355 5544 2581 5599 utraque
2612 5531 2780 5584 Paris.
2821 5540 2876 5582 et
2920 5528 3060 5585 Ven.
3090 5545 3211 5582 cum
3258 5526 3389 5599 Reg.
3426 5537 3679 5599 sextoﬂttt
3714 5528 3768 5580 itt
3805 5541 3929 5599 con-

2359 5595 2524 5654 textu.
2559 5602 2684 5668 iteg.
2713 5611 2936 5667 quartus
2961 5601 3012 5651 in
3049 5601 3287 5663 margine
3321 5595 3388 5668 ita
3424 5608 3481 5668 ut
3516 5598 3802 5668 edidimus
3835 5613 3847 5649 :
3875 5595 3924 5668 i_n

2355 5681 2605 5725 Contettu
2633 5665 2760 5723 vero
2785 5670 2896 5723 ἀλλ’
2921 5670 3065 5735 Υἰὸς,
3100 5670 3192 5722 καὶ
3227 5666 3386 5720 εἰκὼν
3403 5666 3606 5738 ἀληθὴς
3631 5666 3735 5720 τοῦ
3771 5665 3924 5728 Θεοῦ,

2357 5747 2445 5796 sed
2472 5739 2668 5806 Filius,
2692 5751 2738 5793 et
2767 5757 2881 5795 vera
2904 5740 2993 5793 Det'
3019 5743 3214 5809 imago.
