4088 6318
162 381 279 435 649

1269 384 1643 440 ADVliBSUS
1681 383 2044 439 EUNOMIUM
2083 388 2208 443 LIB.
2249 389 2312 442 Il.

3296 380 3402 436 630

244 497 336 549 55.
390 496 451 548 'II
496 497 550 550 δὲ
598 495 910 566 παρενθήκη
939 495 1046 564 (59)
1093 501 1189 567 τῆς
1236 498 1579 566 βλασφημίας
1611 500 1744 568 ὅση;

1921 499 2084 566 270
2110 499 2196 553 33.
2225 502 2342 554 Jam
2372 513 2496 553 vero
2523 507 2720 566 quanta
2745 508 2829 552 est
2854 497 3193 566 blasphemia!
3219 512 3402 550 acces-

162 591 611 660 Καταφρονήσας
657 588 754 655 τῆς
782 589 838 639 εν
878 590 989 651 τοῖς
1025 581 1373 655 Εὑαγγελίοις
1401 589 1649 658 ἀπειλῆς,
1678 590 1743 659 ἢν

162 683 196 731 ὁ
239 681 443 750 Κύριος
497 681 607 740 τοῖς
663 676 722 730 τὸ
747 676 967 749 Πνεῦμα
998 681 1059 733 τὸ
1123 679 1274 746 ἆγιον
1324 678 1743 750 βλασφημήσασι

166 770 562 843 φοϐερωτάτην
615 769 1003 836 ὲπανετείνατο,
1054 769 1440 840 δημιούργημα
1486 769 1631 839 λέγει
1684 772 1744 824 τὸ

167 861 402 932 Πνεῦμα
442 860 504 911 τὸ
533 861 709 928 ἅγιον·
756 861 949 932 μικροῦ
992 860 1122 930 μηδὲ
1156 858 1292 921 ζῶον
1336 859 1465 913 αὐτὸ
1506 855 1642 913 εἶναι
1670 861 1745 913 δι-

165 950 324 1014 δοὺς,
376 952 486 1010 τοῖς
545 949 787 1020 ἀψύχοις,
820 952 895 1014 ὡς
923 949 986 1003 τὰ
1028 948 1214 1012 πολλὰ,
1240 952 1338 1020 τῆς
1381 949 1746 1021 προσηγορίας

164 1042 378 1109 ταύτης
416 1042 848 1113 ὲφαρμοζούσης.
875 1042 948 1093 Οὐ
982 1040 1087 1110 γὰρ
1106 1040 1189 1112 δὴ,
1223 1043 1303 1094 ὅτι
1330 1040 1595 1112 προέλαϐε
1635 1041 1744 1111 (60)

166 1135 244 1201 τῇ
321 1131 633 1203 βλασφημίᾳ
671 1134 842 1203 ταύτῃ
897 1132 987 1184 τὸν
1042 1132 1276 1202 Κύριον,
1325 1131 1646 1201 καθυφεῖναί
1693 1149 1746 1184 τι

168 1227 331 1294 ἡμᾶς
377 1227 475 1297 τῆς
503 1228 921 1296 ἀγανακτήσεως
969 1223 1134 1289 ἄξιον.
1178 1228 1250 1278 Οὐ
1281 1224 1388 1296 γὰρ
1429 1222 1748 1294 παραμυθία

167 1316 340 1370 τοῦτο
364 1319 460 1388 τῆς
483 1317 751 1380 ἀσεϐείας,
779 1317 911 1370 ἀλλά
934 1319 1211 1389 προσθήκη
1231 1319 1329 1389 τῆς
1353 1315 1744 1388 κατακρίσεως.

187 1409 347 1462 Ἐπεὶ
373 1412 464 1462 καὶ
499 1407 606 1478 (61)
639 1411 664 1461 ὁ
697 1409 895 1481 Κύριος
928 1411 1024 1482 τὴν
1068 1411 1166 1479 μὲν
1200 1412 1277 1474 είς
1319 1409 1480 1462 αὐτὸν
1515 1408 1753 1478 βλασφη-

175 1503 317 1570 μίαν
340 1504 403 1556 δι’
416 1501 722 1572 ἀγαθότητα
754 1501 1094 1573 συνεχώρησε
1114 1517 1127 1531 ·
1152 1503 1248 1572 τὴν
1277 1503 1332 1554 δὲ
1353 1504 1430 1565 είς
1454 1503 1512 1554 τὸ
1528 1498 1749 1569 Πνεῦμα

172 1594 243 1646 τὸ
269 1594 420 1659 ἆγιον
453 1594 850 1664 ἀναπόδραστον
876 1589 1013 1644 εἶναι
1040 1595 1150 1655 τοῖς
1182 1594 1511 1664 τολμήσασιν
1539 1593 1752 1662 ἀπεφή-

173 1699 330 1737 νατο.
386 1683 607 1755 Πρῶτος
655 1685 831 1736 τοίνυν
879 1683 988 1734 τῶν
1043 1684 1134 1752 ἀφ’
1171 1677 1230 1738 οῦ
1263 1684 1324 1736 τὸ
1364 1686 1622 1754 κήρυγμα
1651 1684 1750 1753 τῆς

174 1774 466 1838 εὐσεϐείας
523 1774 968 1845 περιαγγέὶλεται
1003 1777 1335 1846 ὲπιφυέντων
1387 1779 1451 1846 τῇ
1500 1774 1746 1846 ἀληθείᾳ,

1851 591 1932 642 sio
1963 590 1986 642 ?
2024 588 2193 641 Minas
2230 606 2321 646 eas
2353 606 2486 658 quas
2513 591 2564 644 in
2599 588 2886 658 Evangelio
2911 589 3162 644 Dominus
3198 590 3248 640 in
3279 588 3402 656 Spi-

1852 682 2010 732 ritum
2066 690 2308 733 sanctum
2353 682 2843 754 lilaispliernantibus
2900 694 3156 750 perquam
3216 681 3402 733 formi-

1851 772 2058 823 dandas
2084 771 2373 824 intentavit
2398 774 2463 835 ⁸⁷,
2481 780 2823 841 aspernatus,
2848 783 3152 826 creaturam
3176 789 3296 829 esse
3330 775 3406 827 ait

1851 863 2108 932 Spiritum
2136 873 2378 916 sanctum
2406 881 2421 929 ;
2463 867 2541 916 sic
2595 880 2653 920 ut
2703 881 2890 937 parum
2923 865 3082 929 absit,
3109 876 3256 920 utne
3289 869 3406 918 ani-

1851 954 1956 1010 mal
1995 954 2209 1022 quidem
2242 968 2362 1006 eum
2395 970 2512 1008 esse
2540 960 2823 1022 concedat,
2854 973 2977 1013 cum
3032 957 3144 1011 ha~c
3170 957 3402 1026 appellu-

1852 1047 1923 1101 tio
1972 1055 2030 1098 ut
2075 1045 2360 1113 plurimum
2415 1045 2727 1099 iuanimatis
2777 1049 3235 1104 accommodetur.
3299 1048 3406 1101 Nz-c

1853 1141 1998 1191 enim
2029 1136 2292 1207 profecto,
2326 1137 2467 1205 quod
2497 1137 2635 1191 hanc
2660 1139 2816 1192 istam
2847 1138 3230 1208 blasphemiam
3260 1142 3408 1208 prius

1853 1230 1903 1281 in
1941 1230 2524 1294 Dominum’evomuit,
2554 1238 2838 1299 propterea
2878 1229 3077 1298 aliquid
3107 1249 3205 1287 nos
3229 1233 3295 1287 de
3322 1233 3404 1285 in-

1854 1321 2168 1388 dignatione
2195 1322 2474 1376 remittere
2508 1337 2608 1389 par
2630 1322 2809 1376 fuerit.
2843 1319 2955 1376 Hoc
2976 1322 3115 1375 enim
3145 1327 3407 1394 mitigatio

1853 1421 2073 1466 nonest
2117 1414 2428 1482 impietatis,
2480 1415 2574 1466 sed
2629 1415 3093 1482 condemnationis
3150 1419 3402 1469 accessio.

1852 1504 1985 1557 Nam
2019 1513 2073 1557 et
2103 1504 2359 1560 Dominus
2390 1503 2656 1575 prolatam
2690 1506 2741 1556 in
2799 1521 2855 1558 se
2909 1504 3296 1573 blasphemiam
3343 1511 3409 1558 ob

1853 1611 2003 1650 suam
2041 1595 2335 1650 bonitatem
2375 1595 2584 1650 remisit
2615 1613 2627 1649 :
2673 1603 2728 1645 at
2759 1610 2875 1646 eam
2911 1613 3030 1664 quae
3063 1597 3114 1649 in
3149 1594 3407 1662 Spiritum

1854 1695 2097 1739 sanctum
2117 1685 2338 1754 jacitur,
2373 1686 2692 1739 audentibus
2735 1685 3115 1742 inevitabiliter
3139 1689 3410 1756 imputan-

1853 1778 1974 1830 dam
2017 1775 2405 1847 pronuntiavit.
2445 1775 2656 1831 Printns
2691 1791 2822 1841 ergo
2858 1776 3067 1831 illorum
3099 1782 3187 1846 qui
3212 1779 3412 1833 verita-

173 1865 387 1936 ταύτην
409 1867 668 1935 ἐτόλμησε
697 1867 794 1935 τὴν
823 1865 1001 1938 φωνὴν
1048 1868 1264 1938 ἀφεῖναι
1295 1866 1422 1939 περὶ
1459 1866 1551 1920 τοῦ
1581 1867 1751 1920 Πνεῦ-

1859 1878 1961 1920 tem
1994 1867 2164 1921 adorti
2207 1875 2352 1928 sunt,
2385 1879 2452 1918 ex
2502 1880 2608 1933 quo
2640 1867 2856 1935 pietatis
2905 1868 3211 1936 praedicatio
3240 1869 3412 1921 divul-

180 1974 375 2027 ματος.
402 1956 606 2009 Οῠκουν
639 1956 780 2019 τινὸς
834 1957 993 2028 μέχρι
1038 1961 1272 2031 τήμερον
1300 1960 1617 2032 ἀκηκόαμεν
1661 1960 1752 2030 δη-

180 2051 505 2122 μιούργημα
528 2051 588 2104 τὸ
611 2052 760 2120 ἅγιον
788 2052 1008 2122 Πνεῦμα
1051 2053 1161 2123 (62)
1191 2055 1576 2122 προσειπόντος
1594 2095 1608 2119 ,
1633 2053 1666 2123 ἢ
1693 2054 1752 2105 ὲν

175 2148 298 2208 τοῖς
328 2147 758 2213 καταλειφθεῖσιν
793 2145 883 2196 ὑπ’
924 2145 1102 2195 αὐτῶν
1132 2144 1308 2211 λόγοις
1342 2144 1439 2214 τὴν
1485 2160 1756 2214 προσηγο-

181 2237 309 2307 ρίαν
341 2237 542 2306 ταύτην
559 2238 892 2306 εὑρήκαμεν.
923 2231 1054 2288 Εἶτά
1078 2250 1261 2306 φησιν·

253 2412 413 2464 ΕΥΝ.
461 2413 523 2466 El
569 2414 633 2465 ὲκ
678 2412 784 2466 τῶν
832 2411 1324 2484 δημιουργημὰτων
1370 2413 1624 2481 ἀνάγοιτό
1674 2431 1757 2477 τις

182 2503 323 2572 πρὸς
355 2502 452 2572 τὴν
503 2503 601 2574 τῆς
643 2503 827 2565 οὐσίας
871 2502 1192 2574 κατάληψιν,
1239 2505 1455 2574 εὑρήσει
1509 2500 1602 2556 τοῦ
1659 2504 1755 2574 μὲν

180 2595 482 2666 ἀγεννήτου
521 2595 611 2648 τὸν
657 2595 783 2648 Υίὸν
815 2597 1045 2666 ποίημα,
1086 2596 1180 2649 τοῦ
1214 2596 1269 2648 δὲ
1304 2595 1636 2662 Μονογενοῦς
1667 2596 1756 2647 τὸν

184 2685 566 2757 Παρὰκλητον.

260 2777 409 2830 ΒΑΣ.
468 2778 660 2837 Ἀλλος
703 2768 858 2840 οὗτος
899 2777 1098 2846 τρόπος
1143 2778 1244 2846 τῆς
1320 2777 1572 2840 ἀσεϐείας
1621 2776 1754 2846 (65)·

182 2863 351 2917 διπλᾶ
392 2865 727 2936 βλασφημεῖν
771 2869 828 2920 ὲν
861 2866 940 2920 ἐν).
965 2867 1189 2938 ῥήματι,
1226 2867 1317 2919 καὶ
1352 2866 1450 2936 τὴν
1482 2865 1574 2918 τοῦ
1607 2867 1757 2934 ἁγίου

185 2955 504 3026 Πνεύματος
539 2954 880 3023 ὲξουδένωσιν
926 2959 1000 3022 ὡς
1038 2959 1469 3030 ὁμολογουμένην
1509 2957 1757 3022 λαϐόντα,

185 3047 436 3102 ἐντεῦθεν
461 3051 699 3120 ὁρμῆσαι
725 3051 861 3120 πρὸς
890 3051 985 3119 τὴν
1030 3049 1299 3115 ἀπόδειξιν
1333 3050 1430 3121 τῆς
1471 3050 1565 3102 τοῦ
1591 3052 1762 3104 Μονο-

1853 1975 1976 2027 gata
2013 1972 2115 2024 est,
2151 1960 2288 2014 hanc
2320 1957 2383 2013 tie
2407 1959 2609 2027 Spiritu
2641 1974 2825 2014 vocem
2843 1960 3090 2014 emittere
3119 1975 3280 2016 ausus
3305 1970 3410 2017 est.

1855 2050 2064 2103 Etenim
2093 2050 2182 2116 qui
2220 2048 2478 2116 Spiritum
2538 2061 2784 2102 sanctum
2819 2058 3119 2103 creaturam
3177 2049 3412 2117 appella-

1856 2139 1946 2200 rit,
1972 2139 2274 2191 audivimus
2302 2137 2569 2191 neminem
2602 2139 2666 2190 ad
2709 2138 3025 2191 hodiernum
3054 2153 3223 2207 usque
3249 2139 3412 2204 diem,

1857 2247 2028 2300 neque
2077 2231 2130 2285 in
2169 2232 2236 2286 iis
2278 2247 2415 2300 quos
2445 2232 2712 2300 reliquere
2751 2231 2902 2286 libris
2935 2232 3074 2287 hanc
3094 2231 3413 2304 appellatio-

1857 2339 1976 2377 nem
2004 2324 2323 2377 invenimus.
2352 2325 2533 2393 Itaque
2546 2324 2673 2378 dicit
2696 2339 2710 2376 :

1926 2413 2059 2468 Eua.
2124 2413 2180 2466 Si
2205 2413 2325 2482 quis
2353 2415 2682 2468 subvehatur
2711 2429 2741 2468 e
2770 2414 3033 2468 creaturis
3057 2413 3120 2465 ad
3153 2413 3407 2465 substan-

1859 2507 1945 2560 tia:
1979 2505 2564 2573 comprehensionem,
2605 2505 2828 2571 ingeniti
2861 2505 3075 2573 quidem
3115 2514 3416 2558 creaturam

1858 2597 2052 2652 Filium
2084 2597 2339 2662 inveniet,
2379 2594 2651 2666 Unigeniti
2688 2612 2834 2661 vero,
2860 2595 3219 2651 Paracletum.

1929 2778 2055 2832 Bas.
2095 2778 2246 2830 Alius
2299 2776 2385 2831 hic
2428 2786 2510 2829 est
2555 2774 2844 2844 impietatis
2891 2775 3099 2827 modus.
3153 2771 3415 2826 Nimirum

1860 2869 2145 2938 dupliciter
2235 2870 2571 2936 hlasphemat
2648 2869 2811 2920 verbo
2870 2868 3067 2930 unico,
3139 2866 3421 2930 sanctique

1863 2961 2097 3030 Spiritus
2118 2969 2429 3028 contemptu
2459 2999 2472 3024 ,
2509 2959 2663 3026 quasi
2701 2973 2788 3011 res
2819 2955 3066 3011 confessa
3100 2956 3188 3019 sit,
3220 2956 3419 3022 posita,

1860 3054 1987 3109 hinc
2047 3054 2112 3105 ad
2155 3052 2624 3104 demonstrandam
2673 3049 2941 3118 Unigeniti
2997 3049 3419 3102 imminutionem

185 3141 382 3210 γενοῦς
407 3141 768 3204 ἐλαττώσεως.
809 3144 938 3198 Καὶ,
970 3141 1044 3204 ὼς
1075 3141 1268 3202 ἔοικεν,
1295 3145 1359 3193 Οἱ
1389 3142 1486 3210 μὲν
1519 3144 1756 3209 οὐρανοὶ

1863 3149 2182 3202 concitatur.
2210 3147 2407 3215 Atque,
2439 3154 2497 3197 ut
2529 3161 2624 3214 par
2648 3155 2749 3208 est,
2781 3144 2910 3198 (ἴαιίί
2933 3145 3144 3213 quidem
3174 3151 3420 3197 anan-ant

184 3229 534 3299 διηγοῦνται
559 3231 746 3296 δόξαν
765 3232 911 3286 Θεοῦ
931 3247 943 3259 °
977 3231 1036 3283 τὸ
1064 3231 1119 3284 δὲ
1144 3231 1365 3302 Πνεῦμα
1398 3232 1457 3284 τὸ
1486 3232 1638 3300 ἆγιον
1663 3236 1759 3302 τὴν

186 3324 294 3393 τῆς
344 3324 499 3395 δόξης
561 3326 853 3378 ἐλάττωσιν
899 3323 990 3376 τοῦ
1047 3323 1380 3393 Μονογενοῦς
1424 3325 1760 3393 ἀναγγέλλει.

187 3415 306 3468 Καὶ
356 3417 383 3468 ό
438 3416 538 3485 μὲν
584 3415 786 3487 Κύριος
846 3416 973 3487 περὶ
1023 3415 1115 3469 τοῦ
1165 3415 1516 3488 Παρακλήετου
1569 3416 1760 3483 λέγων,

202 3506 460 3572 Ἐκεῖνος
482 3506 585 3574 ἐμὲ
607 3508 870 3572 δοξάσει,
904 3508 1066 3580 φησίν
1087 3526 1100 3539 ·
1133 3509 1165 3578 ή
1189 3507 1244 3560 δὲ
1271 3508 1573 3579 κατήγορος
1600 3507 1767 3576 γλῶτ-

187 3612 264 3649 τα
315 3598 569 3665 ἐμπόδιον
612 3595 749 3650 εἶναι
802 3599 880 3668 τῷ
907 3599 1022 3669 Υἱῴ
1073 3601 1171 3670 τῆς
1227 3602 1362 3670 πρὸς
1410 3601 1499 3654 τὸν
1548 3601 1764 3670 Πατέρα

191 3689 536 3760 συγκρίσεως
570 3690 943 3757 ἀποφαίνεται.
995 3692 1207 3762 Ἐπειδὴ
1240 3692 1347 3762 γὰρ
1389 3692 1480 3745 τοῦ
1519 3694 1766 3764 Πνεῦμα-

189 3797 306 3843 τος.
341 3781 492 3850 φησι,
526 3782 752 3852 ποιητὴς
782 3785 808 3835 ό
836 3783 961 3845 Υἱὸς
984 3782 1161 3853 (ἱλεως
1190 3783 1245 3836 δὲ
1272 3786 1420 3854 ἡμῖν,
1455 3785 1642 3855 Κύριε,
1675 3787 1764 3837 ἐπὶ

189 3877 309 3936 τοῖς
335 3872 441 3943 (64)
477 3873 824 3943 λαλουμένοις
850 3875 1006 3943 εἴης),
1049 3875 1206 3927 τοῦτο
1246 3875 1301 3928 δὲ
1329 3876 1566 3928 τοιοῦτόν
1597 3879 1762 3941 ἐστιν,

192 3965 274 4026 ὼς
311 3964 576 4034 μηδεμίαν
606 3963 907 4034 σεμνότητα
948 3963 1026 4033 τῷ
1058 3964 1518 4035 δημιουργήσαντι
1548 3981 1765 4035 προστι-

195 4055 370 4118 θέναι,
399 4054 486 4106 διὰ
518 4055 674 4107 τοῦτο
705 4055 824 4108 οὐδὲ
859 4053 1243 4124 συγκρίνεσθαι
1280 4054 1356 4125 τῷ
1387 4055 1561 4126 Πατρὶ
1596 4055 1762 4119 ἄξιος,

195 4147 266 4198 ὲκ
293 4146 390 4217 τῆς
415 4139 489 4198 ὧν
517 4148 768 4216 εποίησεν
794 4147 1062 4210 εὐτελείας
1101 4147 1162 4198 τὸ
1199 4147 1454 4217 ὁμότιμον
1493 4148 1586 4216 τῆς
1615 4148 1767 4211 ἀξίας

194 4236 551 4311 ἀφῃρημένος

272 4331 359 4384 54.
381 4325 448 4382 τΑ
458 4347 526 4401 pa.
548 4329 817 4400 ἀκηκόατέ
847 4347 974 4384 ποτε
993 4328 1334 4399 βλασφημίας
1355 4328 1762 4398 χαλεπωτέρας;

199 4419 314 4494 ἆρά
342 4440 426 4486 τις
465 4421 605 4474 οὕτω
654 4422 962 4494 περιφανῶς
1001 4424 1079 4484 είς
1117 4423 1177 4474 τὸ
1215 4422 1450 4490 ἄφυκτον
1478 4424 1647 4492 κρῖμα.
1670 4422 1766 4492 τῆς

1865 3239 2087 3307 gloriam
2121 3237 2212 3290 Dei
2244 3238 2288 3267 "‘
2325 3255 2337 3290 :
2374 3235 2610 3306 Spiritus
2651 3250 2783 3289 vero
2828 3244 3047 3288 sanctus
3093 3235 3424 3289 imminutio—

1867 3343 1986 3380 nem
2022 3328 2203 3393 gloria:
2244 3327 2514 3397 Unigeniti
2554 3329 2786 3380 nuntiat.
2826 3327 2887 3380 Iit
2929 3327 3184 3379 Dominus
3217 3326 3284 3377 de
3316 3322 3423 3376 Pa-

1867 3418 2066 3471 racleto
2098 3419 2354 3487 loquens:
2390 3419 2522 3484 Ille,
2559 3419 2768 3486 inquit,
2800 3433 2879 3469 me
2916 3416 3327 3485 glori/habit”;
3367 3423 3423 3468 at

1869 3509 2126 3564 maledica
2191 3509 2280 3562 illa
2335 3511 2514 3578 lingua
2580 3509 2773 3562 Filium
2834 3523 2930 3577 per
2987 3523 3107 3561 eum
3176 3506 3420 3577 impediri

1869 3602 2217 3670 pronuntiat,
2258 3616 2323 3654 ne
2383 3615 2501 3651 cum
2556 3599 2715 3652 Patre
2763 3608 3121 3666 comparetur.
3158 3596 3421 3663 Quoniam

1866 3693 2032 3755 enim,
2068 3692 2263 3761 inquit,
2292 3691 2526 3760 Spiritus
2547 3691 2790 3744 conditor
2818 3699 2900 3742 est
2928 3688 3094 3742 Filius
3120 3687 3215 3755 (sis
3240 3695 3420 3736 autem

1869 3785 2058 3850 nobis,
2100 3782 2320 3838 Domine
2348 3823 2361 3846 ,
2399 3783 2462 3835 de
2499 3781 2561 3834 iis
2591 3796 2709 3848 quae
2756 3780 3043 3847 loquimur,
3085 3773 3371 3845 propitius)
3406 3789 3420 3826 :

1868 3876 1953 3929 hic
1999 3885 2176 3927 autem
2211 3871 2329 3925 talis
2361 3881 2479 3933 est,
2514 3879 2570 3922 ut
2601 3869 2766 3923 decus
2801 3867 3003 3920 nullum
3047 3865 3248 3920 tribuat
3295 3877 3424 3916 con-

1867 3967 2061 4028 ditori,
2123 3963 2325 4017 idcirco
2379 3975 2553 4027 neque
2603 3959 2796 4028 dignus
2831 3968 2913 4012 est
2962 3956 3050 4024 qui
3097 3970 3216 4009 cum
3265 3952 3425 4009 Patre

1865 4066 2228 4126 comparetur,
2275 4069 2397 4107 cum
2446 4054 2513 4106 ob
2560 4067 2746 4106 eorum
2791 4068 2910 4119 quae
2959 4049 3086 4103 fecit.
3127 4048 3421 4112 vilitatem,

1868 4146 2144 4217 dignitatis
2169 4145 2476 4216 arqualitatc
2502 4145 2739 4213 privatus
2768 4143 2855 4195 sit.

1937 4327 2025 4383 54.
2065 4325 2198 4379 Num
2243 4337 2478 4391 unquam
2522 4321 2747 4373 audistis
2779 4315 3164 4384 blasphemiam
3213 4312 3426 4380 gravio-

1867 4437 1980 4475 rem
2007 4420 2030 4471 ?
2054 4435 2179 4472 num
2221 4417 2342 4485 quis
2370 4415 2503 4468 adeo
2540 4413 2824 4481 perspicue
2863 4410 2912 4460 in
2943 4403 3249 4460 inevitabile
3277 4401 3422 4469 judi-

196 4519 282 4581 είς
311 4515 372 4569 τὸ
399 4514 616 4586 Πνεῦμα
653 4515 712 4567 τὸ
743 4517 894 4584 ἆγιον
921 4514 1265 4586 βλασφημίας
1291 4513 1584 4578 κατέπεσε;
1626 4513 1758 4567 Μον-

1871 4516 2009 4567 cium
2068 4512 2136 4565 ob
2182 4510 2493 4575 blasphema
2541 4506 2592 4559 in
2648 4503 2909 4572 Spiritum
2959 4509 3204 4554 sanctum
3264 4494 3427 4547 verba

271 4677 314 4707 "
345 4675 529 4730 Matth.
562 4690 660 4740 xu,
685 4673 772 4729 3I.
848 4675 892 4707 ’⁸
921 4673 1058 4729 Psal.
1087 4689 1242 4738 xvm,
1278 4674 1333 4729 2.
1411 4672 1628 4727 "Joan.
1660 4688 1770 4738 xvr,
1801 4671 1884 4724 I4.

275 4835 385 4902 (59)
415 4833 566 4902 Illud,
602 4831 938 4902 παρενθήκη,
975 4831 1128 4886 debet
1174 4845 1340 4899 aCCIpl
1374 4845 1438 4884 ne
1477 4846 1541 4883 eo
1569 4830 1753 4902 c_onvi-

199 4899 310 4961 cio.
342 4899 447 4972 quo
485 4899 743 4970 Spiritum
789 4899 1036 4972 sanctum
1078 4912 1422 4956 consectatus
1462 4910 1549 4972 est
1581 4899 1756 4953 Enno-

201 4977 386 5026 mius:
423 4974 560 5039 quod
614 4984 720 5025 tam
763 4987 925 5040 grave
968 4971 1142 5024 fuitet
1176 4983 1282 5023 tam
1320 4971 1672 5040 horrendum,
1699 4978 1757 5020 ut

201 5044 577 5096 contumeliam
617 5039 784 5108 ipsaui
809 5058 910 5111 qua
928 5042 1232 5094 oEunomius
1265 5041 1456 5094 Filium
1485 5039 1756 5111 affecerat,

201 5114 362 5180 longe
391 5113 675 5179 superarit.
715 5108 966 5181 I‘Iuc'ipso
993 5112 1044 5164 in
1076 5113 1194 5164 loco
1241 5127 1370 5165 mss.
1397 5108 1639 5181 nonnulli
1664 5125 1760 5160 κα-

199 5179 550 5264 ’πατέρονήσας
594 5183 722 5253 γάρ.
778 5179 1014 5236 Subinde
1065 5197 1195 5237 mss.
1254 5182 1456 5252 aliquot
1522 5179 1762 5251 βλασφη-

247 5271 387 5306 ουσι.

203 5271 387 5325 μουσι.

215 5320 593 5401 __(§0)_Editio
628 5322 759 5401 Ven.
798 5334 854 5401 et
908 5321 1076 5401 nostri
1126 5332 1354 5401 septem.
1415 5335 1547 5375 mss.
1593 5336 1764 5401 προσ-

201 5389 386 5446 έλαϐε.
407 5394 463 5445 In
494 5406 600 5460 quo
636 5392 817 5444 mirari
859 5393 1000 5445 subit
1031 5389 1449 5460 Trapezuntium
1487 5406 1595 5444 uno
1622 5389 1766 5460 litte-

202 5465 337 5517 rula:
373 5461 735 5515 additamento
767 5461 838 5513 ita
872 5462 1116 5514 delusum
1144 5459 1292 5522 esse,
1321 5471 1375 5512 ut
1425 5472 1590 5514 totum
1647 5459 1766 5525 ejus

202 5532 308 5586 loci
345 5532 662 5585 sententiam
693 5533 1013 5598 corruperit,
1048 5532 1406 5596 interpretans
1437 5532 1537 5584 hoc
1567 5531 1722 5583 modo
1749 5547 1759 5579 :

205 5603 490 5654 hominum
541 5617 742 5668 quoque
770 5602 838 5652 ad
873 5601 1007 5652 hanc
1035 5601 1406 5668 blasphemiam
1463 5601 1756 5665 conjunxit.

206 5669 325 5724 Non
358 5673 500 5740 enim
562 5671 875 5731 Eunomius,
917 5680 974 5722 ut
1021 5672 1202 5725 verbis
1254 5680 1391 5740 utar
1429 5671 1756 5738 interpretis,

209 5739 494 5794 Dominum
532 5740 597 5793 ad
650 5741 789 5795 hanc
837 5741 1222 5806 blasphemiam
1277 5739 1555 5808 conjunxit
1609 5757 1622 5792 τ
1669 5741 1759 5796 sed

212 5810 474 5880 Spiritum
528 5822 794 5869 sanctum.
859 5813 1025 5869 Ilectc
1081 5811 1236 5881 igitur
1269 5821 1321 5866 ct
1371 5814 1674 5877 emendate,
1703 5820 1761 5866 ut

1867 4836 2050 4882 monet
2081 4825 2324 4886 Ducaeus,
2373 4820 2425 4874 in
2467 4817 2790 4872 editionibus
2834 4813 3114 4886 Basiliensi
3155 4823 3208 4865 et
3235 4812 3420 4878 Steph.

1864 4912 1961 4964 pro
1987 4892 2288 4965 προσέλαϐε
2312 4883 2509 4958 legitur
2527 4886 2788 4965 προέλαϐε
2821 4906 2836 4940 ε
2873 4886 2992 4939 Non
3021 4883 3155 4965 enini
3177 4899 3423 4962 quantum

1865 4952 1960 5019 ltoc
1989 4952 2217 5018 cunt-icio
2248 4952 2524 5015 Dominum
2570 4952 2721 5026 'prius
2766 4961 3031 5010 insecutus
3084 4963 3157 5005 est
3190 4992 3206 5016 ,
3255 4952 3424 5026 minus

1866 5035 2133 5104 indignari
2184 5033 2448 5104 debemus.
2502 5023 2721 5081 Ill-clam
2770 5023 3422 5104 illam__et__en_iendatam

1867 5091 2190 5174 scripturam
2240 5103 2417 5174 secuti
2485 5109 2610 5154 sunt
2665 5094 2979 5167 typographi
3036 5091 3419 5145 I’arisienses:

1867 5173 2000 5244 quos
2033 5173 2452 5244 nosinpita_mu_r.
2531 5240 2540 5244 _
2626 5238 2636 5244 _
2721 5236 2731 5244 _
2817 5237 2827 5244 _
2896 5235 2909 5244 ,

1940 5244 2049 5311 (6|)
2087 5242 2223 5296 Editi
2272 5241 2424 5294 Ἐπεὶ
2450 5240 2562 5293 καί.
2599 5235 2983 5311 _Auti_qui_duo
3039 5230 3157 5311 libri
3204 5228 3425 5302 Ἐπειδὴ

1871 5302 1978 5368 καί.
2017 5302 2133 5365 Mox
2157 5313 2287 5380 Reg.
2314 5323 2536 5382 quartus
2560 5308 2657 5378 τὴν
2686 5302 2780 5382 μὲν
2816 5309 2893 5382 εἰς
2920 5302 3128 5382 ἑαυτόν.
3217 5370 3227 5382 υ

1942 5383 2051 5452 (62)
2081 5384 2216 5436 Editi
2235 5371 2406 5453 ᾖέῇρι
2439 5371 3011 5453 σήμερονάκηκόαμεν
3038 5371 3424 5453 δημιοῦργημα

1869 5455 1929 5508 τὸ
1951 5447 2172 5523 Πνεῦμα
2199 5447 2259 5504 τό
2289 5447 2459 5520 δι’γίον.
2483 5447 2648 5503 Paulo
2678 5449 2832 5500 aliter
2866 5447 2918 5498 in
2946 5456 3076 5496 mss.
3105 5452 3325 5503 IIUSU'lS,
3352 5447 3425 5491 uti

1870 5541 1932 5579 ex
1964 5533 2215 5577 contextu
2245 5523 2695 5591 perspicipotest.

1940 5593 2052 5662 (65)
2105 5580 2316 5654 Antiqui
2352 5580 2455 5644 duo
2487 5580 2606 5643 libri
2658 5586 2858 5659 τρόπος
2909 5583 3004 5653 τῆς
3056 5580 3424 5652 βλασφημίας,

1868 5666 2051 5717 modus
2087 5662 2433 5734 blasphemiw.
2500 5733 2504 5734 ν
2566 5731 2572 5734 Δ
2682 5732 2701 5734 _
2908 5727 2921 5734 _
2973 5728 2985 5734 _
3047 5721 3059 5734 ,
3109 5723 3120 5734 ,
3383 5717 3392 5727 .

1939 5735 2050 5804 (64)
2076 5721 2298 5793 Codices
2353 5735 2457 5789 duo
2493 5731 2586 5785 ἐπὶ
2619 5732 2749 5793 τοῖς.
2792 5727 2945 5790 Illud,
2972 5721 3082 5785 ἐπί,
3109 5723 3183 5777 iu~
3210 5721 3426 5776 excusis

1869 5807 2069 5862 deerat.
