4088 6318
137 384 252 441 653

1256 376 1622 432 ADVERSUS
1663 377 2029 433 EUNOMIUM
2072 376 2200 430 LIB.
2247 374 2332 428 Ill.

3280 370 3384 425 653.

146 517 3380 571 _________________________________________...

1176 756 1513 882 KAT'
1607 762 2399 881 ΕΥΝΟΜΙΟΥ

1528 1036 1889 1125 ΛΟΓΟΣ
1926 1030 2039 1118 Γ’.

1182 1292 1339 1347 ΠΕΡΙ
1378 1293 1514 1346 ΤΟΥ
1550 1293 1753 1344 ΑΙΊΟΥ
1790 1287 2214 1345 ΠΝΕΥΜΑΤΟΣ
2254 1285 2384 1357 (74).

647 1685 1117 1779 CONTRA
1192 1682 1874 1776 EUNOMIUM
1960 1681 2317 1769 LIBER
2390 1678 2901 1769 TERTIUS

1409 1917 1496 1973 DE
1531 1916 1800 1974 SPIRITU
1848 1915 2130 1973 SANCTO.

234 2290 291 2334 1.
340 2279 487 2332 ΒΑΣ.
527 2277 692 2340 Μόλις
727 2276 855 2329 ποτὲ
892 2276 1002 2344 (75)
1035 2277 1310 2346 κορεσθεὶς
1360 2275 1467 2326 τῶν
1519 2275 1596 2337 είς
1642 2273 1732 2326 τὸν

1908 2272 1957 2325 1.
1999 2270 2120 2325 Bas.
2141 2269 2237 2324 Vix
2260 2267 2468 2321 tandem
2491 2263 2901 2334 blasphemiisin
2934 2259 3273 2332 Unigenitum
3293 2278 3381 2317 cx-

155 2372 444 2443 Μονογενῆ
479 2370 850 2443 βλασφημιῶν,
880 2369 971 2419 ἐπὶ
996 2370 1054 2421 τὸ
1085 2369 1303 2439 Πνεῦμα
1324 2368 1383 2420 τὸ
1415 2368 1566 2435 ἆγιον
1600 2383 1728 2437 μετ-

156 2466 443 2536 ελήλυθεν,
484 2462 748 2516 ἀκόλουθα
786 2463 849 2529 τῇ
891 2460 984 2530 ὅλῃ
1031 2459 1192 2512 αὐτοῦ
1250 2458 1357 2530 (76)
1420 2457 1729 2532 προαιρέσει

155 2561 257 2611 καὶ
284 2557 414 2627 περὶ
442 2554 626 2607 τούτου
654 2551 1026 2619 διαλεγόμενος
1046 2567 1060 2582 ·
1089 2552 1285 2623 γράφει
1316 2552 1370 2605 δὲ
1401 2550 1589 2614 οὕτως·

234 2648 399 2699 ΕΥΝ.
464 2642 798 2713 Ἀρκούντων
864 2641 919 2694 δὲ
964 2644 1096 2712 ἡμῖν
1151 2643 1415 2696 τοσούτων
1462 2643 1588 2713 περὶ
1637 2640 1729 2695 τοῦ

157 2732 525 2802 Μονογενοῦς,
561 2731 847 2786 ἀκόλουθον
894 2731 958 2786 ἂν
1003 2731 1086 2803 εἴη
1134 2732 1228 2785 καὶ
1275 2730 1521 2802 περὶτοῦ
1552 2731 1733 2801 Παρα-

160 2827 365 2897 κλήτου
395 2824 574 2877 λοιπὸν
601 2826 771 2877 εἰπεῖν
794 2838 809 2854 ο
845 2822 903 2875 ού
938 2823 1053 2884 ταῖς
1079 2820 1444 2887 ἀνεξετάστοις
1470 2818 1575 2874 τῶν
1608 2820 1733 2871 πολ-

159 2916 272 2969 λῶν
301 2914 725 2977 ἀκολουθοῦντας
743 2913 940 2979 δόξαις,
970 2913 1067 2983 τὴν
1089 2913 1144 2965 δὲ
1168 2912 1274 2964 τῶν
1298 2910 1463 2980 ἁγίων
1486 2913 1541 2963 ἐν
1566 2911 1733 2964 ἆπασι

165 3007 543 3075 φυλάσσοντας
569 3004 933 3068 διδασκαλίαν,
969 3004 1096 3073 παρ’
1119 2997 1193 3057 ὧν
1216 3003 1394 3074 τρίτον
1426 3002 1557 3057 αὐτὸ
1583 3002 1735 3069 ἀξιώ-

168 3115 302 3167 ματι
333 3098 427 3148 κα)⁸
466 3094 611 3157 τάξει
663 3094 942 3163 μαθόντες,
974 3093 1152 3161 τρίτον
1190 3090 1325 3146 εἶναι
1357 3098 1448 3148 καί⁵
1477 3098 1540 3166 τῇ
1579 3096 1735 3164 φύσει

165 3187 634 3252 πεπιστεύκαμεν.

241 3281 391 3330 ΒΑΣ.
422 3279 541 3329 Ὅτι
576 3278 672 3347 μὲν
717 3275 823 3346 γὰρ
869 3276 970 3329 ούκ
1014 3274 1182 3328 οἴεται
1226 3276 1331 3329 δεῖν
1378 3280 1441 3348 τῇ
1473 3280 1614 3349 ἁπλῇ
1644 3283 1736 3333 καὶ

167 3370 570 3441 άνεπιτηδεύτῳ
626 3369 806 3421 πίστει
860 3368 967 3422 τῶν
1022 3368 1227 3422 πολλῶν
1274 3368 1550 3439 ἐμμένειν,
1602 3370 1735 3423 άλλὰ

167 3467 438 3535 τεχνικοῖς
466 3481 573 3517 τισι
616 3463 708 3516 καὶ
744 3462 1149 3533 σεσοφισμένοις
1189 3462 1363 3529 λόγοις
1403 3461 1559 3515 πάλιν
1604 3461 1735 3531 πρὸς

170 3559 232 3610 τὸ
284 3557 472 3612 δοκοῦν
506 3557 683 3626 ἑαυτῷ
715 3555 1155 3628 παρακρούεσθαι
1182 3555 1279 3625 τὴν
1324 3554 1596 3625 ἀλήθειαν,
1630 3556 1741 3607 ἱκα-

1836 2362 2081 2426 satiatus,
2114 2360 2178 2414 ad
2211 2358 2469 2427 Spiritum
2502 2363 2745 2409 sanctum
2776 2352 2845 2406 ita
2879 2352 3112 2417 transiit,
3145 2361 3202 2405 ut
3232 2353 3295 2406 de
3325 2367 3384 2407 eo

1837 2455 1998 2510 etiam
2029 2460 2449 2508 consentaneum
2491 2449 2587 2503 toti
2637 2461 2733 2501 suo
2771 2445 3045 2515 proposito
3088 2459 3383 2501 sermonem

1838 2546 2101 2600 instituat.
2144 2541 2343 2597 Scribit
2381 2548 2559 2593 autem
2592 2536 2670 2592 sic
2713 2555 2726 2590 :

1908 2638 2043 2692 EUN.
2085 2636 2218 2691 Cum
2268 2643 2445 2688 autem
2503 2632 2617 2685 haec
2668 2629 2821 2684 nobis
2859 2628 2922 2683 de
2955 2626 3239 2698 Unigenito
3281 2627 3371 2682 suf

1840 2729 2039 2792 liciant,
2070 2739 2403 2793 consequens
2423 2722 2585 2776 fuerit
2624 2730 2680 2773 ut
2708 2720 2816 2787 jam
2848 2720 2913 2773 de
2947 2718 3222 2773 Paracleto
3258 2735 3383 2787 quo-

1840 2836 1944 2890 que
1972 2821 2247 2884 dicamus,
2289 2833 2397 2872 non
2447 2815 2590 2887 vulgi
2627 2814 2907 2885 opiniones
2951 2815 3262 2868 temerarias
3308 2827 3389 2866 se-

1842 2914 1989 2974 cuti.
2046 2914 2137 2968 sed
2192 2920 2503 2967 sanctorum
2551 2909 2602 2962 in
2638 2906 2887 2961 omnibus
2934 2905 3231 2961 doctrinam
3267 2920 3382 2959 serv

1842 3016 2026 3059 vantes
2053 3024 2064 3057 :
2100 3019 2129 3057 a
2158 3018 2352 3071 quibus
2380 3016 2500 3056 cum
2532 2999 2878 3054 didicerimus
2902 3012 3023 3052 eum
3054 2997 3313 3065 dignitate
3338 3006 3393 3051 et

1840 3095 2028 3150 ordine
2064 3095 2278 3146 tertium
2303 3131 2317 3156 ,
2361 3090 2574 3144 tertium
2614 3101 2823 3155 quoque
2854 3096 3044 3139 natura
3080 3100 3197 3141 esse
3227 3086 3396 3141 credi-

1842 3203 1979 3242 IDUS.

1914 3278 2039 3332 BAS.
2081 3276 2230 3343 Quod
2256 3273 2469 3343 quidem
2500 3285 2601 3326 non
2628 3278 2778 3341 putet
2803 3277 3054 3341 oportere
3077 3270 3129 3324 in
3163 3271 3391 3342 simplici

1846 3386 1910 3424 ac
1940 3368 2081 3423 nuda
2126 3366 2411 3421 multorum
2446 3365 2547 3418 Iide
2579 3377 2893 3431 permanere
2914 3402 2929 3427 ,
2955 3363 3048 3417 sed
3090 3365 3393 3421 artiﬁciosis

1844 3460 2161 3526 quibusdam
2237 3473 2299 3511 ac
2378 3455 2631 3524 captiosis
2727 3454 3021 3510 rationibus
3113 3459 3392 3511 veritatem

1850 3564 2033 3603 rursus
2061 3549 2124 3600 ad
2169 3550 2253 3611 id,
2300 3547 2441 3616 quod
2490 3547 2589 3600 sibi
2640 3546 2870 3610 videtur,
2914 3546 3229 3612 detrudere,
3263 3550 3393 3603 satis

171 3649 280 3711 νῶς
320 3647 379 3713 ἐξ
408 3640 481 3699 ὧν
531 3642 679 3698 εἴπεν
724 3646 1006 3718 ἐδήλωσεν.
1051 3645 1350 3714 Ἀτιμάζων
1378 3645 1486 3715 γὰρ
1516 3645 1610 3716 τὴν
1638 3647 1744 3699 τῶν

1844 3660 1907 3700 ex
1938 3645 2003 3697 iis
2031 3657 2148 3712 quae
2179 3642 2397 3709 protulit
2423 3640 2597 3694 verbis
2632 3640 2881 3693 ostendit.
2901 3641 3061 3710 272
3094 3639 3225 3697 Nam
3254 3643 3393 3697 mul-

172 3739 387 3792 πολλῶν
409 3736 581 3802 δόξαν,
673 3738 949 3801 δοξάζουσι
974 3737 1033 3789 τὸ
1058 3736 1279 3807 Πνεῦμα
1299 3736 1359 3789 τὸ
1386 3735 1556 3804 ἆγιον,
1584 3754 1748 3807 προσ-

175 3834 412 3883 ποιεῖται
444 3829 540 3899 τὴν
589 3827 696 3879 τῶν
736 3830 904 3895 ἁγίων
937 3828 1227 3896 φυλάσσειν
1263 3826 1622 3892 διδασκαλίαν,
1657 3829 1748 3881 καὶ

175 3922 303 3983 τοὺς
355 3922 555 3992 ταύτην
614 3919 761 3990 αύτῷ
816 3920 1261 3990 παραδεδωκότας
1308 3920 1615 3990 άποσιωπᾷ,
1656 3921 1750 3973 καὶ

176 4013 294 4074 νῦν,
326 4012 466 4084 άπερ
495 4015 596 4067 κάν
616 4014 726 4075 τοῖς
751 4012 874 4083 περὶ
899 4010 990 4063 τοῦ
1018 4009 1353 4078 Μονογενοῦς
1380 4010 1556 4079 λόγοις
1583 4011 1749 4063 ποιῶν

179 4101 495 4171 ἀπεδείχθη.
525 4098 657 4155 Εἶτά
688 4120 818 4174 φησι
856 4099 1006 4172 παρὰ
1045 4100 1140 4171 μὲν
1173 4099 1279 4153 τῶν
1320 4099 1486 4167 ἁγίων
1518 4099 1755 4171 μεμαθη⁹

179 4194 335 4246 κέναι
364 4192 423 4244 τὸ
442 4192 621 4262 τρίτον
651 4188 789 4246 εἶναι
812 4195 879 4263 τῇ
905 4190 1051 4255 τάξει
1080 4191 1173 4243 καὶ
1200 4190 1276 4261 τῷ
1302 4188 1588 4260 ἀξιώματι,
1620 4192 1747 4261 παρ’

180 4284 375 4340 ἑαυτοῦ
406 4284 461 4336 δὲ
502 4286 917 4339 πεπιστευκέναι
943 4284 1003 4336 τὸ
1030 4285 1124 4337 καὶ
1165 4283 1275 4354 (77)
1307 4284 1485 4354 τρίτον
1517 4278 1653 4336 εἶναι
1683 4286 1747 4353 τῇ

184 4379 364 4445 φύσει.
404 4376 559 4439 Τίνες
584 4376 639 4429 δὲ
668 4380 714 4429 oi
762 4379 924 4446 ἅγιοι,
954 4376 1044 4429 καὶ
1072 4378 1127 4428 ἐν
1154 4377 1323 4440 ποίοις
1351 4376 1527 4445 λόγοις
1551 4376 1648 4447 τὴν
1673 4376 1750 4429 διο

183 4469 474 4522 δασκαλίαν
528 4469 869 4537 πεποίηνται,
917 4471 1089 4522 εἰπεῖν
1135 4468 1233 4519 οὐκ
1286 4468 1397 4537 ἔχει
1438 4468 1569 4539 (78).
1606 4461 1749 4538 ’Λρα

184 4558 406 4626 γέγονεν
448 4560 586 4613 οὕτω
638 4559 906 4629 τολμηρὸς
949 4560 1265 4629 ἄνθρωπος,
1320 4559 1418 4620 τὰς
1472 4559 1600 4629 περὶ
1642 4558 1748 4612 τῶν

189 4652 346 4704 θείων
372 4653 651 4723 δογμάτων
695 4652 1037 4720 καινοτομίας
1061 4648 1441 4721 εἰσηγούμενος
1466 4665 1480 4713 ;
1510 4651 1605 4712 Τίς
1642 4650 1747 4721 γὰρ

185 4746 417 4813 ἀνάγκη,
452 4748 500 4797 εἰ
544 4746 620 4816 τῷ
652 4744 917 4815 ἀξιώματι
950 4744 1042 4796 καὶ
1077 4746 1141 4815 τῇ
1173 4742 1320 4810 τάξει
1361 4741 1540 4813 τρίτον
1566 4741 1739 4811 ὑπάρ-

1850 3749 2024 3789 torum
2064 3734 2311 3802 opinione
2340 3742 2665 3799 contempta,
2705 3746 2809 3800 qua
2848 3731 3105 3801 Spiritum
3149 3745 3391 3789 sanctum

1842 3827 2158 3899 gloriiicant,
2183 3824 2397 3878 simulat
2424 3834 2603 3876 tenere
2625 3837 2683 3877 se
2723 3834 3033 3879 sanctorum
3053 3826 3352 3881 doctrinam
3376 3846 3388 3880 :

1844 3932 1900 3976 at
1921 3933 2014 3975 eos
2044 3919 2134 3989 qui
2165 3932 2282 3971 eam
2311 3916 2408 3986 ipsi
2458 3915 2825 3980 tradiderunt,
2862 3924 3021 3981 tacet,
3053 3917 3215 3971 etiam
3251 3933 3394 3973 nunc

1845 4012 2045 4067 faciens
2092 4026 2152 4065 ea
2187 4010 2324 4079 ipsa,
2357 4022 2474 4076 quae
2503 4006 2569 4060 ab
2594 4022 2657 4061 eo
2696 4007 2817 4060 dum
2849 4007 2915 4060 de
2956 4005 3242 4077 Unigenito
3275 4026 3394 4065 ser-

1846 4117 2053 4156 monem
2120 4099 2378 4162 haberet,
2437 4097 2574 4149 facta
2626 4111 2746 4150 esse
2808 4098 3229 4151 demonstratum
3289 4110 3390 4153 est.

1846 4194 2045 4249 Deinde
2069 4191 2201 4245 dicit
2227 4207 2255 4245 a
2290 4190 2490 4245 sanctis
2532 4188 2745 4258 quidem
2810 4204 2866 4244 se
2894 4188 3147 4245 didicisse
3179 4191 3395 4246 tertium

1842 4302 1961 4343 esse
2003 4288 2189 4343 ordine
2237 4292 2291 4336 et
2323 4283 2579 4353 dignitate
2613 4281 2909 4351 Spiritum;
2948 4298 2977 4336 a
3026 4297 3085 4337 se
3111 4284 3228 4352 ipso
3269 4299 3395 4339 vero

1845 4381 2083 4440 credere,
2119 4384 2308 4429 natura
2343 4389 2559 4444 quoque
2588 4373 2804 4426 tertium
2836 4389 2975 4427 esse.
3008 4374 3108 4440 Qui
3140 4388 3266 4428 vero
3286 4374 3397 4428 sint

1844 4468 2017 4523 sancti
2064 4467 2170 4531 illi,
2206 4476 2260 4523 et
2303 4467 2355 4520 in
2410 4465 2605 4535 quibus
2653 4464 2867 4533 scriptis
2910 4464 3049 4518 hanc
3094 4464 3392 4518 doctrinam

1844 4554 2110 4609 ediderint
2138 4552 2319 4608 dicere
2360 4568 2461 4607 non
2503 4560 2698 4621 potest.
2741 4550 2933 4604 Fuitne
2965 4564 3198 4618 unquam
3234 4548 3395 4604 homo

1845 4648 1925 4701 sic
1962 4647 2157 4711 audax,
2201 4647 2292 4714 qui
2341 4645 2641 4697 divinorum
2680 4642 2989 4712 dogmatum
3027 4639 3394 4696 innovationes

1843 4741 2166 4795 induceret?
2203 4740 2309 4794 Cur
2355 4738 2495 4792 enim
2543 4750 2763 4791 necesse
2802 4744 2918 4801 est,
2957 4734 3001 4788 si
3047 4733 3304 4803 dignitate
3332 4749 3395 4789 ac

265 4947 379 5022 (74)
413 4944 641 5011 Titulus,
665 4956 721 5001 ut
757 4947 841 5011 ﬁt,
886 4945 1042 5022 alius_
1074 4954 1156 5022 est
1188 4952 1239 5022 in
1289 4947 1408 5022 aliis
1450 4943 1744 5022 codicibus.

1849 4942 2133 5022 τῶν-ἰδίων
2167 4944 2613 5022 συγγραμμάτων
2641 4941 2999 5022 χρησάμενος.
3034 4938 3230 5022 Dicunt.
3266 4955 3395 5020 iton-

188 5017 339 5083 Regii
365 5014 596 5088 quartus
626 5026 680 5068 et
724 5028 910 5088 sextus
953 5014 1241 5088 τοῦναύτοῦ
1300 5017 1435 5088 πρὸς
1467 5014 1748 5084 Εὐνόμιον,

186 5089 318 5157 περὶ
345 5085 682 5157 Πνεύματος,
713 5087 945 5153 ejusdem
966 5087 1245 5157 iladvergus
1290 5085 1633 5157 Ειύιοητὶιιηι,
1678 5089 1751 5157 _de

189 5154 411 5221 Spiritu.
439 5154 570 5224 Reg.
600 5160 867 5209 secundus
897 5154 990 5208 τοῦ
1018 5154 1181 5210 αὐτοῦ
1213 5156 1448 5224 μεγάλου
1472 5154 1750 5207 Βασιλείου

189 5227 327 5294 πρὸς
354 5227 634 5295 Εὐνόμιον,
676 5226 802 5294 περὶ
830 5225 922 5277 τοῦ
956 5228 1110 5295 ἁγίου
1156 5225 1294 5280 Πνεύ
1305 5243 1492 5293 ματος,
1521 5226 1752 5295 ejusdem

191 5293 367 5363 pingui
392 5293 581 5349 Basilii
601 5293 845 5349 adversus
874 5293 1212 5359 Eunomium,
1240 5296 1301 5348 de
1317 5306 1497 5347 sancto
1527 5293 1750 5362 Spiritu.

190 5362 324 5433 Reg.
361 5367 551 5436 tertius
588 5376 641 5418 et
676 5365 828 5436 Coll).
853 5366 1185 5436 simpliciter
1214 5364 1466 5436 περίτοῦ
1500 5364 1751 5434 Πνεύμα-

190 5452 280 5498 τος
313 5433 405 5486 τοῦ
442 5436 615 5503 ἁγίου,
655 5438 717 5488 de
766 5433 1203 5503 Spiritu—sancto.
1238 5433 1438 5503 Dubius
1470 5443 1523 5486 et
1573 5433 1746 5490 inCer-

195 5496 284 5557 tus
312 5506 463 5557 visus
489 5496 572 5559 est
602 5507 687 5558 hic
720 5496 854 5559 liber
881 5507 1223 5572 quibusdam.
1282 5496 1356 5558 Ita
1410 5503 1553 5557 enim
1612 5505 1745 5559 scri-

192 5587 342 5641 ptum
379 5575 650 5644 invenitur
686 5574 735 5625 in
764 5590 857 5629 ora
882 5576 1122 5644 codicum
1166 5576 1451 5644 Regiorum
1483 5574 1662 5644 quarti
1698 5581 1751 5644 et

191 5644 333 5715 sexti
364 5641 562 5715 iTwéq
606 5644 972 5715 gaetjroﬁroy
1024 5643 1113 5715 τόν
1157 5641 1310 5712 λόγον
1361 5641 1435 5715 μὴ
1479 5641 1748 5715 εἶναιτοῦ

192 5712 669 5798 ἁγίουΒασιλείοῗ),
700 5713 787 5767 διὰ
811 5712 1148 5794 τὸέρέρεσθαι
1180 5716 1320 5837 ρητά
1348 5712 1466 5767 τινα
1491 5715 1548 5766 ὲν
1580 5713 1746 5782 αὐτῷ,

193 5797 501 5837 τοαγυτεοα
554 5778 707 5837 εῖναι·
747 5784 1023 5837 δοκουντα.
1066 5780 1147 5837 οἷς
1208 5803 1235 5837 ν
1285 5784 1455 5837 οὐδενὶ
1503 5783 1746 5837 φαίνεται

193 5778 501 5856 τραχύτερα
554 5778 707 5841 εῖναι
747 5778 1023 5853 δοκοῦντα,
1066 5780 1147 5849 οἷς
1180 5778 1247 5841 ἔν’
1285 5784 1455 5839 οὐδενὶ
1503 5778 1749 5855 φαίνεται

1851 5014 1981 5067 nulli
2004 5016 2142 5069 hunc
2167 5010 2353 5068 librum
2378 5010 2541 5067 educti
2572 5010 2758 5065 Basilii
2797 5025 2900 5063 non
2934 5027 3064 5073 esse,
3091 5010 3230 5078 quod
3259 5010 3314 5062 in
3336 5026 3394 5062 eo

1850 5087 2175 5151 reperiantur
2220 5087 2372 5137 verba
2417 5084 2676 5148 qua’dam,
2708 5094 2823 5149 qute
2884 5081 3125 5135 videntur
3156 5081 3392 5137 duriora,

1848 5154 2033 5223 quibus
2064 5170 2165 5208 non
2194 5153 2505 5223 comperitur
2533 5152 2597 5223 in_
2636 5151 2743 5223 alio
2770 5151 2883 5223 ullo
2924 5164 3133 5219 operum
3179 5164 3394 5201 suorum

1850 5220 1971 5277 usus
1997 5225 2176 5291 fuisse.
2202 5224 2273 5276 Ea
2302 5223 2365 5275 de
2402 5237 2458 5275 re
2483 5221 2537 5275 in
2572 5220 2906 5291 meatione.

1922 5286 2032 5363 (γε)
2061 5294 2199 5347 Editi
2236 5293 2403 5357 Μόλις
2452 5292 2525 5345 δέ.
2570 5291 2765 5346 Vocula
2792 5289 2847 5341 δέ
2878 5290 2929 5343 in
2965 5302 3101 5363 mss.
3130 5286 3396 5363 antiquin:

1853 5356 2188 5418 rib'us'deest.
2222 5356 2415 5417 Statim
2470 5363 2599 5431 Reg.
2648 5363 2864 5431 quintus
2889 5367 2943 5413 et
2976 5359 3103 5431 editi
3126 5356 3396 5431 μονογενῆ

1853 5434 2001 5486 Υίόν.
2040 5434 2143 5487 Sed
2173 5434 2224 5485 in
2256 5434 2377 5486 aliis
2409 5428 2676 5486 mssfvox
2726 5430 2851 5481 Υίόν
2898 5444 3002 5483 non
3038 5428 3245 5498 legitur.

1916 5504 2027 5572 (76)
2079 5502 2210 5571 Reg.
2258 5511 2480 5572 quartus
2531 5502 2625 5572 ὅλῃ
2678 5498 2892 5572 ἑαυτοῦ.
2926 5493 3212 5568 Aliquanto
3258 5493 3395 5551 infra

1847 5570 1976 5627 mss.
2005 5570 2111 5627 tres
2144 5570 2627 5634 άκολουθοῦντες.ξζ
2664 5570 3044 5639 φυλάσσοντες.

1943 5644 2029 5709 77)
2060 5643 2198 5695 Editi
2231 5642 2324 5695 καὶ
2354 5642 2436 5695 τό.
2461 5638 2683 5709 Antiqui
2702 5641 2805 5695 duo
2840 5640 2961 5693 libri
2989 5638 3049 5691 τὸ
3070 5638 3182 5691 καί.

1944 5644 2005 5695 77
2060 5644 2198 5695 Editi
2231 5644 2324 5695 καὶ
2354 5644 2436 5695 τό.
2461 5644 2675 5709 Antiqui
2702 5644 2805 5695 duo
2840 5644 2961 5693 libri
2989 5644 3049 5691 τὸ
3070 5644 3182 5691 καί.

2060 5712 2301 5795 Ηεεκιτεξξ
2330 5709 2723 5795 νοοοε,νεὶπεῖν
2743 5714 2852 5767 οὐκ
2897 5710 3039 5780 ἔχει,
3071 5724 3138 5766 ex
3168 5714 3396 5778 quatuor

1849 5783 2122 5846 codicibus
2152 5783 2332 5856 Regiis
2363 5784 2680 5841 addidimus.
