4088 6318
214 389 327 445 657

1310 393 1684 450 ADVERSUS
1724 393 2088 452 EUNOMIUM
2128 397 2255 452 LIB.
2300 397 2389 452 Ill.

3358 400 3460 456 658

220 507 454 571 παντὸς
489 505 794 571 βλέπουσι
831 507 899 561 τὸ
938 509 1256 576 πρόσωπον
1285 509 1390 561 τοῦ
1428 510 1656 576 Πατρός
1681 526 1797 576 μου

1900 512 1954 562 in
1975 513 2116 566 caelis
2147 513 2282 566 est“.
2312 511 2373 564 Et
2404 509 2685 565 Psalmista
2719 511 2849 566 dicit
2895 529 2910 565 :
2960 512 3152 567 Castra
3183 517 3462 570 metabitur

220 599 336 652 τοῦ
364 599 433 652 ἐν
460 598 582 663 τοῖς
607 599 899 666 οὐρανοῖς.
928 600 1037 653 Καὶ
1075 602 1102 652 6
1138 599 1438 670 Ψαλμῳδός
1462 615 1613 670 φησι·
1651 603 1798 668 Παρ-

217 689 475 756 εμϐιινίεῖ
493 689 743 758 ἄγγελος
778 691 996 756 Κυρίου
1033 691 1232 756 κύκλῳ
1269 688 1388 742 τῶν
1419 689 1800 758 φοϐουμένων

218 783 446 834 αὐτόν’
485 782 598 845 καὶ,
641 782 693 832 '0
733 783 982 851 ἄγγελος
1029 785 1060 834 ό
1092 781 1437 850 ῥυσάμενος
1483 780 1590 850 (86)
1627 797 1702 849 με
1731 781 1798 832 ἐκ

225 875 512 941 νεότητός
536 891 684 942 μου⁶
714 876 804 927 καὶ
841 875 938 926 ὅσα
980 875 1220 929 τοιαῦτα.
1255 877 1375 928 Ὅτι
1414 875 1468 929 δὲ
1499 875 1657 928 πάλιν
1693 873 1798 926 εἰσί

220 984 374 1030 τινες
419 967 634 1035 ἄγγελοι
673 969 764 1020 καὶ
795 967 929 1020 ὅλων
975 967 1143 1020 ἐθνῶν
1190 968 1546 1039 προεστῶτες,
1594 968 1798 1035 Μωσῆς

220 1060 380 1126 ἡμᾶς
403 1059 639 1112 διδάσκει
665 1058 752 1111 διά
775 1059 871 1127 τῆς
905 1058 1048 1127 ᾠδῆς
1079 1060 1250 1127 λέγων
1271 1077 1284 1090 ο
1319 1058 1454 1112 Ὅτε
1482 1056 1800 1126 διεμέριζεν

224 1153 260 1202 ὁ
318 1152 598 1219 ’Ύψιστος
640 1151 804 1217 ἔθνη,
858 1153 934 1216 ὠς
983 1151 1318 1220 διέσπειρεν
1371 1152 1538 1216 υἱοὺς
1606 1151 1796 1220 Ἀδὰμ,

222 1241 494 1310 ἔστησεν
532 1244 660 1310 ὅρια
705 1243 892 1296 ἐθνῶν
930 1245 1079 1297 κατὰ
1120 1245 1368 1313 ἀριθμὸν
1401 1243 1670 1313 ἀγγέλων
1691 1245 1798 1296 αὺ-

220 1337 362 1392 τοῦ.
389 1338 494 1388 Καὶ
525 1337 552 1386 ὁ
582 1335 740 1403 σοφὸς
773 1337 970 1407 Δανιὴλ
1015 1339 1071 1389 ὲν
1099 1340 1160 1407 τῇ
1187 1336 1276 1390 τοῦ
1304 1336 1534 1404 ἀγγέλου
1568 1334 1799 1406 ὀπτασίᾳ

223 1431 461 1498 ἤκουσεν
485 1428 647 1481 αὑτοῦ
669 1429 914 1496 λέγοντος
937 1433 1036 1495 ὅτι,
1073 1430 1629 1497 Ἀρχωνβασιλείας
1658 1432 1800 1496 Περ-

223 1521 360 1573 σῶν·
395 1520 656 1589 εἱστήκει
685 1522 1028 1586 ἐξεναντίας
1051 1540 1166 1589 μου
1191 1538 1203 1550 ·
1261 1521 1358 1574 καὶ
1398 1521 1526 1574 ἰδοὺ
1561 1519 1798 1587 Μιχαὴλ

222 1609 320 1676 εἷς
362 1611 477 1663 τῶν
512 1615 816 1681 ἀρχόντων
860 1612 975 1665 τῶν
1021 1613 1264 1680 πρώτων
1312 1611 1456 1682 ἦλθε
1489 1611 1798 1678 ,ϐοηθῆσαί

215 1722 349 1772 μοι,
384 1705 478 1757 καὶ
507 1706 691 1759 αὑτὸν
714 1706 1034 1760 κατέλιπον
1063 1705 1191 1758 ἐκεῖ
1213 1707 1361 1774 μετὰ
1386 1706 1489 1758 τοῦ
1513 1705 1799 1772 ἄρχοντος

215 1793 531 1859 ,βασιλέως
560 1795 824 1862 Περσῶν.
871 1797 977 1848 Καὶ
1015 1796 1130 1865 μετ’
1158 1795 1310 1863 ὀλίγα
1351 1795 1512 1866 φησὶν
1543 1794 1571 1845 6
1607 1795 1792 1858 αὐτός·

223 1883 340 1936 Καὶ
392 1888 423 1938 ὀ
462 1885 658 1954 ἅρχων
688 1885 798 1955 (87)
830 1884 946 1937 τῶν
993 1886 1297 1954 Ἑλλήνων
1341 1885 1575 1953 ἤρχετο.
1643 1886 1799 1938 Ἀλλὰ

222 1976 328 2027 καὶ
360 1977 791 2047 ἀρχιστράτηγός
812 1994 896 2040 τις
928 1977 1036 2046 (88)
1067 1978 1164 2045 τῆς
1189 1977 1467 2045 δυνάμεως
1491 1977 1693 2048 Κυρίου
1718 1975 1800 2028 λέ-

218 2082 404 2135 γεται,
432 2070 460 2119 ὁ
495 2068 665 2139 Ἰησοῦ
696 2068 773 2139 τῷ
797 2068 890 2121 τοῦ
919 2069 1072 2136 Ναυῆ
1103 2068 1193 2120 ἐπὶ
1219 2066 1310 2119 τοῦ
1352 2069 1611 2138 Ἰορδάνου
1639 2085 1800 2136 φανεο

224 2159 441 2229 ρωθείς.
467 2161 574 2213 Καὶ
600 2161 759 2213 πάλιν
783 2160 922 2223 τινὲς
948 2159 1193 2227 λέγονται
1222 2158 1483 2227 λεγεῶνες
1504 2159 1608 2212 τῶν
1634 2159 1798 2226 ἀγγέ-

217 2252 356 2316 λων,
383 2252 474 2305 τοῦ
513 2254 714 2324 Κυρίου
756 2254 998 2316 εἰπόντος
1026 2255 1138 2315 τοῖς
1170 2251 1434 2322 μαθηταῖς
1455 2270 1466 2280 ·
1504 2253 1571 2304 Ἠ
1607 2249 1798 2304 δοκεῖ-

219 2363 293 2399 τε
319 2346 427 2414 (89)
458 2347 543 2398 ὅτι
586 2349 658 2399 οὐ
700 2345 954 2415 δύναμαι
991 2344 1400 2412 παρακειὶέσαι
1433 2344 1539 2396 τὸν
1572 2344 1800 2413 Πατέρα

212 2456 362 2507 μου,
409 2438 504 2490 καὶ
535 2437 908 2506 παραστήσει
932 2455 1033 2506 μοι
1067 2432 1178 2489 ὦδε
1212 2436 1456 2501 πλείους
1496 2435 1533 2504 ἢ
1576 2436 1800 2490 δώδεκα

217 2528 524 2596 λεγεῶνας
557 2528 859 2597 ἀγγέλων;
914 2529 970 2577 '0
1006 2527 1182 2578 τοίνυν
1222 2526 1658 2598 ἀρχιστράτηγος
1693 2528 1799 2578 τῶν

218 2624 287 2674 ὲν
313 2624 427 2684 ταῖς
459 2621 680 2676 λεγεῶσι
711 2636 1014 2687 κατατεταγ
1023 2619 1195 2689 μένων
1218 2619 1462 2688 ἀγγέλων
1482 2620 1664 2690 ἄρχων
1684 2621 1799 2674 ἐστὶ

214 2711 486 2783 δηλονότι.

299 2804 352 2856 2.
394 2802 534 2872 Πρὸς
568 2801 622 2854 τί
655 2797 747 2855 οὖν
789 2802 818 2854 6
850 2802 1003 2870 λόγος
1032 2804 1160 2874 ἡμῖν
1191 2801 1378 2872 φέρει;
1410 2802 1531 2855 Ὅτι
1575 2803 1634 2854 οὐ
1667 2803 1800 2856 πάν-

217 2911 354 2956 τως,
397 2891 447 2944 εἷ
473 2910 524 2944 τι
550 2895 613 2962 τῇ
641 2891 790 2957 τάξει
833 2893 923 2944 καὶ
967 2892 1044 2963 τῷ
1090 2892 1355 2961 ἀξιώματι
1387 2891 1634 2961 δεύτερόν
1683 2893 1798 2943 ἐστι

221 2987 323 3039 καὶ
350 2985 546 3054 τρίτον,
573 2986 729 3038 τοῦτο
765 2985 858 3038 καὶ
887 2985 982 3054 τὴν
1009 2984 1166 3051 φύσιν
1195 2983 1385 3051 ἑτέραν
1411 2982 1542 3051 ἔχει.
1581 2984 1666 3046 Ὠς
1691 2983 1798 3055 γὰρ

220 3077 453 3130 ἐπὶτῶν
492 3077 738 3145 ἀγγέλων
777 3079 804 3128 6
846 3077 942 3145 μέν
975 3091 1056 3136 τις
1083 3074 1259 3124 αὐτῶν
1292 3075 1492 3142 ἄρχων,
1535 3077 1562 3126 6
1600 3075 1655 3126 δὲ
1698 3075 1799 3126 ὑπ-

222 3170 407 3239 ήκοος,
439 3168 656 3234 ἄγγελοι
699 3167 754 3217 δὲ
784 3167 931 3234 ὅμως
959 3168 1023 3235 τῇ
1061 3164 1218 3233 φύσει
1254 3165 1481 3227 πάντεςο
1533 3166 1626 3218 καὶ
1659 3169 1798 3220 κατά

225 3263 333 3331 μὲν
365 3261 421 3312 τὸ
455 3259 668 3327 ἀξίωμα
703 3257 1009 3328 ὴδιαφορά,
1042 3258 1181 3310 κατά
1210 3259 1264 3309 δὲ
1293 3258 1389 3327 τὴν
1421 3258 1580 3326 φύσιν
1623 3263 1653 3328 ἡ
1689 3277 1802 3312 κοι-

222 3352 393 3403 νωνία
422 3351 538 3418 (καὶ
559 3349 665 3420 γὰρ
710 3349 928 3417 Ἀστὴρ
958 3349 1210 3417 ἀστέρος
1242 3349 1498 3416 διαφέρει
1528 3351 1596 3401 ἐν
1614 3350 1762 3415 δόξῃ
1787 3367 1799 3379 ·

222 3444 392 3515 φύσις
412 3443 465 3494 δὲ
492 3444 705 3496 πάντων
739 3443 979 3513 ἀστέρων
1019 3443 1143 3512 μίαν
1176 3443 1268 3495 καὶ
1301 3442 1488 3494 πολλαὶ
1527 3442 1682 3511 μονα).
1711 3459 1806 3494 πα-

224 3537 304 3611 ρὰ
338 3537 412 3606 τῷ
441 3537 634 3607 Πατρὶ,
677 3536 971 3597 τουτέστιν,
1009 3534 1330 3605 ἀξιωμάτων
1376 3535 1665 3604 διαφοραί·
1701 3534 1803 3596 φύ-

228 3648 317 3692 σις
346 3631 400 3682 δὲ
428 3630 585 3699 ὁμοία
609 3628 714 3681 τῶν
738 3627 1127 3696 δοξαζομένων)
1145 3644 1158 3656 ο
1190 3626 1330 3678 οὕτω
1353 3627 1590 3695 δηλονότι
1625 3627 1718 3679 καὶ
1743 3627 1802 3678 τὸ

228 3719 455 3788 Πνεῦμα
483 3718 543 3770 τὸ
573 3719 743 3785 ἅγιον,
767 3720 814 3770 εἰ
841 3716 933 3768 καὶ
959 3715 1227 3783 ἀξιώματι
1251 3715 1342 3766 καὶ
1372 3714 1518 3778 τάξει
1541 3714 1648 3784 (90)
1673 3717 1802 3767 ὑπο-

227 3809 486 3878 εέὸηκεν,
517 3809 590 3871 ὡς
615 3809 827 3877 λέγουσι
853 3807 1291 3878 (παρειλήφαμεν
1323 3806 1430 3877 γάρ
1462 3808 1611 3872 αὐτὸ,
1648 3808 1797 3876 φησὶ,

226 3904 412 3973 τρίτον
445 3902 552 3954 ἀπὸ
594 3903 806 3973 Πατρὺς
855 3903 947 3954 καὶ
991 3901 1119 3953 Υἱοῦ
1155 3901 1583 3972 ἀριθμούμενον
1638 3903 1799 3954 αὑτοῦ

227 3994 328 4048 τοῦ
365 3994 568 4064 Κυρίου
593 3995 650 4044 ὲν
671 3996 734 4062 τῇ
772 3991 1168 4062 παραδόσειτοῦ
1195 3991 1454 4060 σωτηρίου
1491 3991 1799 4061 βαπτίσμα-

228 4105 325 4148 τος
371 4084 806 4155 παραδεδωκότος
867 4083 963 4154 τὴν
1014 4082 1163 4147 τάξιν
1202 4084 1258 4134 ἐν
1288 4077 1368 4144 οἷς
1407 4078 1522 4134 εἷπε
1547 4099 1558 4111 ·
1593 4087 1802 4150 Πορευ-

231 4177 457 4237 θέντες,
499 4173 810 4239 ,ϐαπτίζετε
844 4178 925 4240 εἰς
961 4174 1023 4227 τὸ
1058 4174 1242 4242 ὄνομα
1285 4174 1388 4226 τοῦ
1417 4174 1662 4241 Πατρός,
1703 4176 1799 4227 καὶ

228 4267 341 4321 τοῦ
368 4268 520 4332 Υἱοῦ,
565 4269 661 4320 καὶ
690 4266 794 4320 τοῦ
820 4266 990 4335 ἁγίου
1023 4267 1384 4334 Πνεὺματος)
1411 4283 1424 4295 ·
1452 4266 1563 4319 ἀλλ’
1599 4269 1675 4329 εἰς
1703 4267 1800 4333 φύ-

307 4424 330 4454 ¹⁵
357 4425 543 4480 Matth.
573 4441 731 4485 xvtlt.
770 4424 854 4477 10.

231 4495 328 4549 1’3.
406 4497 447 4526 “
481 4495 641 4550 Josue
671 4510 722 4560 ν,
759 4495 844 4546 H.

963 4425 982 4454 ⁸
1007 4422 1144 4476 Psal.
1179 4439 1373 4486 XXXIII,
1405 4423 1456 4476 8.

949 4494 991 4523 ”
1023 4492 1211 4544 Matth.
1247 4510 1392 4556 XXVI,
1429 4495 1515 4548 55.

307 4677 416 4750 (8ﬁ)
447 4678 671 4750 Qudiccs
695 4694 797 4750 non
824 4679 977 4746 pauci
1009 4679 1036 4730 6
1068 4680 1349 4750 ρυὀμενός.

315 4748 424 4816 (87)
461 4748 596 4822 Editi
625 4752 718 4822 καὶ
753 4749 952 4820 ἄρχων.
978 4748 1379 4822 ῥιιιιεὲῂιιιυιιῐ
1415 4750 1506 4801 καὶ
1537 4751 1564 4802 6
1590 4752 1790 4822 ἄρχων.

232 4821 356 4875 Mox
395 4835 519 4890 mss.
550 4821 653 4890 duo
684 4819 938 4890 ἄρχοντος
961 4819 1222 4890 Περσῶν.

310 4890 420 4958 (88)
455 4888 734 4958 SicReg.‘
774 4889 1040 4944 secundus
1089 4899 1142 4943 et
1200 4902 1407 4944 sextus.
1459 4892 1655 4945 Vol-uia
1714 4908 1800 4954 τις

232 4962 418 5025 inepte
449 4959 528 5010 his
554 4957 826 5025 legi-ibatur
865 4961 914 5012 in
942 4959 1192 5024 vulgatis.

310 5031 420 5097 ‘89)
451 5027 627 5099 Editio
654 5030 819 5099 Paris.
929 5030 1124 5091 δοκεῖς.
1159 5030 1332 5083 Editio
1365 5033 1490 5085 Ven.
1519 5041 1572 5084 et
1599 5041 1802 5099 septem

232 5100 408 5154 nostri
443 5114 569 5151 mss.
603 5097 634 5167 ἢ
668 5097 896 5151 δοκεῖτε,

309 5169 674 5240 (90)_Antiqui
725 5178 958 5240 quatuor
1007 5170 1127 5221 lihri
1179 5168 1447 5238 ἀξιώματι
1492 5170 1799 5240 ὑποϐέϐηκε
1841 5175 1847 5188 ”

229 5238 330 5292 καὶ
363 5238 531 5306 τάξει,
570 5241 674 5292 alio
707 5239 910 5291 ordine.
943 5241 1090 5304 Quod
1137 5241 1399 5307 sequitur,
1434 5242 1508 5303 ὡς
1560 5238 1798 5308 λέγουσι,

228 5314 304 5360 de
342 5323 406 5360 eo
441 5324 652 5377 quoque
685 5310 822 5362 inter
849 5324 905 5361 se
948 5310 1280 5362 dissidebant
1315 5309 1486 5363 Grzeci
1522 5323 1571 5363 et
1604 5312 1793 5373 Latini,

231 5389 293 5430 tit
336 5379 516 5432 videre
555 5393 637 5433 est
669 5381 718 5431 in
757 5379 984 5432 concilio
1017 5379 1345 5443 Florentino,
1385 5394 1504 5447 pag.
1534 5383 1656 5434 5-H.
1690 5380 1791 5433 Le-

230 5465 332 5511 gzts
369 5450 520 5500 velim
580 5450 845 5503 sessiones
902 5449 984 5502 19.
1018 5450 1108 5512 ‘20,
1140 5450 1228 5512 ‘2l,
1254 5447 1344 5510 9.2,
1388 5450 1480 5511 ‘25,
1528 5464 1618 5503 aut
1651 5462 1794 5505 certe

231 5520 457 5584 paginas
485 5518 588 5571 510
616 5529 662 5571 et
713 5519 836 5583 541,
865 5537 925 5573 ex
959 5522 1154 5584 quibus
1180 5522 1305 5587 quid
1339 5519 1619 5574 diﬂ'crreut
1651 5524 1789 5572 utri-

229 5606 340 5655 que
372 5589 486 5641 libri
529 5587 835 5643 ercorum
864 5601 916 5643 et
969 5590 1276 5642 Latinorum
1311 5589 1440 5642 disci
1470 5601 1663 5655 potest.
1700 5592 1790 5643 liae

235 5675 416 5720 voces,
444 5658 518 5721 ὡς
562 5659 799 5727 λέγουσι,
831 5672 885 5712 ul
921 5662 983 5711 ad
1014 5663 1341 5728 propositum
1390 5676 1472 5711 me
1533 5661 1782 5723 referam,

233 5732 646 5792 reperiebantur
671 5732 720 5783 in
759 5731 895 5782 libro
927 5730 1233 5783 Graecorum
1261 5746 1274 5791 ;
1310 5729 1569 5796 hodieque
1597 5730 1782 5795 legun-

233 5807 326 5849 tur
354 5797 404 5847 in
449 5799 829 5868 liegiisturtin,
864 5812 1058 5865 quarto
1104 5808 1156 5868 et
1186 5805 1372 5868 quinto
1422 5813 1474 5850 et
1521 5800 1570 5851 in
1627 5801 1778 5852 (Jolb.

233 5868 457 5938 perinde
487 5867 644 5940 atque
673 5871 723 5923 in
762 5871 1084 5926 editiouibus
1117 5867 1315 5923 Veneta
1349 5879 1400 5924 ct
1436 5869 1726 5924 Parisiensi
1762 5889 1775 5924 :

1571 4425 1589 4453 ⁷
1620 4423 1754 4476 Gen.
1803 4439 1986 4488 sum,
2019 4423 2103 4477 16.

1597 4495 1677 4546 ¹³Ι
1709 4492 1831 4546 Cor.
1862 4511 1948 4561 xv,
1976 4495 2064 4548 1H.

1897 604 2111 672 angelus
2141 604 2352 658 Domini
2371 605 2425 657 in
2446 604 2669 657 circuitu
2695 605 2984 658 timentium
3011 605 3169 676 273
3200 606 3370 674 ipsum
3393 609 3415 641 ⁸
3441 628 3458 666 :

1897 706 1988 748 et:
2021 694 2244 763 Angelus
2277 695 2364 764 qui
2405 694 2643 746 liberavit
2685 712 2767 748 me
2809 713 2840 749 a
2876 697 3149 764 juventuta
3191 698 3374 763 mea";
3408 710 3464 756 et

1896 801 2228 854 quaecunque
2253 787 2490 856 ejusdem
2520 788 2734 856 generis
2773 798 2918 842 sunt.
2957 789 3106 854 Quod
3136 800 3311 843 autem
3341 807 3463 844 rur-

1897 891 1990 930 sus
2020 877 2128 928 sint
2165 875 2338 940 angeli
2379 875 2596 944 quidam
2664 875 2752 943 qui
2786 876 3033 944 gentibus
3076 877 3300 946 integris
3325 892 3464 946 pra:-

1897 968 2054 1035 positi
2089 975 2234 1029 sunt,
2258 968 2414 1021 docet
2438 981 2534 1019 nos
2563 981 2658 1034 per
2689 967 2954 1020 canticum
2986 967 3178 1031 Muses,
3202 971 3324 1021 dum
3353 968 3459 1022 ait:

1901 1058 2124 1123 Quando
2156 1057 2414 1111 dividebat
2446 1058 2751 1111 Altissimus
2793 1069 2986 1128 gentes.
3023 1061 3233 1128 quando
3263 1062 3464 1129 disper-

1899 1151 1966 1203 sit
2013 1149 2149 1217 ﬁlios
2199 1149 2391 1214 Adam,
2429 1150 2694 1202 constituit
2739 1151 2988 1203 terminos
3037 1153 3269 1218 gentium
3308 1154 3464 1219 juxta

1902 1257 2171 1294 numerum
2210 1242 2512 1310 angelorum
2539 1257 2752 1294 suorum
2771 1241 2811 1289 ⁸.
2846 1241 2911 1293 Et
2951 1243 3162 1310 sapiens
3192 1242 3375 1297 Daniel
3409 1245 3460 1296 in

1900 1335 2107 1386 visione
2133 1334 2305 1402 angeli
2342 1333 2546 1386 audivit
2575 1333 2748 1402 ipsum
2781 1333 3049 1387 dicentem
3075 1352 3086 1387 :
3116 1334 3360 1402 Princeps
3389 1351 3461 1387 re-

1898 1427 1985 1494 gni
2037 1423 2316 1476 Persarum
2369 1426 2511 1476 stetit
2554 1441 2619 1478 ea:
2662 1425 2882 1478 adverso
2929 1428 3057 1479 mihi
3088 1444 3107 1482 :
3136 1439 3180 1480 et
3209 1445 3321 1481 ecce
3353 1428 3459 1480 Mi-

1897 1517 2044 1569 chael
2084 1533 2218 1568 unus
2265 1517 2327 1568 de
2376 1516 2697 1585 principibus
2753 1519 2932 1585 primis
2965 1521 3119 1582 venit,
3150 1522 3276 1572 milii
3305 1521 3461 1574 auxi-

1897 1608 2228 1660 liaturus:et
2276 1609 2448 1674 ipsum
2499 1607 2689 1678 reliqui
2740 1608 2852 1661 illic
2889 1626 3007 1663 cum
3069 1612 3302 1680 principe
3348 1628 3464 1681 rege

1901 1697 2181 1752 Persarum
2203 1700 2245 1750 ⁹.
2278 1699 2341 1752 Et
2375 1699 2532 1766 paulo
2573 1709 2690 1768 post
2716 1699 2803 1753 ille
2831 1703 2941 1769 ipse
2972 1700 3045 1754 ait
3076 1719 3088 1754 :
3115 1700 3180 1753 Et
3226 1704 3462 1771 princeps

1900 1790 2202 1845 Gracorum
2234 1791 2462 1846 veniebat
2485 1792 2549 1846 ¹⁰.
2578 1792 2682 1847 Sed
2718 1802 2771 1846 et
2821 1794 3095 1860 copiarum
3128 1793 3331 1848 Domini
3370 1795 3463 1848 im-

1833 1865 1870 1917 B
1903 1894 2116 1951 perator
2149 1900 2210 1938 ac
2243 1887 2346 1937 dux
2380 1884 2595 1948 dicitur,
2630 1886 2692 1950 is,
2723 1885 2814 1953 qui
2843 1884 2965 1940 Jesu
3000 1887 3146 1940 Nave
3179 1888 3243 1940 ad
3272 1885 3465 1942 Jorda-

1901 1991 2019 2028 nem
2065 1976 2439 2029 manifestatus
2485 1977 2649 2031 est“.
2694 1977 2755 2029 Et
2807 1992 2995 2030 rursus
3039 1977 3276 2045 legiones
3315 1996 3461 2049 quaa-

1900 2067 2021 2117 datu
2083 2068 2394 2135 angelorum
2439 2069 2734 2130 dicuntur,
2791 2068 3017 2124 Domino
3068 2069 3340 2136 discipulis
3383 2071 3464 2124 di-

1900 2170 2053 2214 cente
2083 2178 2098 2216 :
2129 2161 2208 2214 An
2236 2162 2429 2227 putatis
2479 2160 2614 2226 quod
2665 2178 2766 2214 non
2795 2179 3000 2229 possum
3033 2179 3219 2231 rogare
3249 2161 3462 2216 Patrem

1900 2267 2088 2316 meum,
2119 2261 2164 2304 et
2190 2251 2444 2302 exhibebit
2483 2251 2608 2302 milii
2638 2253 2719 2304 hic
2753 2253 2867 2318 plus
2898 2269 3053 2322 quam
3078 2254 3350 2308 duodecim
3381 2256 3457 2309 le-

1899 2344 2072 2410 giones
2118 2342 2526 2410 angelorum"?
2559 2341 2663 2409 Qui
2713 2343 2877 2408 igitur
2915 2344 3018 2396 dus
3070 2356 3151 2397 est
3194 2345 3464 2401 exercitus

1899 2457 2082 2495 eorum
2109 2440 2417 2510 angelorum
2447 2439 2534 2508 qui
2563 2442 2615 2494 in
2644 2439 2947 2511 legionibus
2978 2453 3342 2502 recensentur.
3375 2443 3465 2496 ille

1899 2531 2140 2600 profecto
2190 2533 2440 2602 princeps
2469 2539 2570 2586 est.

1968 2794 2023 2848 2.
2069 2795 2337 2860 Quorsum
2374 2792 2536 2862 igitur
2578 2791 2690 2846 haec
2741 2790 2949 2845 oratio?
2978 2791 3127 2856 Quod
3160 2805 3260 2843 non
3290 2790 3464 2843 conti-

1901 2903 2026 2951 nuo,
2059 2887 2102 2940 si
2134 2885 2260 2954 quid
2288 2884 2477 2938 ordine
2519 2898 2582 2938 ac
2624 2883 2884 2946 dignitate
2919 2883 3212 2937 secumlum
3240 2890 3343 2942 est,
3372 2889 3465 2934 aut

1904 2980 2140 3042 tertium,
2174 2977 2222 3029 id
2251 2984 2304 3029 et
2344 2985 2592 3029 naturam
2626 2975 2848 3029 alteram
2896 2975 3077 3030 habet.
3106 2974 3465 3040 Quemadmo-

1901 3073 2023 3124 dum
2069 3068 2211 3123 enim
2271 3069 2410 3122 inter
2456 3067 2674 3137 angelos
2732 3067 2978 3136 princeps
3029 3068 3167 3120 alius
3199 3076 3299 3131 est,
3329 3067 3463 3121 alius

1905 3162 2168 3226 subditus,
2203 3171 2255 3216 et
2291 3173 2468 3214 tamen
2494 3170 2687 3214 natura
2713 3159 2888 3231 angeli
2914 3169 3038 3215 sunt
3060 3174 3285 3215 omnes:
3319 3171 3373 3214 et
3407 3161 3460 3215 in

1905 3256 2159 3324 dignitate
2185 3255 2398 3323 quidem
2431 3254 2716 3307 diversitas
2738 3262 2839 3314 est.
2870 3254 2922 3306 in
2948 3263 3134 3308 natura
3159 3269 3288 3308 vero
3315 3269 3462 3308 como

1903 3349 2136 3398 munitas
2168 3345 2450 3413 (siquidem
2484 3343 2649 3398 S:ella
2673 3360 2703 3395 a
2728 3343 2878 3396 stella
2914 3345 3091 3412 di/fert
3128 3347 3180 3398 in
3210 3345 3463 3413 gloria“,

1901 3443 2088 3486 natura
2120 3448 2246 3487 vero
2273 3433 2547 3486 stellarum
2577 3434 2817 3487 omnimn
2850 3449 2952 3486 una
2989 3445 3102 3500 est;
3144 3446 3304 3504 atque
3331 3436 3465 3490 mul-

1903 3537 1968 3581 ta:
2019 3528 2326 3582 mansiones
2360 3537 2483 3579 sunt
2513 3529 2650 3596 apud
2697 3527 2912 3582 Patrem
2935 3530 2998 3593 “,
3035 3531 3136 3584 hoc
3161 3541 3261 3594 est,
3292 3531 3463 3600 digni-

1904 3631 2068 3674 tatum
2092 3621 2452 3686 diversitates,
2481 3620 2902 3687 gloriﬁcatorum
2935 3637 3062 3676 vero
3087 3635 3273 3674 natura
3298 3622 3460 3694 una):

1903 3715 1980 3766 sic
2008 3711 2248 3780 profecto
2302 3720 2356 3765 et
2405 3712 2639 3780 Spiritus
2669 3722 2909 3775 sanctus,
2947 3717 3047 3767 etsi
3081 3715 3345 3784 dignitate
3375 3715 3459 3768 iu-

1902 3806 2067 3861 ferior
2099 3816 2181 3860 est
2216 3816 2376 3873 atque
2413 3806 2624 3869 ordine,
2665 3817 2721 3858 ut
2761 3806 2910 3859 aiunt
2945 3809 3269 3876 (accepimus
3319 3808 3463 3862 enim

1903 3899 2099 3968 ipsum,
2134 3897 2324 3964 inquit,
2353 3898 2568 3950 tertium
2597 3913 2626 3950 a
2663 3898 2820 3951 Patre
2851 3909 2904 3952 et
2926 3899 3059 3954 Filio
3087 3910 3460 3963 numeratum;

1902 4007 2020 4044 cum
2059 3990 2312 4043 Dominus
2338 3991 2448 4059 ipse
2484 3990 2533 4043 in
2567 3992 2852 4045 traditione
2882 3992 3133 4045 salutaris
3162 3993 3462 4057 baptisma-

1907 4085 1976 4136 tis
2013 4082 2292 4136 tradideril
2319 4082 2589 4144 ordinem,
2615 4082 2698 4134 his
2729 4082 2903 4134 verbis
2933 4099 2944 4134 :
2979 4081 3172 4134 Euntes
3202 4083 3465 4148 baptizate

1903 4178 1956 4228 in
1993 4175 2199 4228 nomine
2228 4173 2427 4238 Patris,
2461 4186 2508 4227 et
2551 4173 2702 4240 Filii,
2735 4184 2783 4228 et
2816 4173 3040 4242 Spiritus
3088 4173 3252 4226 sancti
3273 4173 3372 4242 ");
3407 4183 3464 4225 at

1904 4268 1957 4320 in
1989 4268 2273 4334 quamdam
2304 4275 2550 4320 naturam
2600 4267 2812 4320 tertiam
2843 4283 2870 4320 a
2904 4267 3041 4323 Filio
3072 4277 3123 4323 et
3151 4267 3314 4322 Patre
3347 4267 3464 4335 eje-

2179 4423 2199 4453 ⁸
2227 4422 2380 4475 Deut.
2406 4437 2577 4488 χχιιι,
2609 4424 2664 4479 8.
2763 4426 2784 4456 ⁸
2816 4425 2947 4478 Dan.
2983 4442 3037 4488 χ,
3074 4426 3157 4479 l3.
3259 4423 3303 4454 ¹⁰
3336 4423 3460 4479 ibid.

2143 4494 2183 4524 “
2205 4492 2361 4546 Joan.
2392 4508 2501 4559 stv,
2524 4495 2577 4548 2.
2658 4494 2699 4526 ¹⁸
2725 4495 2909 4548 Matth.
2941 4512 3130 4559 xxvtu,
3164 4492 3249 4548 19.

1831 4690 1872 4742 D
1905 4683 2130 4737 aberant
2182 4699 2313 4737 vero
2363 4699 2390 4735 a
2437 4683 2576 4736 libro
2625 4681 2956 4742 Latinorum,
3013 4678 3464 4748 quemadmodum

1909 4769 2050 4802 nunc
2073 4755 2266 4802 absunt
2291 4771 2319 4802 a
2355 4753 2487 4802 Περ.
2525 4753 2776 4802 secundo.
2812 4698 3021 4802 E’mdem
3059 4765 3236 4802 voces.
3275 4748 3349 4802 ὡς
3375 4748 3464 4800 λέ-

1909 4769 2050 4806 nunc
2073 4755 2266 4805 absunt
2291 4771 2319 4807 a
2355 4753 2487 4822 lleg.
2525 4753 2776 4806 secundo.
2812 4748 3021 4822 Eaedem
3059 4765 3236 4822 voces,
3275 4748 3349 4810 ὡς
3375 4748 3466 4800 λέ-

1907 4838 2085 4888 γουσι,
2113 4833 2168 4876 ut
2195 4825 2363 4886 aiunt,
2392 4820 2734 4875 inveniuntur
2761 4821 2978 4887 quidem
3015 4821 3064 4873 in
3101 4820 3232 4886 Reg.
3271 4829 3457 4873 sexto:

1909 4897 2002 4945 sed
2040 4894 2208 4948 solum
2246 4896 2476 4948 secunda
2516 4906 2691 4942 manu.
2722 4891 2920 4944 Vocula
2946 4889 3020 4953 ὡς
3043 4891 3095 4944 in
3130 4891 3260 4958 Reg.
3295 4889 3466 4958 primo

1909 4963 2056 5016 deest
2082 4982 2094 5017 :
2121 4968 2210 5017 Si‘tl
2239 4966 2454 5016 verbum
2483 4961 2700 5028 λέγουσι
2731 4976 2795 5015 eo
2824 4964 2873 5014 in
2902 4963 3089 5013 codice
3129 4956 3339 5025 legitur.
3371 4956 3466 5011 Su-

1906 5036 2098 5101 Sp’icari
2157 5033 2382 5084 fortasse
2431 5035 2598 5096 possit
2632 5035 2894 5101 quispiam
2953 5031 3331 5101 Cumbelisium
3385 5029 3461 5082 le-

1905 5096 2133 5154 ctionem
2170 5103 2286 5154 libri
2343 5096 2661 5154 Graecorum
2692 5096 2929 5155 secutum
2979 5114 3120 5153 esse.
3170 5099 3462 5168 Postquam

1901 5173 2042 5223 enim
2083 5173 2189 5235 illa,
2220 5171 2644 5243 Παρειλήςαμεν
2673 5173 2802 5240 γάρ,
2849 5181 2981 5230 ctc.,
3014 5171 3110 5243 sic
3135 5172 3463 5243 interpreta-

1905 5251 1988 5294 tus
2033 5255 2133 5305 est,
2178 5238 2637 5309 accel'iimus‘ennn
2676 5238 2790 5293 eum
2827 5244 3060 5306 tertium,
3102 5242 3216 5294 hzec
3251 5241 3315 5293 ad
3346 5238 3464 5309 ejus

1901 5311 2003 5364 loci
2042 5329 2254 5366 sensum
2299 5307 2678 5366 declarandum
2710 5310 2985 5379 subjungit
3021 5311 3190 5362 :Dato
3223 5313 3317 5361 hoc
3353 5307 3463 5360 Ba~

1896 5384 2045 5437 silius
2079 5383 2356 5444 Eunomia,
2389 5393 2535 5447 negat
2584 5381 2814 5444 illatum,
2847 5397 2947 5432 non
2979 5397 3087 5434 esse
3119 5381 3349 5446 ejusdem
3395 5393 3461 5432 ac

1897 5450 2062 5506 Pater
2087 5466 2308 5507 nutttra'.
2352 5454 2463 5504 Non
2519 5452 2661 5505 enim
2713 5455 2753 5505 si
2801 5453 2926 5518 quid
2967 5452 3177 5514 damus,
3215 5449 3462 5514 sequitur

1896 5534 1952 5574 ιιι
1980 5524 2027 5575 id
2061 5526 2223 5576 etiam
2258 5524 2638 5582 concedamus.
2669 5532 2759 5574 aut
2798 5523 3176 5574 contiteatnur.
3226 5519 3460 5571 Basilius

1891 5606 2018 5662 ergo
2047 5596 2145 5647 hoc
2179 5597 2304 5645 dare
2334 5593 2592 5659 potuisset
2647 5592 3016 5652 Eunotuianis,
3069 5590 3314 5662 tertiunt
3338 5603 3458 5662 esse

1893 5658 2174 5729 Spiritum,
2209 5674 2260 5716 et
2288 5658 2464 5716 tamen
2496 5663 2544 5715 id
2572 5678 2675 5715 non
2700 5663 3014 5722 concedere,
3051 5675 3148 5713 nec
3183 5658 3453 5729 conﬁteri.

1891 5727 2018 5786 Utut
2070 5734 2182 5787 haec
2215 5743 2359 5796 sunt,
2437 5748 2540 5785 non
2594 5734 2750 5786 aliter
2777 5732 2948 5788 Graeci
2987 5745 3150 5801 quam
3187 5727 3454 5785 Combeﬂ-

1888 5806 1998 5860 sius
2041 5805 2181 5859 hunc
2218 5803 2394 5860 locum
2425 5802 2759 5860 intellexere.
