4088 6318
582 326 688 380 659

1891 315 1947 372 S.
1987 307 2228 366 BASILII
2270 309 2480 366 MAGNI

3705 306 3816 362 66")

582 457 730 498 clum
762 455 883 496 eum
915 439 1075 492 fuisse
1099 451 1361 505 nusquam
1395 434 1701 489 didicimus.
1732 434 1863 487 Nam
1904 449 2024 488 cum
2057 447 2141 484 res

2286 447 2332 481 ιν
2363 432 2483 482 τινὰ
2517 431 2702 501 τρίτην
2724 430 2830 482 ἀπὸ
2865 429 2992 481 Υίοῦ
3025 429 3117 480 καὶ
3149 429 3358 498 Πατρὸς
3391 427 3818 495 ἐκϐαλλόμενον,

586 535 707 587 duae
733 532 999 594 dicantur,
1030 529 1204 584 deitas
1230 539 1283 582 et
1311 534 1580 591 creatura,
1620 525 1916 579 dominium
1948 534 1999 579 et
2024 539 2136 577 ser-

586 627 751 684 vitus,
799 619 1036 687 potentia
1092 616 1458 678 sanctiﬁcans,
1508 624 1562 668 et
1598 630 1715 684 quae
1755 614 2138 676 sanetilicatur,

587 711 826 780 potentia
860 709 1142 779 possidens
1189 717 1380 774 suapte
1407 715 1597 759 natura
1639 706 1914 766 virtutem,
1942 715 1995 756 et
2022 720 2138 773 qua:

587 818 705 857 eam
752 819 818 857 ex
855 800 1077 853 arbitrio
1101 809 1378 867 comparat
1403 815 1416 862 ;
1446 813 1549 866 qua
1589 797 1640 850 in
1680 806 1836 866 parte
1887 796 2143 863 Spiritum

585 892 920 947 locabimus?
961 887 1106 944 Inter
1161 904 1252 944 eos
1304 890 1393 958 qui
1447 889 1889 944 sanctilicantur?
1925 897 1980 941 at
2035 887 2148 956 ipse

586 992 670 1038 est
725 981 1101 1036 sanctificatio.
1159 981 1239 1034 An
1295 981 1435 1034 inter
1492 994 1585 1034 eos
1649 980 1740 1048 qui
1780 978 2055 1050 praeclaris
2087 994 2150 1032 ac

589 1075 820 1145 egregiis
852 1073 1184 1128 facinoribus
1233 1073 1484 1126 virtutem
1534 1072 1713 1141 adepti
1756 1071 1918 1127 sunt?
1957 1079 2010 1125 at
2059 1071 2152 1124 bo-

587 1182 690 1220 nus
735 1175 925 1220 natura
973 1174 1076 1219 est.
1114 1164 1195 1218 An
1251 1165 1394 1218 inter
1420 1179 1515 1219 eos
1564 1165 1656 1234 qui
1713 1163 2068 1218 ministrant?
2102 1172 2154 1216 at

592 1257 682 1312 alii
719 1268 847 1312 sunt
877 1257 1099 1325 spiritus
1129 1256 1528 1322 ministratorii,
1564 1256 1656 1324 qui
1697 1256 1762 1309 ad
1795 1255 2151 1308 ministerium

592 1348 964 1402 mittuntur”.
1005 1345 1119 1400 Non
1169 1361 1298 1415 ergo
1337 1346 1686 1415 principalem
1738 1355 1928 1400 natura
1977 1345 2152 1414 Spiri-

596 1447 731 1503 tum,
763 1437 841 1490 fas
882 1445 964 1491 est
1007 1436 1163 1492 nobis
1213 1451 1533 1490 conservum
1589 1437 1794 1501 dicere,
1841 1452 2016 1506 neque
2048 1452 2153 1490 una

594 1525 716 1584 cum
777 1529 1038 1583 creaturis
1092 1543 1377 1583 numerare
1429 1543 1576 1594 eum,
1614 1530 1706 1598 qui
1764 1531 1815 1584 in
1890 1529 2068 1583 divina
2104 1538 2157 1581 et

593 1622 750 1675 beata
767 1619 1030 1674 Trinitate
1058 1619 1258 1689 pariter
1284 1620 1447 1692 274
1463 1631 1793 1677 numeratur.
1822 1620 2159 1689 Principatus

596 1713 740 1766 enim
766 1721 820 1766 et
856 1720 1173 1781 potestates,
1210 1725 1274 1764 ac
1310 1710 1530 1776 reliquae
1565 1709 1825 1779 ejusmodi
1872 1716 2155 1771 creaturze,

2240 520 2477 591 οὐδαμοῦ
2512 521 2921 592 μεμαθήκαμεν.
2949 520 3051 572 Δύο
3080 518 3186 590 γὰρ
3213 519 3518 588 λεγομένων
3552 519 3820 588 πραγμά-

2239 631 2368 674 των,
2408 612 2657 682 θεότητός
2696 631 2755 666 τε
2801 614 2895 666 καὶ
2937 613 3047 681 (91)
3081 611 3326 675 κτίσεως,
3375 613 3468 664 καὶ
3499 610 3823 671 δεσποτείας

2244 708 2338 759 καὶ
2365 707 2628 769 δουλείας,
2652 707 2743 758 καὶ
2767 706 3086 774 ἁγιαστικῆς
3111 704 3406 774 δυνάμεως,
3430 705 3522 757 καὶ
3543 706 3641 773 τῆς
3661 706 3825 771 ἁγια-

2245 799 2498 872 ζομένης,
2530 801 2628 870 τῆς
2669 817 2726 850 τε
2755 801 2817 850 ὲκ
2851 798 3061 867 φύσεως
3089 797 3314 867 ἐχούσης
3345 795 3441 867 τὴν
3476 796 3679 865 ἀρετὴν
3723 797 3824 848 καὶ

2246 894 2342 962 τῆς
2376 895 2439 945 ὲκ
2465 891 2833 964 προαιρέσεως
2861 890 3248 962 κατορθούσης,
3301 892 3356 942 ὲν
3383 889 3510 958 ποίᾳ
3548 889 3724 958 μερίδι
3762 888 3823 939 τὸ

2250 984 2470 1055 Πνεῦμα
2494 984 2764 1055 τάξομεν;
2807 986 2890 1037 Ἐν
2929 986 3040 1046 τοῖς
3095 981 3503 1051 ἀγιαζομένοις;
3538 978 3654 1031 ἀλλ’
3690 980 3824 1030 αύτύ

2252 1080 2395 1130 ἐστιν
2435 1077 2718 1147 ἀγιασμός.
2789 1076 2925 1129 Ἀλλ’
2973 1077 3028 1126 έν
3065 1076 3171 1136 τοῖς
3220 1072 3275 1138 ἐξ
3316 1069 3825 1142 ἀνδραγαθημάτων

2251 1169 2347 1238 τὴν
2400 1169 2597 1240 ἀρετὴν
2641 1167 2978 1238 κτωμένοις;
3019 1165 3152 1219 ἀλλά
3197 1165 3352 1232 φύσει
3415 1163 3562 1215 ἐστὶν
3594 1159 3822 1229 ἀγαθόν.

2266 1260 2403 1313 Ἀλλ’
2428 1263 2484 1313 ὲν
2511 1264 2622 1324 τοῖς
2642 1261 3061 1331 λειτουργικοῖς;
3090 1257 3201 1310 ἀλλ’
3223 1255 3386 1326 ἕτερά
3413 1256 3521 1306 εἰσι
3573 1253 3824 1321 λειτουρο

2253 1350 2384 1417 γικά
2423 1353 2704 1420 πνεύματα
2748 1351 2883 1420 πρὸς
2918 1347 3188 1400 διακονίαν
3241 1343 3702 1413 ἀποστελλόμενα.
3748 1342 3822 1393 03

2254 1443 2430 1497 τοίνυν
2464 1442 2742 1511 ὁμόδουλον
2789 1444 2920 1512 ἡμῖν
2953 1439 3128 1506 λέγειν
3166 1437 3295 1489 αὐτὸ
3329 1434 3569 1507 θεμιτὸν,
3599 1435 3665 1486 τὸ
3694 1436 3824 1503 ἡγε-

2259 1534 2474 1607 μονικὸν
2505 1537 2570 1603 τῇ
2603 1534 2778 1602 φύσει,
2807 1533 2930 1585 οὔτε
2957 1535 3023 1602 τῇ
3051 1530 3224 1583 κτίσει
3259 1529 3630 1600 συναριθμεῖν,
3665 1527 3728 1579 τὸ
3758 1529 3824 1594 τῇ

2257 1628 2375 1700 θείᾳ⁸
2399 1628 2492 1679 καὶ
2518 1627 2763 1696 μακαρία
2793 1625 2981 1695 Τριάδι
3011 1622 3497 1692 συναριθμούμενον
3529 1619 3662 1688 (92).
3707 1620 3831 1688 ’Δρο

2258 1719 2348 1788 χαὶ
2379 1718 2474 1786 μὲν
2504 1715 2629 1786 γὰρ,
2659 1715 2751 1767 καὶ
2789 1716 3044 1780 ἐξουσίαι,
3081 1712 3174 1766 καὶ
3209 1712 3353 1763 πᾶσα
3387 1714 3418 1781 ἡ
3453 1711 3679 1779 τοιαύτη
3715 1709 3830 1761 κτί-

598 1818 716 1870 qua:
766 1818 833 1857 ex
891 1802 1190 1856 attentione
1225 1816 1288 1854 ac
1341 1799 1522 1854 studio
1552 1799 2032 1854 sanctiﬁcationem
2064 1801 2158 1853 ha-

2277 1785 2362 1872 ιις,
2384 1785 2456 1861 Ϋὲκ
2488 1785 2759 1880 προσοχῆς
2789 1807 2881 1859 καὶ
2912 1805 3222 1875 ἐπιμελείας
3247 1803 3336 1854 τὸν
3368 1801 3638 1871 ἀγιασμὸν
3680 1800 3834 1869 έχου-

601 1896 748 1958 hent,
774 1893 874 1947 dici
909 1903 1100 1947 natura
1131 1901 1329 1946 sanctae
1352 1889 1472 1960 jure
1503 1906 1607 1944 non
1639 1899 1885 1960 possunt.
1919 1891 1992 1944 lta
2021 1891 2160 1944 enim

599 1985 798 2037 bonum
833 1992 1111 2053 appetunt,
1155 1991 1212 2036 ut
1262 1997 1359 2052 pro
1403 1982 1611 2037 ratione
1657 1983 1858 2036 amoris
1904 1983 1956 2036 in
1992 1982 2159 2036 Deum

599 2077 706 2139 sui,
736 2075 1044 2130 sanctitatis
1089 2087 1396 2130 mensuram
1435 2075 1725 2144 accipiant.
1759 2074 1824 2128 Et
1857 2075 2013 2129 sicuti
2059 2074 2167 2127 ler-

601 2181 720 2217 rum
773 2165 826 2219 in
885 2166 1058 2219 medio
1097 2164 1218 2234 igne
1260 2168 1516 2235 positum,
1559 2166 1762 2221 ferrum
1800 2167 2016 2235 quidem
2049 2182 2166 2221 esse

602 2272 711 2310 non
767 2255 984 2321 desinit,
1038 2257 1131 2311 sed
1196 2257 1264 2312 ob
1318 2257 1848 2312 vehementissimam
1885 2273 2005 2312 cum
2042 2258 2164 2327 igne

602 2347 1038 2417 coniunctionem
1093 2348 1320 2420 ignitum
1369 2350 1589 2413 factum,
1647 2363 1971 2415 omnemque
2026 2348 2164 2418 ignis

607 2447 854 2490 naturam
908 2437 962 2490 in
1017 2452 1074 2491 se
1111 2439 1284 2505 ipsum
1323 2438 1609 2506 recipiens,
1646 2445 1756 2490 tum
1820 2437 2020 2501 colore,
2057 2448 2165 2489 tum

606 2523 842 2580 ellicacia
873 2526 924 2580 in
965 2526 1139 2596 ignem
1173 2529 1362 2582 transit
1388 2543 1401 2581 :
1427 2529 1505 2583 sic
1530 2537 1584 2582 et
1621 2538 1823 2582 sancta:
1868 2536 2170 2598 potestates

608 2635 673 2672 ex
707 2619 1192 2674 communicatione
1222 2635 1379 2689 quam
1406 2621 1602 2674 habent
1635 2635 1756 2674 cum
1788 2633 1852 2674 eo
1887 2621 1976 2688 qui
2013 2629 2170 2674 natu-

610 2728 668 2765 ra
709 2719 927 2766 sanctus
956 2721 1056 2779 est,
1085 2712 1348 2782 ejusmodi
1379 2711 1796 2765 sanctimoniam
1829 2710 2024 2764 habent
2055 2726 2171 2779 qua:

604 2804 715 2871 jam
767 2803 1063 2872 pervaserit
1122 2819 1217 2874 per
1269 2812 1434 2858 totam
1484 2818 1669 2857 earum
1709 2803 2082 2868 substantiam,
2117 2803 2169 2855 in

613 2910 788 2961 caque
823 2894 1110 2947 coaluerit.
1141 2893 1273 2961 Ipsae
1308 2901 1482 2946 autem
1523 2892 1575 2945 in
1598 2906 1661 2946 eo
1694 2906 1721 2945 a
1756 2900 1941 2946 sancto
1972 2891 2170 2960 Spiritu

614 2983 892 3049 differunt,
952 2983 1095 3052 quod
1154 2983 1312 3052 hujus
1369 2992 1559 3036 natura
1612 2984 1872 3039 sanctitas
1909 2992 1992 3038 est
2024 3002 2037 3036 :
2069 2983 2174 3038 illis

2263 1919 2371 1965 σαι,
2397 1903 2497 1954 ούκ
2520 1901 2586 1953 ἂν
2619 1898 2839 1960 είκότως
2864 1896 3021 1965 φύσει
3052 1896 3201 1962 ἆγιαι
3226 1890 3359 1946 εἶναι
3386 1892 3645 1958 λέγοιντο.
3705 1891 3833 1941 Ἐπ-

2261 1993 2577 2064 ορεγόμεναι
2617 1991 2724 2061 γὰρ
2757 1988 2849 2041 τοῦ
2883 1986 3068 2048 καλοῦ,
3109 1987 3247 2040 κατά
3285 1984 3380 2055 τὴν
3417 1983 3707 2050 ἀναλογίαν
3735 1981 3833 2049 τῆς

2265 2089 2398 2156 πρὸς
2429 2088 2518 2139 τὸν
2545 2086 2673 2138 Θεὸν
2710 2084 2947 2151 ἀγάπης,
2984 2080 3076 2133 καὶ
3110 2077 3202 2131 τοῦ
3231 2077 3426 2147 μέτρου
3457 2074 3553 2143 τῆς
3591 2073 3831 2140 ἁγιωσύ-

2267 2192 2360 2242 νης
2395 2173 2884 2244 μεταλαμϐάνουσι.
2918 2169 3026 2222 Καὶ
3057 2168 3245 2235 ὥσπερ
3269 2167 3295 2217 ὁ
3330 2164 3568 2234 σίδηρος,
3602 2166 3657 2214 ἐν
3686 2163 3837 2231 μέσῳ

2266 2265 2342 2334 τῷ
2377 2266 2508 2335 πυρὶ
2543 2267 2810 2334 κείμενος,
2844 2263 2903 2315 τὸ
2953 2261 3050 2332 μὲν
3083 2258 3294 2329 σίδηρος
3326 2252 3461 2307 εἷναι
3499 2257 3600 2306 ούκ
3633 2255 3834 2306 ἀποϐέ-

2270 2357 2457 2426 ϐληκε,
2485 2358 2551 2423 τῇ
2589 2355 2643 2407 δὲ
2675 2355 3007 2425 σφοδροτάτῃ
3032 2351 3168 2422 πρὸς
3194 2349 3253 2401 τὸ
3281 2347 3390 2419 πῦρ
3415 2346 3602 2417 ὁμιλίᾳ
3630 2348 3835 2417 ἐκπυρ-

2270 2445 2552 2507 ακτωθεὶς,
2586 2445 2675 2496 καὶ
2705 2446 2880 2498 πᾶσαν
2917 2445 2995 2505 εἰς
3028 2441 3214 2496 ἑαυτὸν
3239 2440 3335 2511 τὴν
3393 2436 3487 2491 τοῦ
3531 2437 3706 2508 πυρὸς
3740 2438 3837 2504 $5-

2272 2555 2355 2589 σιν
2387 2533 2797 2602 ὑποδεξάμενος,
2833 2535 2925 2586 κα),
2962 2532 3210 2603 χρώματι
3238 2531 3330 2582 καὶ
3361 2529 3582 2599 ἐνεργίᾳ
3611 2527 3749 2597 πρὸς
3781 2527 3838 2577 τδ

2271 2627 2382 2698 πῦρ
2411 2623 2779 2698 μεταϐέϐηκεν
2798 2637 2810 2649 ·
2841 2621 2980 2673 οὕτω
3006 2623 3098 2675 καὶ
3124 2623 3179 2674 αἱ
3204 2623 3352 2689 ἅγιαι
3374 2620 3634 2690 δυνάμεις
3658 2621 3722 2670 ἐκ
3745 2619 3840 2686 τῆς

2271 2719 2407 2792 πρὸς
2439 2718 2498 2771 τὸ
2529 2717 2685 2786 φύσει
2725 2714 2876 2781 ἅγιον
2913 2713 3194 2774 κοινωνίας
3237 2713 3300 2762 δι’
3329 2712 3455 2781 ὅλης
3496 2711 3596 2780 τῆς
3633 2709 3840 2762 ἑαυτῶν

2273 2811 2622 2873 ὑποστάσεως
2663 2803 3013 2877 κεχωρηκότα
3041 2803 3143 2871 ἤδη
3192 2802 3285 2852 καὶ
3321 2801 3842 2870 συμπεφυσιωμένον

2270 2907 2361 2959 τὸν
2421 2902 2687 2972 ἀγιασμὸν
2741 2899 2939 2970 έχουσι.
2995 2892 3237 2962 Διαφορά
3287 2891 3343 2942 δὲ
3393 2892 3581 2952 αὑταῖς
3609 2891 3746 2960 πῴς
3785 2891 3841 2941 τδ

2274 2997 2498 3067 Πνεῦμα
2544 2995 2604 3046 τὸ
2638 2993 2789 3060 ἅγιον
2823 2989 2980 3058 αῦτη,
3012 2988 3092 3041 ὅτι
3129 2984 3206 3055 τῷ
3238 2984 3334 3055 μὲν
3362 2981 3521 3051 φύσις
3549 2982 3582 3049 ἡ
3612 2982 3842 3047 ἁγιωσύ-

615 3091 744 3132 vero
777 3093 842 3132 ex
878 3076 1287 3148 participatione
1347 3075 1488 3128 inest
1547 3076 1928 3131 sanctimonia.
1966 3076 2170 3140 Quibus

2277 3106 2362 3156 νη,
2402 3089 2518 3148 ταῖς
2570 3085 2626 3138 δὲ
2670 3085 2733 3136 ὲκ
2774 3079 3058 3152 μετουσίας
3101 3077 3332 3146 ὑπάρχει
3374 3073 3434 3125 τὸ
3482 3068 3838 3140 ἀγιὰζεσθαι.

617 3177 796 3222 autem
830 3167 971 3222 inest
993 3167 1191 3221 bonum
1225 3163 1643 3220 instauratitium
1673 3172 1728 3216 et
1759 3162 1972 3215 aliunde
2008 3162 2172 3214 colla-

619 3268 754 3321 tum,
786 3272 848 3312 ea
881 3268 1002 3312 sunt
1029 3257 1301 3312 mutabilis
1335 3268 1557 3310 naturae.
1607 3254 1724 3310 Non
1768 3255 1910 3311 enim
1949 3254 2180 3310 excidis-

621 3357 705 3401 set
725 3348 958 3411 Lucifer,
988 3349 1077 3415 qui
1111 3363 1266 3401 mane
1320 3351 1490 3402 oritur
1513 3350 1575 3416 ¹⁷,
1611 3364 1710 3402 nec
1758 3357 1900 3403 esset
1945 3347 1997 3401 in
2040 3356 2178 3402 terra

624 3439 909 3503 contritus,
952 3437 998 3491 si
1040 3437 1322 3490 deterioris
1378 3439 1699 3492 conditionis
1730 3438 2047 3506 recipiendae
2074 3455 2179 3493 non

623 3530 817 3585 fuisset
847 3544 1015 3598 capax
1055 3537 1267 3582 natura.
1316 3526 1593 3593 Quomodo
1630 3529 1793 3597 igitur
1827 3531 1968 3597 pium
1995 3541 2076 3586 est
2103 3533 2182 3585 in-

627 3629 705 3674 ter
751 3627 1026 3673 creaturas
1075 3617 1334 3688 Spiritum
1395 3617 1680 3681 collocare,
1742 3621 1829 3686 qui
1896 3623 2178 3676 intervallo

627 3721 776 3764 tanto
808 3726 837 3764 a
866 3710 1134 3765 creaturis
1170 3721 1453 3780 separatus
1487 3710 1605 3766 est?
1642 3711 1900 3766 Creatura
1931 3715 2074 3767 enim
2111 3715 2181 3767 ita

626 3812 935 3870 comparata
967 3812 1066 3865 est,
1110 3813 1167 3855 ut
1199 3804 1242 3856 si
1283 3818 1628 3873 progressum
1688 3803 1919 3872 aliquem
1975 3804 2184 3872 fecerit,

628 3894 995 3963 placueritque
1050 3894 1176 3958 Deo,
1231 3909 1326 3963 pro
1393 3897 1642 3947 mercede
1706 3897 2185 3952 sanetilicationem

632 3986 883 4054 accipiat,
921 3985 1350 4055 quandoquidem
1405 3985 1570 4039 libero
1612 3983 1779 4037 utitur
1812 3986 2055 4050 arbitrio,
2090 4004 2186 4057 po-

635 4085 843 4142 testque
874 4075 926 4128 in
958 4085 1239 4144 utramque
1281 4083 1489 4144 partem
1537 4073 1808 4139 inclinari,
1849 4074 1915 4126 ad
1954 4073 2082 4128 boni
2130 4093 2192 4129 ac

636 4165 761 4218 mali
806 4168 1154 4235 electionem;
1193 4168 1425 4239 Spiritus
1460 4177 1637 4222 autem
1691 4175 1910 4221 sanctus
1956 4165 2074 4221 fons
2112 4179 2194 4222 est

633 4257 1090 4312 sanctiﬁcationis.
1147 4260 1212 4313 Et
1238 4260 1686 4329 quemadmodum
1735 4267 1925 4312 natura
1973 4268 2193 4313 sanctus

632 4362 716 4403 εει
746 4347 928 4415 Pater,
954 4359 1143 4403 natura
1179 4351 1360 4405 itidem
1384 4359 1602 4406 sanctus
1630 4361 1712 4405 est
1736 4351 1903 4406 Filius
1929 4366 1944 4406 :
1967 4352 2037 4406 ita
2065 4367 2194 4422 qun-

2279 3174 2370 3239 Οἷς
2396 3178 2452 3229 δὲ
2483 3174 2869 3228 ὲπισκευαστὸν
2905 3173 2996 3224 καὶ
3038 3168 3297 3238 ἑτέρωθεν
3328 3163 3699 3232 ὲπιδεδομένον
3743 3163 3844 3214 ὑπο

2281 3269 2434 3339 ἁρχει
2491 3263 2830 3330 τὸάγαθὸν,
2888 3262 2986 3330 τῆς
3046 3258 3395 3330 μεταπτωτῆς
3454 3257 3560 3307 εἰσι
3612 3253 3840 3322 φύσεως.

2281 3361 2353 3413 Ού
2387 3357 2494 3427 γὰρ
2516 3354 2579 3408 ἂν
2607 3353 2860 3417 ἐξέπεσεν
2902 3354 2930 3403 ὁ
2972 3351 3275 3420 Ἐωσφόρος
3313 3352 3341 3402 ὁ
3376 3347 3522 3419 πρωῒ
3566 3347 3680 3416 (95)
3719 3348 3842 3400 ἁνα-

2280 3452 2499 3518 τέλλων,
2528 3447 2649 3501 οὔτε
2682 3442 2966 3513 συνετρίϐη
2997 3443 3085 3493 ἐπὶ
3116 3443 3211 3512 τῆς
3247 3442 3368 3511 γῆς,
3406 3442 3454 3492 εί
3489 3440 3647 3508 φύσει
3674 3438 3848 3507 ὑπῆρ-

2284 3563 2344 3618 χε
2396 3543 2488 3597 τοῦ
2537 3540 2775 3612 χείρονος
2823 3533 3190 3594 ἀνεπίδεκτος.
3234 3533 3356 3594 Πῶς
3395 3527 3487 3584 οὖν
3529 3530 3748 3591 εὐσεϐὲς
3784 3532 3844 3597 τῇ

2284 3637 2456 3690 κτίσει
2479 3634 2607 3687 αὐτὸ
2633 3628 2962 3690 συντάττειν,
3009 3622 3243 3691 τοσούτῳ
3279 3621 3456 3690 μέτρῳ
3499 3620 3848 3688 διωρισμένον

2286 3727 2381 3795 τῆς
2409 3725 2635 3786 κτίσεως
2659 3739 2673 3787 ;
2719 3720 2781 3773 Ἠ
2807 3717 2903 3790 μὲν
2929 3714 3034 3784 γὰρ
3067 3712 3240 3774 κτίσις
3265 3710 3502 3787 πέφυκεν
3533 3703 3690 3759 ἆθλον
3721 3724 3847 3778 προ-

2289 3814 2461 3884 κοπῆς
2513 3815 2603 3865 καὶ
2656 3812 2750 3881 τῆς
2796 3809 2929 3880 πρὸς
2977 3806 3106 3858 Θεὸν
3142 3803 3547 3875 εύαρεστήσεως
3583 3799 3674 3852 τὸν
3697 3799 3850 3866 ἀγιαι

2291 3907 2423 3977 σμὸν
2450 3904 2665 3974 ἔχουσα,
2693 3900 2848 3970 φύσει
2879 3899 2933 3950 δὲ
2969 3898 3076 3969 (94)
3103 3896 3358 3967 χρωμένη
3390 3890 3738 3962 αὺτεξουσίῳ,
3765 3893 3852 3944 καὶ

2294 3996 2651 4068 μεταρρέπειν
2717 3992 2799 4060 ἐφ’
2859 3990 3091 4058 ἑκάτερα
3146 3986 3446 4054 δυναμένη,
3505 3983 3642 4054 πρὸς
3711 3983 3854 4035 ἐκλο-

2291 4090 2392 4157 γὴν
2445 4086 2539 4139 τοῦ
2589 4084 2791 4153 ἀγαθοῦ
2850 4082 2943 4133 κα).
3004 4078 3094 4130 τοῦ
3130 4079 3396 4146 χείρονος·
3433 4075 3492 4126 τὸ
3531 4075 3586 4125 δὲ
3639 4074 3854 4143 Πνεῦμα

2293 4181 2354 4230 τὸ
2391 4179 2540 4244 ἆγιον
2576 4174 2723 4242 πηγὴ
2758 4169 3048 4239 ἀγιασμοῦ.
3092 4167 3199 4218 Καὶ
3227 4167 3410 4235 ὥσπερ
3444 4165 3602 4233 φύσει
3639 4165 3792 4232 ἆγιος
3830 4168 3855 4218 ὁ

2296 4269 2499 4340 Πατὴρ,
2555 4267 2650 4321 καὶ
2696 4264 2852 4333 φύσει
2895 4263 3045 4329 ἆγιος
3090 4261 3118 4312 ὁ
3148 4259 3293 4322 Υἱὸς,
3341 4257 3478 4310 οὕτω
3507 4256 3670 4327 φύσει
3710 4257 3854 4324 ἅγιον

2297 4365 2389 4417 καὶ
2451 4361 2509 4415 τὸ
2555 4356 2776 4428 Πνεῦμα
2824 4355 2884 4408 τὸ
2946 4353 3042 4424 τῆς
3087 4351 3380 4424 ἀληθείας·
3434 4350 3511 4403 διὸ
3571 4350 3666 4403 καὶ
3719 4348 3855 4414 ἐξαι-

634 4457 738 4509 que
786 4441 1018 4510 Spiritus
1054 4441 1142 4495 ille
1189 4441 1427 4496 veritatis
1467 4452 1658 4497 natura
1711 4452 1927 4496 sanctus
1955 4453 2073 4509 est;
2122 4443 2170 4497 oi

2300 4456 2455 4527 ρέτου
2510 4453 2604 4506 καὶ
2648 4451 2949 4518 ἰδιαζούσης
3003 4448 3100 4518 τῆς
3155 4444 3248 4498 τοῦ
3286 4445 3437 4511 ἁγίου
3497 4445 3857 4513 προσηγορίας

637 4535 797 4604 idque
829 4539 1060 4589 donatus
1085 4544 1168 4589 est
1202 4535 1362 4588 etiam
1391 4535 1561 4589 sancti
1612 4533 1987 4604 appellatione,
2024 4550 2193 4604 eaque

635 4627 887 4695 peculiari
925 4643 986 4680 ac
1021 4627 1252 4697 propria.

711 4714 763 4767 5.
805 4715 1006 4784 Itaque,
1041 4717 1084 4770 si
1133 4716 1391 4770 sanctitas
1425 4715 1472 4769 ei
1509 4725 1699 4768 natura
1728 4722 1833 4778 est,
1861 4715 2017 4768 sicuti
2047 4714 2190 4769 Patri

638 4817 691 4861 et
721 4805 880 4874 Filio,
910 4812 1178 4876 quomodo
1206 4809 1379 4862 tertiae
1419 4823 1482 4862 ac
1512 4807 1698 4861 alienae
1732 4813 1934 4860 natura;
1966 4806 2086 4861 est?
2113 4806 2193 4861 Ob

716 4946 764 4977 ¹⁸
794 4944 960 5000 Hebr.
993 4960 1031 5009 ι,
1062 4945 1147 4999 14.
1228 4947 1269 4977 ¹⁷
1298 4946 1400 5001 lsa.
1433 4962 1543 5009 xw,
1583 4943 1667 4998 ιε.

725 5103 834 5173 (91)
860 5100 1079 5173 Antiqui
1127 5110 1240 5153 tres
1290 5103 1414 5157 libri
1445 5102 1696 5172 θεότητος
1747 5120 1806 5155 τε
1865 5102 1975 5156 καί.
2008 5102 2207 5158 Vocula

646 5190 706 5225 τε
736 5172 883 5227 deest
915 5174 965 5225 in
991 5172 1242 5241 vulgatis.

741 5245 830 5311 92)
862 5244 1083 5296 Codices
1114 5241 1219 5295 (luo
1244 5241 1719 5312 ὲναριθμούμενον.

720 5244 830 5377 $92)
862 5244 1083 5296 Codices
1114 5244 1219 5295 (luo
1244 5244 1719 5312 ὲναριθμούμενον.

746 5314 834 5386 θὶῷ)
869 5312 1017 5386 Regii
1056 5313 1321 5386 secundm
1349 5323 1404 5366 et
1437 5324 1660 5386 quartus
1689 5316 1712 5361 ὁ
1745 5314 1918 5386 γερωῐ.

725 5382 833 5450 (‘94)
875 5381 1020 5451 Editi
1075 5381 1232 5449 φύσει
1287 5400 1366 5435 τε.
1428 5383 1647 5449 Antiqui
1712 5381 1819 5438 tres
1873 5384 1993 5438 libri
2049 5383 2207 5451 φύσει

651 5451 731 5506 δέ.
762 5451 959 5504 ibidem
1005 5450 1136 5516 Reg.
1197 5455 1388 5507 tertius
1430 5454 1524 5505 καὶ
1560 5454 1790 5523 μετᾶραι
1824 5455 1918 5525 τὴν
1952 5456 2034 5523 ἐφ’
2062 5450 2208 5508 ίὲκά-

654 5537 818 5592 τερα,
840 5533 1107 5588 corrupte.

732 5590 843 5663 (95)
880 5591 1148 5663 Editiones
1176 5591 1310 5646 Ven.
1349 5601 1404 5647 et
1446 5593 1610 5648 Basil.
1648 5607 1767 5646 cum
1804 5593 1987 5663 Regiis
2014 5603 2207 5661 quarto

660 5675 714 5715 et
737 5661 925 5732 quinto
953 5659 1066 5722 πῶς
1091 5662 1293 5732 τρίτον,
1325 5665 1580 5732 quomodo
1614 5664 1795 5717 tertius
1816 5659 1911 5718 εειῖ
1942 5659 2071 5732 Reg.
2103 5673 2211 5716 ter-

667 5743 771 5788 tius
793 5730 950 5789 habet
987 5730 1198 5798 quoque
1233 5730 1347 5797 πῶς
1378 5732 1577 5803 τριτον,
1625 5735 1717 5804 sed
1743 5733 1979 5791 secunda
2018 5730 2203 5800 manu,

2301 4547 2545 4618 ἠξίωται.

2368 4725 2419 4778 ’5.
2452 4724 2515 4775 Εἰ
2544 4716 2635 4775 οῦν
2674 4719 2832 4790 φύσις
2879 4715 3024 4787 αὐτῷ
3075 4719 3102 4768 ὁ
3151 4716 3418 4786 ἀγιασμός
3461 4715 3626 4777 ἐστιν,
3684 4714 3858 4784 ὣσπερ

2301 4813 2474 4885 Πατρ).
2512 4813 2603 4865 καὶ
2628 4811 2764 4882 Υίῷ,
2802 4808 2918 4872 πῶς
2952 4807 3138 4881 τρίτης
3166 4807 3278 4875 (95)
3315 4808 3428 4860 ἐστὶ
3459 4808 3551 4861 καὶ
3587 4807 3858 4878 ἀλλοτρίας

2316 5103 2441 5157 licet
2471 5102 2712 5170 antiqua.
2745 5099 2924 5170 Codeg
2977 5112 3102 5170 vero
3143 5093 3291 5170 C_olh.
3328 5103 3394 5170 _et
3439 5092 3529 5145 alii
3575 5101 3684 5143 tres
3715 5105 3856 5170 .mss.

2316 5174 2464 5241 Regii
2495 5163 2620 5241 eum:
2643 5172 2876 5223 editione
2903 5169 3071 5222 Paris.
3114 5164 3230 5227 πῶς
3251 5164 3460 5241 τρίτης,
3495 5163 3860 5241 φισηιοςζοιεντ

2315 5231 2423 5304 tice:
2451 5253 2554 5296 etc.
2596 5240 3074 5294 Persuasissimnm
3101 5246 3183 5288 est
3215 5231 3363 5295 mihi,
3391 5249 3484 5286 eos
3515 5245 3656 5304 quos
3676 5231 3857 5304 tinet-'1

2314 5323 2367 5365 et
2393 5302 2564 5365 Latini
2601 5313 2650 5363 in
2694 5309 2923 5363 concilio
2954 5306 3264 5362 Florentino
3297 5302 3643 5372 proferebant
3675 5302 3854 5360 lib-os,

2314 5399 2420 5436 uno
2454 5385 2592 5433 inter
2619 5396 2676 5433 se
2721 5393 2986 5432 consensu
3021 5370 3440 5447 habuisse,‘_7t6);
3482 5370 3695 5447 τρίτης,
3741 5384 3859 5447 φιρ-

2319 5453 2474 5506 modo
2506 5452 2691 5502 tertiw.
2723 5450 2934 5503 Etenim
2966 5449 3009 5502 si
3065 5448 3117 5498 in
3151 5445 3234 5498 his
3266 5443 3416 5498 libris
3443 5442 3704 5507 sotiptum
3746 5442 3862 5489 luis-

2315 5533 2399 5577 set
2429 5520 2544 5583 πῶς
2579 5520 2760 5590 τρίτον
2784 5559 2798 5583 ,
2840 5519 3098 5590 quomodo
3146 5513 3331 5567 tertius
3379 5523 3479 5590 est,
3509 5511 3734 5590 dubium
3769 5521 3858 5560 non

2314 5603 2393 5646 est
2419 5593 2546 5660 quin
2582 5583 2795 5646 Marcus
2843 5588 3146 5658 Ephesinus
3189 5599 3340 5640 suam
3393 5583 3516 5638 inde
3563 5583 3863 5649 opinionem

2317 5664 2712 5718 conﬁrmasset.
