4078 6316
179 397 286 452 661

1281 400 1650 455 ADVERSUS
1692 400 2059 454 EUNOMIUM
2095 403 2202 453 LIB
2267 402 2350 456 Ill.

3321 399 3425 451 662

180 513 405 578 φύσεως
432 524 444 568 ;
472 509 568 559 Διὰ
596 509 752 561 τοῦτο
793 507 921 575 γὰρ,
949 501 1122 576 οἶμαι,
1151 509 1243 561 καὶ
1279 509 1426 578 παρὰ
1456 509 1533 576 τῷ
1571 510 1760 578 Ἠσαῖᾳ

1876 507 1924 558 id
1955 509 2118 571 enim,
2149 513 2357 577 opinor,
2389 517 2442 562 et
2471 507 2611 575 apud
2638 506 2825 558 Isaiam
2859 507 3021 558 etiam
3057 506 3313 573 scriptum
3343 517 3426 560 est

179 602 254 652 τὰ
285 598 535 668 Σεραφὶμ
559 600 737 669 τρίτον
768 595 1039 650 ἐκϐοῶντα
1062 598 1121 648 τὸ
1143 597 1303 668 ἅγιος
1326 599 1755 666 ἀναγέγραπται,

178 694 271 742 ὅτι
302 691 359 740 ὲν
385 690 527 761 τρισὶ
561 692 676 750 ταῖς
697 687 1057 741 ὐποστάσεσιν
1086 690 1112 740 6
1137 689 1275 741 κατὰ
1309 687 1466 755 φύσιν
1499 689 1759 757 ἁγιασμὸς

181 779 492 851 θεωρεῖται.
540 778 612 828 Οὑ
647 775 802 830 τοῦτο
835 778 889 829 δὲ
918 777 1074 845 μόνον
1108 776 1256 845 αὐτῷ
1285 777 1460 828 κοινὸν
1490 778 1622 848 πρὸς
1651 779 1760 832 Πα-

176 872 322 942 τέρα
350 873 439 924 καὶ
466 868 590 919 Υἱὸν
620 868 678 920 τὸ
707 870 805 939 τῆς
832 869 1137 937 ἁγιωσύνης
1168 869 1355 938 ὄνομα,
1383 870 1516 921 ἀλλὰ
1545 872 1636 924 καὶ
1665 874 1760 923 αὐ-

179 966 256 1034 τὴ
309 968 341 1034 ἡ
389 962 479 1014 τοῦ
534 963 836 1034 πνεύματος
897 961 1249 1031 προσηγορία.
1295 963 1538 1030 Πνεῦμα
1577 965 1681 1034 γὰρ
1728 968 1759 1018 ό

184 1055 360 1120 Θεὸς,
394 1053 489 1105 καὶ
513 1054 653 1120 τοὺς
674 1053 1165 1118 προσκυνοῦντας
1197 1053 1381 1106 αὐτὸν
1405 1054 1472 1105 ἐν
1499 1055 1758 1121 πνεύμα-

182 1167 244 1201 τι
295 1147 394 1200 καὶ
440 1148 686 1216 ἀληθείῃ
719 1143 813 1195 δεῖ
847 1146 1228 1213 προσκυνεῖν.
1266 1146 1372 1199 Καὶ
1413 1147 1439 1197 ὁ
1483 1148 1762 1216 προφήτης

186 1235 356 1305 φησί·
395 1237 632 1301 Πνεῦμα
663 1235 771 1300 πρὸ
807 1234 1128 1302 προσώπου
1165 1237 1274 1306 (96)
1312 1235 1476 1304 ἡμῶν
1507 1234 1762 1303 Χριστὸς

183 1328 439 1393 Κύριος,
470 1323 539 1381 οὗ
570 1326 845 1394 εἴπαμεν·
896 1328 996 1378 Ἐν
1022 1326 1094 1392 τῇ
1124 1327 1268 1392 σκιᾷ
1311 1327 1430 1380 τῶν
1460 1328 1763 1396 πτερύγων

184 1420 376 1473 αὑτοῦ
412 1419 718 1485 ζῆσόμεθα.
757 1419 863 1470 Καὶ
896 1420 924 1468 6
963 1419 1278 1480 Ἀπόστολος
1322 1420 1420 1489 τὴν
1468 1420 1558 1471 τοῦ
1599 1417 1760 1472 πνεύ-

189 1529 365 1579 ματος
388 1500 758 1580 ’προσηγορίαν
790 1509 882 1560 ἐπὶ
912 1509 1000 1559 τὸν
1028 1509 1227 1579 Κύριον
1257 1509 1512 1578 ἀναφέρει
1550 1510 1721 1576 λέγων
1744 1527 1756 1538 ·

202 1607 264 1656 Ὀ
289 1603 357 1656 δὲ
381 1601 592 1668 Κύριος
622 1601 686 1653 τὸ
721 1600 955 1670 πνεῦμά
983 1601 1170 1655 ἐστιν.
1217 1601 1308 1653 Ἐκ
1329 1601 1385 1654 δὲ
1406 1601 1607 1652 τούτων
1634 1619 1762 1653 παν-

184 1697 241 1746 τί
273 1693 451 1763 δῆλον,
485 1693 564 1746 ὅτι
591 1693 707 1763 οὐχὶ
736 1692 1086 1764 ἀλλοτρίωσιν
1113 1694 1225 1763 (97)
1253 1693 1351 1764 τῆς
1381 1691 1612 1762 φύσεως,
1648 1690 1759 1744 ἁλλ’

183 1785 463 1839 οἰκείωσιν
490 1785 624 1857 πρὸς
652 1786 739 1839 τὸν
774 1786 988 1855 Πατέρα
1031 1787 1122 1839 καὶ
1157 1786 1282 1839 Υὶὸν
1309 1787 1341 1856 ἡ
1378 1784 1627 1838 κοινωνία
1655 1782 1760 1836 τῶν

1865 596 2144 663 Seraphin:
2190 611 2271 652 ter
2307 609 2522 655 sanctus
2564 597 2864 650 exclamare
2892 597 2955 658 ’⁸,
2992 597 3129 664 quod
3170 600 3428 652 naturalis

1862 689 2119 741 sanctitas
2169 691 2339 743 tribus
2396 694 2447 746 in
2492 691 2870 763 hypostasibus
2920 691 3258 759 perspicitur.
3317 690 3427 744 Nec

1861 794 1988 833 vero
2012 780 2112 834 hoc
2141 782 2450 839 sanctitatis
2484 797 2677 838 nomen
2719 783 2766 836 ci
2799 783 2970 836 solum
3019 797 3302 837 commune
3343 794 3427 836 est

1863 887 1983 926 cum
2037 873 2195 926 Patre
2230 884 2284 927 et
2312 874 2470 939 Filio,
2506 879 2595 932 sed
2634 880 2743 948 ipsa
2775 885 2855 928 est
2885 876 3045 928 etiam
3090 876 3308 942 spiritus
3331 893 3426 944 ap-

1862 963 2096 1032 pellatio.
2153 963 2292 1016 Deus
2335 965 2478 1017 enim
2527 977 2600 1017 est
2644 969 2893 1034 spiritus;
2931 973 2981 1019 et
3019 981 3102 1017 eos
3133 966 3222 1032 qui
3257 966 3424 1031 ipsum

1862 1058 2106 1118 adorant,
2136 1059 2187 1108 iu
2216 1058 2404 1124 spiritu
2434 1066 2482 1109 et
2532 1057 2747 1110 veritate
2791 1060 3014 1112 adorare
3049 1065 3246 1124 oportet
3270 1057 3333 1107 ".
3361 1056 3426 1108 Et

1864 1149 2122 1216 propheta
2147 1149 2221 1201 ait
2249 1161 2262 1198 :
2291 1145 2523 1216 Spiritus
2551 1156 2669 1200 ante
2709 1147 2897 1213 faciem
2928 1162 3158 1202 nostram
3185 1146 3426 1200 Christus

1864 1236 2140 1303 Dominus,
2167 1237 2257 1290 ubi
2296 1239 2526 1292 diximus
2557 1236 2667 1291 :ln
2713 1238 2893 1289 umbra
2935 1239 3132 1300 alarum
3153 1240 3330 1309 Opsius
3351 1239 3427 1292 vi-

1863 1343 2034 1378 ventus
2057 1330 2122 1380 ³ο.
2154 1329 2293 1394 Quin
2327 1337 2380 1382 et
2413 1328 2704 1397 Apostolus
2754 1327 3154 1397 appellationem
3205 1331 3427 1397 spiritus

1864 1416 1914 1469 in
1945 1417 2225 1470 Dominum
2265 1422 2544 1486 transfert,
2579 1434 2699 1474 cum
2739 1421 2867 1474 dicit
2899 1438 2911 1471 :
2949 1419 3206 1472 Dominus
3249 1433 3423 1474 autem

1863 1509 2077 1576 spiritus
2105 1518 2179 1563 est
2201 1511 2266 1562 “.
2303 1513 2375 1564 Ex
2408 1514 2491 1567 his
2520 1523 2698 1567 autem
2740 1512 2957 1566 cuilibet
2988 1519 3318 1579 compertum
3345 1522 3428 1565 est

1864 1614 1926 1654 ac
1958 1609 2318 1670 perspectum,
2351 1617 2454 1657 non
2485 1614 2694 1658 naturae
2737 1601 3140 1665 alienationem,
3173 1602 3268 1656 sed
3295 1617 3428 1656 con-

1857 1689 2190 1758 iunctionem
2218 1709 2339 1746 cum
2367 1692 2529 1748 Patre
2555 1701 2609 1748 et
2651 1694 2788 1749 Filio
2823 1707 2918 1764 per
2958 1695 3233 1748 nominum
3280 1708 3430 1748 com-

1866 1784 2278 1840 municationem
2342 1787 2778 1841 commonstrari.
2828 1788 2893 1841 Et
2939 1786 3080 1841 Deus
3128 1788 3303 1842 dictus
3344 1795 3431 1842 est

182 1876 468 1945 ὀνομάτων
518 1879 834 1948 παρίστησι.
889 1878 997 1928 Καὶ
1045 1878 1245 1942 ἀγαθὸς
1288 1880 1316 1928 6
1347 1878 1475 1941 Θεὸς
1524 1878 1756 1947 εἴρηται,

1864 1884 2054 1947 bonus,
2087 1891 2141 1938 et
2171 1893 2254 1938 est
2286 1901 2299 1937 :
2338 1885 2508 1940 bonus
2534 1893 2710 1939 autem
2736 1894 2817 1939 est
2836 1895 2889 1940 et
2914 1884 3151 1955 Spiritus
3182 1891 3400 1937 sanctus
3426 1928 3434 1939 .

183 1969 286 2019 καὶ
314 1967 460 2019 ἔστιν
484 1985 496 1996 ·
533 1968 733 2035 ἀγαθὸν
771 1967 826 2018 δὲ
868 1967 960 2018 καὶ
999 1967 1057 2018 τὺ
1099 1966 1320 2036 Πνεῦμα
1360 1967 1420 2017 τὸ
1457 1968 1626 2033 ἆγιον,
1662 1969 1760 2020 οὐκ

181 2061 589 2129 ἐπισκευαστὴν
620 2060 740 2129 ἕχον
769 2059 865 2129 τὴν
902 2058 1230 2128 ἀγαοότητα,
1286 2058 1398 2110 ἀλλ’
1438 2061 1500 2109 ἐκ
1549 2059 1760 2126 φύσεως

180 2149 340 2220 αὐτῷ
374 2153 834 2222 συνυπάρχουσαν.
869 2151 938 2202 Ἦ
974 2150 1187 2203 πάντων
1221 2149 1284 2203 ἂν
1309 2149 1391 2220 εἴη
1423 2149 1761 2217 ἀλογώτατον

179 2242 246 2293 τὸ
277 2242 435 2311 φύσει
469 2244 620 2312 ἆγιον
646 2244 718 2315 μὴ
750 2245 904 2314 φύσει
933 2244 1107 2310 λέγειν
1137 2244 1233 2312 τὴν
1263 2240 1571 2312 ἁγαθότητα
1598 2240 1758 2309 ἔχειν,

178 2333 812 2405 ἀλλ’ὲπιγεννηματικὴν
843 2338 952 2405 (98)
983 2337 1072 2388 καὶ
1099 2334 1292 2399 ἔξωθεν
1318 2332 1760 2407 προσγεγενημέ-

178 2443 289 2496 νην
311 2425 475 2494 αὐτῷ.
523 2427 609 2476 Ἑν
632 2419 674 2492 ᾧ
707 2426 761 2477 δὲ
788 2422 937 2477 εἶπεν
965 2428 992 2477 6
1012 2426 1206 2494 Κύριος
1243 2426 1341 2489 ὅτι,
1389 2427 1526 2494 Ἐγὼ
1550 2425 1762 2493 ἐρωτή-

179 2534 280 2569 σω
327 2517 432 2568 τὸν
474 2516 722 2584 Πατέρα,
783 2519 879 2571 καὶ
911 2519 1103 2572 ἄλλον
1150 2520 1535 2586 Παράκλητον
1586 2517 1760 2571 δώσει

181 2607 352 2673 ὑμῖν,
374 2607 466 2659 καὶ
491 2607 652 2671 αὐτὸς
685 2604 822 2662 εἶναι
852 2609 1202 2680 Παράκλητος
1232 2612 1261 2680 ἡ
1271 2611 1383 2680 μῶν
1411 2609 1756 2663 ἐνδείκνυται.

182 2699 354 2751 "ﬂare
400 2701 492 2752 καὶ
522 2701 668 2770 ήτοῦ
706 2702 1052 2773 παρακλήτου
1093 2703 1427 2774 προσηγορία
1469 2702 1528 2753 οὐ
1569 2703 1760 2773 μικρὸν

184 2791 329 2860 πρὸς
365 2791 636 2856 ἀπόδειξιν
681 2792 790 2862 (99)
829 2795 925 2863 τῆς
951 2793 1105 2862 δόξης
1136 2792 1229 2844 τοῦ
1261 2792 1412 2856 ἁγίου
1448 2791 1762 2860 Πνεύματος

183 2885 457 2933 συντελεῖ.

260 2973 313 3026 4.
352 2967 458 3025 Καὶ
492 2973 557 3025 τὰ
584 2974 679 3043 μὲν
709 2974 947 3044 ὀνόματα
975 2973 1194 3026 τοιαίτα
1219 2975 1307 3026 τοῦ
1343 2975 1624 3044 μεγαλείου
1665 2977 1762 3044 τῆς

181 3066 406 3135 φύσεως
430 3067 763 3120 ὲνδεικτικά·
796 3069 850 3120 αἱ
881 3067 934 3120 δὲ
976 3068 1243 3138 ἐνέργειαι
1273 3068 1364 3121 τοῦ
1400 3069 1552 3136 ἁγίου
1594 3069 1761 3122 Ilvati-

184 3175 361 3226 ματος
386 3157 458 3228 (1)
489 3153 629 3222 οἵαις
663 3159 745 3222 Τῷ
772 3162 931 3226 λόγῳ
962 3161 1066 3213 τοῦ
1096 3163 1330 3226 Κυρίου,
1363 3162 1545 3231 φησιν,
1576 3164 1629 3213 οἱ
1663 3163 1760 3213 οὺ-

1863 1977 2157 2032 bonitatem
2187 1980 2394 2034 habens
2423 1995 2528 2034 non
2565 1979 2938 2042 adventitiam,
2974 1981 3065 2034 sed
3101 1986 3291 2033 natura
3327 1976 3427 2030 sibi

1866 2068 2126 2124 innatam.
2155 2071 2365 2139 Alioqui
2396 2071 2559 2125 fuerit
2600 2072 2840 2128 omnium
2886 2073 3354 2132 absurdissimum,
3383 2069 3428 2122 si

1865 2160 1984 2226 quis
2008 2161 2151 2216 dicat
2175 2178 2296 2218 eum
2324 2163 2484 2235 275
2508 2165 2599 2234 qui
2630 2173 2822 2218 natura
2844 2174 3062 2218 sanctus
3083 2173 3184 2227 est,
3221 2163 3430 2216 bonita-

1867 2258 1969 2303 tem
2031 2263 2219 2307 natura
2272 2271 2373 2308 non
2432 2259 2651 2322 habere,
2716 2256 2810 2312 sed
2847 2256 3130 2324 quamdam
3175 2255 3427 2322 deinCeps

1865 2345 2354 2408 supervenientem,
2386 2348 2541 2414 eique
2571 2347 2870 2402 forinsecus
2898 2351 3257 2402 accedentem.
3287 2344 3424 2410 Quin

1865 2435 2028 2487 etiam
2074 2448 2197 2489 cum
2251 2436 2508 2490 Dominus
2547 2437 2681 2490 dixit
2715 2457 2728 2492 :
2759 2439 2868 2507 Ego
2902 2439 3088 2508 rogabo
3119 2438 3348 2497 Patrem,
3377 2447 3427 2489 et

1862 2526 2024 2578 alium
2065 2523 2398 2581 Paracletum
2434 2529 2576 2582 dabit
2623 2529 2761 2584 vobis
2783 2532 2849 2586 “.
2881 2538 2934 2584 et
2978 2531 3090 2598 ipse
3119 2528 3428 2582 Paracletus

1865 2626 2049 2669 noster
2078 2632 2196 2672 esse
2234 2620 2559 2674 ostenditur.
2603 2622 2777 2686 Quare
2807 2622 3059 2689 paracleti
3096 2637 3306 2691 quoque
3334 2636 3428 2690 ap-

1866 2705 2080 2774 pellatio
2133 2721 2237 2761 non
2292 2725 2478 2778 parum
2524 2713 2588 2764 ad
2654 2714 3126 2767 demonstrandam
3192 2711 3427 2781 Spiritus

1864 2801 2032 2854 sancti
2064 2798 2393 2867 majestatem
2431 2803 2656 2856 confert.

1934 2981 1984 3035 -1,
2037 2982 2102 3035 Ει
2156 2983 2372 3036 nomina
2417 2983 2632 3049 quidem
2681 2999 2800 3052 quas
2841 2984 3173 3051 majestatem
3223 2992 3430 3034 naturai

1866 3073 2127 3136 indicant,
2160 3084 2284 3128 sunt
2319 3075 2582 3142 ejusmodi
2617 3075 2999 3143 :operationes
3035 3090 3162 3129 vero
3191 3073 3426 3141 Spiritus

1869 3167 2037 3219 sancti
2087 3166 2310 3233 quales?
2360 3165 2525 3220 Verbo
2556 3165 2788 3232 Domini,
2835 3166 3026 3234 inquit,
3068 3166 3180 3219 caeli
3228 3165 3427 3233 ﬁrmati

179 3253 356 3304 caroi
395 3251 859 3319 ἐστερεώθησαν,
914 3251 1010 3302 καὶ
1055 3251 1131 3315 τῷ
1156 3254 1447 3319 [Iustitiam
1488 3253 1590 3304 τοῦ
1621 3252 1756 3304 στό-

1864 3268 2002 3318 sunt,
2030 3268 2074 3310 et
2101 3255 2300 3324 Spiritu
2348 3259 2451 3309 oris
2500 3258 2612 3326 ejus
2645 3259 2808 3309 omnis
2865 3257 3022 3310 virtus
3057 3273 3235 3309 eorum
3254 3256 3319 3308 ³³.
3359 3254 3430 3309 Ut

174 3361 374 3412 ματος
400 3343 582 3395 αὑτοῦ
612 3341 775 3396 πᾶσα
814 3345 850 3410 ἡ
878 3343 1125 3411 δύναμις
1150 3341 1362 3396 αὐτῶν.
1408 3344 1493 3403 Ὠς
1520 3343 1694 3394 τοίνυν
1731 3346 1757 3396 6

179 3436 320 3496 Θεὸς
354 3434 524 3501 Λόγος
554 3433 880 3503 δημιουργός
912 3437 1026 3487 ἐστι
1063 3435 1166 3486 τῶν
1200 3434 1462 3506 οὐρανῶν,
1499 3434 1639 3486 οὕτω
1669 3436 1760 3487 καὶ

179 3527 248 3581 τὸ
286 3527 507 3596 Πνεῦμα
542 3526 600 3578 τὸ
631 3527 784 3594 ἅγιον
810 3527 872 3578 τὸ
905 3528 1117 3597 στερεὸν
1149 3529 1241 3580 καὶ
1285 3529 1479 3595 πάγιον
1507 3529 1604 3598 τῆς
1632 3529 1759 3597 ἁρε-

178 3620 288 3689 ςῆς
318 3619 391 3685 (2)
426 3619 715 3690 παρέχεται
746 3621 865 3681 ταῖς
895 3619 1170 3689 οὐρανίαις
1202 3620 1477 3689 δυνάμεσι.
1519 3622 1626 3673 Καὶ
1659 3621 1762 3673 πά-

179 3714 268 3765 λιν
297 3715 326 3765 6
362 3711 478 3764 Ἱώϐ
502 3729 514 3742 ·
549 3711 792 3779 Πνεῦμα
840 3712 1060 3778 Κυρίου
1099 3712 1162 3764 τὸ
1204 3712 1469 3780 ποιῆσαν
1505 3731 1581 3780 με
1604 3730 1615 3742 ο
1664 3713 1762 3766 οὐκ

181 3807 282 3857 ἐπὶ
326 3804 425 3875 τῆς
457 3804 832 3876 δημιουργίας,
880 3803 952 3866 ὡς
983 3798 1156 3873 οἶμαι,
1195 3805 1308 3856 ἀλλ’
1353 3806 1443 3858 ἐπὶ
1495 3805 1594 3875 τῆς
1625 3806 1764 3859 κατὰ

179 3896 286 3964 τὴν
337 3897 676 3968 ἀνθρωπείαν
733 3897 930 3966 ἀρετὴν
994 3895 1322 3960 τελειώσεως
1371 3897 1562 3967 λέγων.
1605 3899 1662 3951 '0
1707 3898 1762 3952 δὲ

193 3989 424 4049 Ἡσαΐας
452 3992 515 4040 ἐκ
546 3987 834 4058 προσώπου
867 3988 1068 4057 Κυρίου
1099 3987 1496 4057 διαλεγόμενος,
1536 3990 1676 4042 κατὰ
1703 3991 1763 4042 τὸ

181 4079 526 4152 ἀνθρώπινον
557 4077 719 4131 αὐτοῦ
749 4078 1009 4148 δηλονότι,
1052 4081 1266 4146 Κύριος
1297 4079 1640 4132 ἀπέσταλκέ
1664 4099 1760 4148 με,

182 4175 345 4244 φησι,
406 4172 500 4224 καὶ
536 4171 600 4222 τὸ
629 4170 868 4237 Πνεῦμα
901 4170 1109 4224 αὐτοῦ.
1147 4171 1256 4222 Καὶ
1291 4165 1449 4222 πάλιν
1479 4173 1505 4221 6
1532 4171 1762 4239 ψαλμὸς,

179 4266 253 4318 δι’
303 4264 436 4320 ὅλων
473 4262 846 4333 κεχωρηκέναι
891 4261 1116 4332 δύναμιν
1164 4261 1256 4313 τοῦ
1285 4263 1596 4332 Πνεύματος
1628 4281 1767 4333 παρ-

186 4355 367 4417 ιστὰς,
416 4353 538 4407 Ποῦ
594 4351 876 4418 πορευθῶ,
934 4353 1084 4430 φησι,
1135 4353 1234 4405 καὶ
1283 4352 1400 4406 ἀπὸ
1441 4353 1543 4406 τοῦ
1585 4355 1767 4406 Πνεύ-

175 4449 373 4518 ματος
412 4463 547 4510 σου,
585 4446 680 4498 καὶ
719 4445 833 4498 ἀπὸ
870 4445 976 4498 τοῦ
1005 4445 1326 4512 προσώπου
1360 4459 1475 4498 σου
1504 4445 1619 4498 ποῦ
1653 4446 1766 4513 ερύ-

180 4556 307 4610 719;
341 4539 404 4591 Ai
434 4537 490 4589 δὲ
523 4539 600 4600 εἰς
636 4541 784 4608 ἡμᾶς
821 4538 916 4591 ἀπ’
941 4537 1104 4592 αὐτοῦ
1133 4537 1428 4604 φθάνουσαι
1462 4539 1767 4608 εὐεργεσίαι

1867 3349 2024 3413 igitur
2067 3346 2204 3400 Deus
2259 3346 2488 3397 Verbum
2545 3353 2756 3398 creator
2790 3353 2870 3396 est
2917 3344 3196 3407 caelorum,
3252 3343 3322 3394 ita
3377 3351 3430 3394 et

1863 3439 2094 3505 Spiritus
2120 3445 2340 3487 sanctus
2370 3435 2616 3488 stabilem
2660 3450 2721 3487 ac
2753 3434 2958 3486 lirinam
2994 3434 3243 3486 virtutem
3277 3442 3428 3500 pote-

1862 3528 2091 3582 statibus
2126 3525 2438 3579 cmlestibus
2482 3524 2738 3592 impertit.
2774 3522 2839 3575 Et
2866 3539 3051 3576 rursus
3081 3521 3181 3575 Job
3211 3539 3225 3575 :
3260 3519 3429 3584 Spiri-

1864 3632 1946 3672 tus
1987 3619 2220 3681 Domini,
2267 3617 2357 3685 qui
2395 3616 2514 3683 [ecit
2557 3617 2696 3669 me“
2725 3633 2736 3668 :
2770 3630 2876 3668 non
2921 3614 2986 3669 de
3029 3614 3318 3678 creatione,
3371 3621 3430 3668 ut

1863 3713 2118 3776 arbitror,
2159 3712 2252 3763 sed
2291 3711 2355 3762 de
2392 3709 2638 3761 humana:
2684 3707 2900 3760 virtutis
2944 3709 3272 3776 perl'eCtione
3313 3708 3425 3760 dis-

1865 3821 2068 3862 serens.
2105 3805 2241 3870 Quin
2278 3805 2438 3857 etiam
2476 3803 2697 3870 loquens
2740 3801 2903 3855 lsaias
2935 3817 3001 3853 ex
3039 3799 3248 3853 Domini
3303 3813 3428 3867 per-

1864 3913 2014 3960 sona,
2056 3897 2304 3950 videlicet
2334 3895 2626 3948 secundum
2656 3894 2770 3960 ejus
2797 3894 3181 3946 humanitatem
3206 3907 3216 3938 :
3244 3889 3427 3944 Domi-

1865 4006 1983 4055 nus,
2019 3987 2212 4057 inquit,
2249 3986 2390 4038 misit
2424 4000 2522 4047 nte,
2556 3992 2603 4034 et
2635 3981 2861 4050 Spiritus
2893 3984 3004 4050 ejus
3028 3982 3093 4036 ".
3126 3981 3191 4033 Et
3214 3995 3426 4034 rursmn

1865 4080 2102 4149 Spiritus
2164 4077 2420 4128 virtutem
2484 4075 2733 4127 universa
2790 4072 3090 4142 pervasisse
3151 4071 3428 4126 declarans

1867 4171 2147 4240 psalmus:
2177 4166 2292 4230 Quo
2341 4168 2444 4228 ibo,
2484 4165 2675 4232 inquit,
2710 4182 2740 4217 a
2787 4163 2982 4234 Spiritu
3043 4174 3152 4229 tuo,
3193 4174 3237 4216 et
3269 4180 3372 4227 quo
3397 4179 3430 4214 a

1869 4261 2004 4330 facie
2045 4269 2132 4310 tua
2174 4257 2370 4325 fugiam
2392 4255 2471 4307 ²⁶¹ἶ
2499 4254 2874 4308 Βεηστίὶεεηιὶιε
2902 4263 3082 4305 autem
3128 4267 3245 4320 quae
3275 4253 3341 4304 ab
3367 4267 3429 4304 co

1869 4354 1932 4407 ad
1970 4365 2063 4404 nos
2112 4348 2422 4410 deveniunt,
2479 4345 2668 4415 quales
2719 4353 2846 4398 sunt
2889 4354 2942 4396 et
2991 4345 3248 4412 quantm?
3277 4344 3431 4398 Sicut

1871 4443 2125 4498 Dominus
2172 4441 2284 4508 ipse
2329 4439 2392 4492 iis
2421 4438 2512 4506 qui
2547 4440 2718 4504 ipsum
2751 4450 3058 4500 suscepere,
3093 4437 3230 4488 istuc
3282 4435 3427 4490 dedit

1871 4546 1928 4590 ut
1961 4538 2149 4588 liceret
2198 4531 2336 4583 ﬁlios
2367 4531 2457 4582 Dei
2495 4529 2609 4581 tieri
2641 4529 2707 4590 “,
2759 4529 2835 4582 sic
2863 4537 2914 4582 et
2941 4528 3170 4594 Spiritus
3209 4537 3429 4581 sanctus

181 4630 371 4686 ὁποῖαί
397 4629 538 4693 τινές
570 4630 673 4683 εἰσι
703 4631 796 4682 καὶ
826 4629 1044 4686 ήλίκαι;
1076 4629 1285 4683 Ὥσπερ
1317 4629 1477 4691 αὐτὸς
1501 4630 1528 4680 ὁ
1564 4629 1760 4700 Κύριος

1871 4625 2105 4696 Spiritus
2133 4631 2216 4675 est
2246 4619 2546 4688 adoptionis
2570 4619 2634 4674 ’⁸.
2670 4619 2732 4672 Ει
2771 4621 3216 4686 quemadmodum
3247 4617 3430 4671 Domi-

264 4829 309 4861 “
343 4828 440 4882 lsa.
471 4844 544 4890 vt,
579 4829 630 4881 5.

183 4901 237 4936 ³³
262 4897 362 4952 Job
398 4915 586 4964 sunt,
618 4899 671 4952 4.

712 4829 752 4858 ¹⁹
777 4827 927 4879 .loan.
965 4843 1032 4889 IV,
1065 4827 1154 4882 ‘24.
1236 4826 1279 4855 ²⁰
1306 4825 1507 4880 Thren.
1535 4841 1606 4889 tv,
1637 4825 1726 4878 20.

748 4899 792 4927 ’⁵
824 4899 921 4950 1δ3.
953 4912 1140 4962 sum,
1178 4897 1256 4949 l6.

264 5075 378 5146 (96)
412 5077 563 5142 Regii
599 5074 887 5146 secundus,
924 5075 1112 5146 tertius
1141 5084 1196 5127 et
1227 5073 1470 5146 quintus,
1499 5082 1553 5146 et
1593 5072 1752 5146 Coll).

185 5144 316 5201 cum
352 5143 583 5199 editione
617 5146 751 5199 Ven.
795 5145 899 5214 πρὸ
932 5143 1246 5214 προσώπου,
1277 5155 1329 5197 et
1385 5144 1455 5194 ita
1503 5144 1630 5212 legit
1679 5145 1759 5194 in—

189 5229 428 5283 terpres,
463 5217 697 5283 olimque
726 5214 928 5283 legerat
956 5216 1270 5267 Ambrosius
1299 5228 1550 5266 sermone
1585 5214 1669 5276 15,
1704 5223 1761 5264 ut

191 5231 428 5283 terpres,
463 5231 697 5283 onmque
726 5231 773 5267 te
813 5231 928 5267 erat
956 5231 1270 5267 Alttl)r()S|ltS
1299 5231 1550 5266 sermone
1585 5231 1669 5276 ia,
1704 5231 1754 5264 UI

191 5296 350 5341 notat
383 5231 986 5340 Couibetisius.§t'ocula
1035 5284 1141 5354 πρό
1192 5285 1242 5336 in
1275 5284 1396 5335 aliis
1434 5283 1754 5354 quibusdam

191 5372 332 5410 mss.
359 5369 411 5408 et
445 5359 495 5407 in
535 5357 771 5409 editione
815 5355 987 5408 Paris.
1020 5351 1191 5408 deest.
1226 5354 1425 5406 Ibidem
1458 5352 1625 5404 editio
1655 5351 1756 5403 Pa-

192 5430 293 5480 ris.
325 5424 606 5496 67Ktiptog.
645 5425 714 5476 At
751 5426 802 5475 in
827 5440 958 5496 mss.
998 5425 1253 5496 articulus
1289 5439 1393 5496 non
1417 5421 1639 5496 legitur.
1673 5422 1763 5473 Sic

189 5499 334 5564 apud
359 5489 497 5548 LXX
524 5498 701 5548 editus
736 5505 818 5547 est
858 5495 948 5564 hic
974 5496 1121 5564 locus
1163 5491 1430 5564 εΠνεῦμα
1469 5489 1759 5564 ἐτροσώπου

185 5560 353 5636 ἡμῶν
381 5565 610 5636 Χριστὸς
639 5564 861 5636 Κγύριος,
894 5560 1220 5636 οὖγεῖπαμεν
1238 5581 1249 5592 ·
1301 5560 1643 5636 ἘνΑσῇλσκιᾷ
1668 5561 1764 5636 αὐ-

183 5630 292 5690 τοῦ
329 5630 626 5705 ζησὸμεθα.
665 5630 897 5705 Spiritus
948 5630 1343 5705 faciei-nostrae
1382 5630 1620 5705 Christus
1658 5631 1761 5683 υθ-

186 5701 481 5762 ηιὶηιιεξάέ
524 5722 626 5773 quo
655 5701 885 5757 diiimtts
934 5701 956 5758 ε’
1013 5703 1078 5756 In
1131 5710 1317 5758 umbra
1371 5702 1484 5769 ejus
1514 5702 1758 5773 vivemus.

190 5777 355 5902 {’lunc
384 5771 560 5830 locum
591 5777 643 5830 in
675 5777 788 5832 suis
812 5775 954 5830 notis
991 5775 1221 5830 illustrat
1244 5774 1327 5829 vir
1357 5771 1762 5829 eruditissimus

243 5861 441 5899 uczeus.

243 5861 441 5899 υςεευς.

1804 4827 1844 4857 ²¹
1882 4827 1921 4879 11
1950 4825 2071 4879 Cor.
2105 4823 2296 4884 111,1Ἰ.

1335 4898 1379 4926 ’δ
1406 4895 1542 4948 Psal.
1576 4912 1843 4962 cxsxvut,
1871 4898 1924 4949 7.

2925 4817 2969 4848 ’³
3001 4816 3137 4869 Psa..
3177 4833 3344 4879 xxxii,
3374 4835 3424 4870 ο.

2489 4892 2535 4920 ’³
2565 4888 2719 4944 Rom.
2760 4904 2874 4951 vm,
2911 4888 2996 4940 15,

2373 4824 2416 4852 ²²
2444 4820 2596 4873 Joan.
2627 4833 2735 4879 xtv,
2764 4817 2846 4870 16.

2000 4896 2041 4924 ’⁷
2070 4893 2224 4946 Joau.
2267 4910 2301 4958 ι,
2328 4894 2412 4947 12.

1929 5072 2040 5142 (97)
2071 5073 2206 5125 Editt
2232 5088 2330 5123 ουκ
2359 5067 2727 5142 αλλοτρίωσιν.
2758 5067 2824 5118 At
2852 5080 2980 5118 mss.
3009 5063 3149 5142 οὐχί.

1929 5073 1982 5142 (9
2071 5073 2206 5125 Editt
2232 5088 2330 5123 ουκ
2359 5072 2727 5137 αΑΑοτρίωσιν.
2758 5072 2824 5118 At
2852 5080 2980 5118 mss.
3009 5072 3149 5132 οὐχί.

1927 5072 2040 5213 (9;)
2064 5142 2291 5194 Codices
2343 5140 2597 5213 nonnulli
2641 5137 3137 5213 επιγενηματικήν,
3169 5146 3281 5213 _per
3307 5132 3428 5213 uni:

1859 5203 1980 5265 cuin
2011 5203 2058 5264 ν.
2093 5213 2292 5265 Ibidem
2323 5210 2451 5263 editi
2479 5219 2531 5261 et
2563 5206 2711 5260 Colb.
2738 5203 3299 5274 προσγεγεννημένην.
3323 5203 3424 5255 Alii

1860 5295 1970 5336 tres
2000 5299 2126 5336 mss.
2157 5276 2690 5350 προσγεγενημένην.

1933 5353 2043 5420 (99)
2073 5341 2214 5406 Editi
2249 5341 2327 5413 εξξ
2352 5341 2646 5410 ἇπόδὲιξιν.
2679 5347 2895 5400 Atmss.
2931 5343 3266 5413 antiquiores
3291 5341 3426 5412 πρὸς

1863 5439 2153 5476 αποοειζιν.

1936 5422 2186 5560 ὅ)ῗὲἰὶθίἰί
2227 5491 2497 5560 ἐνέργειαι
2531 5482 2998 5560 τοῦλΠνεύματος.
3024 5479 3424 5560 Veteresnlibrj

1867 5549 2007 5614 ut‘in
2035 5549 2456 5615 contextuflloc
2491 5560 2607 5625 ipso
2641 5557 2690 5609 in
2729 5549 2844 5607 loco
2876 5566 3007 5625 mss.
3047 5549 3303 5625 nonnulli
3331 5549 3426 5602 τοῦ

1865 5631 2095 5701 Κυρίου.
2128 5629 2320 5701 Deerat
2359 5622 2618 5701 articulus
2655 5628 2722 5701 in
2743 5623 3020 5701 impressis
3046 5622 3216 5701 libris.

1941 5686 2019 5771 (ἓ)
2055 5701 2206 5764 Illud,
2243 5698 2350 5767 τῆς
2387 5695 2627 5766 ἀρετῆς,
2659 5686 2898 5755 additum
2931 5700 3099 5747 estex
3125 5692 3290 5745 tribus
3322 5686 3428 5741 Re-

1865 5771 1965 5843 giis
1991 5771 2284 5828 codicibus.
