4078 6316
215 385 326 444 665

1304 395 1673 454 ADVERSUS
1714 399 2078 455 EUNOMIUM
2116 400 2245 454 LIB.
2289 401 2376 454 Ill.

3346 409 3442 465 666

215 500 327 570 γὰρ
354 503 380 554 ὁ
410 501 556 565 Θεὸς,
586 501 660 564 ὥς
693 520 822 574 φησι
854 505 1084 570 Παῦλος·
1134 509 1528 577 Παραγγέλλω
1557 526 1651 563 σοι
1703 512 1763 564 ὲν

1899 511 2164 565 Christum
2203 531 2229 565 e
2271 515 2515 578 mortuis,
2549 515 2824 583 viri/icabit
2854 520 3010 570 ctiam
3051 522 3295 574 mortalia
3327 541 3418 577 cor

212 592 406 644 ώπιον
426 592 528 645 τοῦ
552 595 698 648 Θεοῦ
723 596 827 649 τοῦ
857 595 1273 663 ζωοποιοῦντος
1303 602 1370 652 τὰ
1387 599 1579 652 πάντα
1598 618 1609 630 ·
1639 602 1779 671 ζωὴν

213 682 274 734 δὲ
310 683 519 737 δίδωσιν
548 686 576 736 ὁ
610 687 840 757 Χριστός
873 689 980 759 (12)
1003 707 1015 719 ·
1057 689 1130 742 Τὰ
1160 693 1421 758 πρόϐατα
1454 692 1582 760 γὰρ,
1625 694 1775 763 φησὶ,

1885 620 2017 670 pora
2059 615 2263 670 vestra,
2311 623 2393 674 per
2449 608 2614 675 ipsius
2669 606 2920 675 Spiritum
2959 613 3338 668 inhabitantem
3392 619 3443 672 in

1885 696 2021 748 vobis
2053 697 2124 750 ³⁷.

212 774 291 826 τὰ
321 775 430 843 ἐμὰ
464 776 574 844 τῆς
605 779 807 846 φωνῆς
840 797 958 848 μου
991 782 1308 846 ἀκούουσι,
1342 783 1439 835 καὶ
1481 785 1594 852 ἐγὼ
1627 783 1776 851 ζωὴν
1813 788 2051 840 αἰώνιον
2084 788 2282 857 δίδωμι
2318 791 2537 856 αὐτοῖς.
2611 793 3022 864 Ζωοποιούμεθα
3083 795 3136 848 δὲ
3167 796 3251 850 διὰ
3280 800 3444 853 Ilvati-

217 885 412 935 ματος,
453 869 526 933 ὦς
572 888 702 941 φησι
752 873 994 935 Παῦλος·
1049 876 1110 926 '0
1154 877 1383 944 ἐγείρας
1423 878 1677 946 Χριστόν
1718 879 1782 932 ἐκ
1824 880 2047 947 νεκρῶν
2087 882 2423 952 ζωοποιήσει
2467 884 2564 936 καὶ
2633 884 2701 937 τὰ
2749 886 2932 954 θνητὰ
2969 887 3209 942 σὼαατα
3279 891 3436 961 ὑμῶν

212 958 318 1011 διὰ
357 961 459 1013 τοῦ
489 963 862 1028 ἐνοικοῦντος
894 965 1078 1017 αὐτοῦ
1110 970 1448 1036 Πνεύμιιτος
1475 970 1543 1020 ἐν
1575 970 1733 1033 ὑμῖν.

287 1053 342 1106 5.
384 1053 519 1105 Ἀλλ’
549 1057 576 1106 ὁ
603 1055 776 1106 πάντα
800 1055 1067 1127 τολμηρὸς
1096 1054 1266 1122 οὗτος,
1293 1061 1383 1111 καὶ
1410 1060 1482 1129 μὴ
1509 1061 1784 1130 ὑποπτήσ-

210 1163 326 1199 σων
376 1147 466 1200 τὸν
515 1148 886 1218 ἐπηρτημένον
940 1151 1178 1202 κίνδυνον
1227 1154 1337 1213 τοῖς
1387 1151 1620 1220 τολμῶσι
1673 1154 1782 1221 (15)

210 1239 531 1308 βλάσφημόν
561 1257 610 1292 τι
650 1241 799 1309 ῥῆμα
844 1242 923 1304 εἰς
955 1242 1014 1294 τὸ
1051 1242 1270 1312 Πνεῦμα
1316 1243 1375 1295 τὸ
1424 1245 1573 1311 ἆγιον
1608 1247 1782 1315 ἁττορ-

208 1329 388 1396 ρῖψαι,
419 1329 678 1398 ἀμέτοχον
707 1331 837 1383 αὐτὸ
871 1331 1120 1402 Θεότητος
1150 1333 1527 1402 ἀποφαίνεται,
1557 1336 1782 1406 γράφων

203 1418 355 1470 οὕτω
381 1419 504 1488 περὶ
539 1420 629 1472 τοῦ
663 1420 976 1491 Πνεῦματος
998 1439 1010 1452 ο

280 1511 440 1562 ΕΥΝ.
474 1511 665 1580 Τρίτον
701 1513 847 1576 τάξει
887 1514 978 1565 καὶ
1019 1513 1126 1582 (14)
1177 1514 1353 1582 φύσει,
1403 1516 1778 1586 προστάγματι

206 1601 314 1670 μὲν
349 1602 439 1653 τοῦ
475 1604 716 1674 Πατρὸς,
755 1608 1001 1674 ἐνεργείᾳ
1047 1606 1102 1656 δὲ
1149 1606 1242 1658 τοῦ
1297 1606 1424 1658 Υίοῦ
1465 1609 1772 1676 γενόμενον,

200 1693 364 1764 τρίτῃ
392 1694 542 1766 χώρα
574 1695 896 1765 τιμώμενον,
930 1697 1003 1759 ὡς
1031 1697 1242 1767 πρῶτον
1270 1699 1360 1749 καὶ
1390 1698 1571 1767 μεῖζον
1601 1699 1773 1751 ἁπάν-

200 1803 348 1848 των,
391 1789 484 1840 καὶ
535 1790 692 1859 μόνον
728 1787 963 1842 τοιοῦτον
1014 1790 1105 1842 τοῦ
1157 1791 1489 1858 Μονογενοῦς
1537 1793 1767 1861 ποίημα,

1958 1061 2011 1115 5.
2058 1062 2253 1114 Verum
2307 1063 2393 1115 hic
2452 1065 2550 1116 iste
2606 1080 2722 1116 cum
2772 1067 2968 1120 audeat
3005 1067 3221 1133 omnia,
3268 1085 3440 1138 neque

1893 1155 2208 1224 periculum,
2233 1155 2370 1220 quod
2410 1154 2630 1206 cuilibet
2664 1155 3030 1222 hlaspltentum
3069 1157 3282 1226 aliquod
3319 1175 3440 1214 ver-

1881 1250 2004 1301 bum
2036 1249 2086 1300 in
2123 1247 2385 1307 Spiritum
2419 1257 2658 1300 sanctum
2689 1249 2935 1302 emittere
2977 1252 3197 1304 audenti
3229 1253 3434 1320 impen-

1881 1342 1988 1396 det.
2023 1339 2227 1402 timeat,
2267 1347 2540 1404 expertem
2574 1354 2694 1390 cum
2725 1340 2938 1394 deitatis
2973 1345 3316 1409 pronuntiat,
3359 1345 3435 1398 sic

1881 1431 1944 1483 dc
1974 1429 2173 1499 Spiritu
2205 1431 2446 1482 scribens
2481 1448 2493 1481 :

1949 1523 2077 1574 EUN.
2119 1521 2334 1575 Tertius
2383 1523 2570 1575 ordine
2615 1533 2668 1574 ct
2712 1533 2940 1585 natura,
3000 1523 3174 1578 Patris
3216 1525 3430 1593 quidem

1875 1620 2161 1678 praeCeplo,
2195 1612 2510 1679 operatione
2556 1627 2682 1664 vero
2717 1614 2837 1667 Filii
2874 1614 3068 1679 iactus,
3108 1619 3266 1669 tertio
3310 1616 3431 1669 loco

1874 1703 2202 1769 honoratus,
2250 1713 2501 1774 tanquam
2550 1708 2638 1773 qui
2676 1708 2746 1759 sit
2781 1708 3048 1774 primum,
3082 1709 3431 1777 omniumque

1873 1796 2200 1857 maximum,
2252 1804 2305 1849 et
2340 1795 2509 1849 solum
2554 1797 2861 1864 hujusmodi
2903 1797 3175 1866 opiﬁcium
3230 1797 3428 1868 Uuige-

199 1877 458 1948 θεότητος
485 1883 573 1934 καὶ
604 1881 994 1951 δημιουργικῆς
1018 1883 1293 1951 δυνάμεως
1319 1883 1763 1954 ἀπολειπόμενον.

1875 1887 2223 1954 niti,_(leitate
2251 1903 2314 1942 ac
2347 1888 2562 1941 creandi
2599 1889 2830 1956 potentia
2863 1905 3076 1944 carens.

274 1971 423 2024 ΒΑΣ.
471 1973 524 2024 Ὀ
555 1971 608 2022 δὲ
641 1971 796 2024 τοῦτο
832 1972 1001 2039 λέγων
1054 1973 1195 2026 ἔοικε
1234 1975 1368 2044 μηδὲ
1402 1976 1496 2045 τὴν
1543 1976 1768 2048 Θεὸτητα

197 2065 621 2118 πεπιστευκέναι
653 2067 708 2118 ὲν
750 2068 880 2136 ἡμῖν
908 2067 1073 2118 οἰκεῖν
1108 2068 1240 2138 (15),
1266 2070 1356 2121 τοῦ
1402 2071 1644 2123 Ἰωάννου
1680 2071 1768 2124 λέ-

196 2176 391 2227 γοντος
429 2159 550 2229 περὶ
583 2158 714 2211 Θεοῦ
737 2175 748 2185 ·
796 2159 886 2212 Ἐκ
922 2161 1130 2213 τούτου
1161 2162 1547 2230 γινώσκομεν,
1583 2165 1668 2216 ὅτι
1702 2165 1770 2216 ἐν

195 2249 351 2317 ἡμῖν
377 2249 576 2311 ἐστιν,
610 2249 676 2301 ἐκ
713 2249 821 2303 τοῦ
875 2251 1219 2318 Πνεύματος
1269 2247 1338 2305 οὗ
1371 2252 1513 2321 ἡμῖν
1549 2253 1763 2305 ἔδωκε’

195 2341 300 2392 καὶ
346 2339 437 2392 τοῦ
493 2341 847 2394 ’Λποστόλουο
889 2345 1007 2394 Οὐκ
1053 2342 1269 2404 οἴδατε,
1312 2341 1397 2394 ὅτι
1435 2343 1578 2406 ναός
1620 2344 1765 2395 Θεοῦ

194 2435 363 2497 ἐστε,
403 2436 500 2487 καὶ
530 2435 594 2486 τὸ
626 2436 863 2505 Πνεῦμα
897 2436 1000 2489 τοῦ
1041 2436 1184 2490 Θεοῦ
1201 2435 1349 2487 οἰκεῖ
1378 2435 1446 2486 ἐν
1467 2434 1640 2504 Quir;
1675 2437 1766 2489 καὶ

194 2528 386 2580 πάλιν·
427 2530 480 2579 Ἐ
485 2546 520 2581 ν
543 2527 588 2587 ᾧ
616 2530 648 2594 ἡ
671 2528 835 2582 πᾶσα
862 2527 1138 2594 οἰκοδομὴ
1163 2530 1764 2598 συναρμολογουμένη

194 2621 374 2684 αὔξει
411 2624 494 2685 είς
539 2623 688 2672 ναὸν
731 2619 900 2687 ἅγιον
930 2621 998 2675 ἐν
1029 2621 1254 2686 Κυρίῳ,
1287 2621 1355 2673 ἐν
1385 2613 1431 2685 ᾧ
1464 2622 1560 2674 καὶ
1601 2623 1767 2690 ὑμεῖς

194 2710 730 2779 συνοικοδομεῖσθε
771 2714 854 2776 εἰς
887 2710 1340 2779 κατοικητήριον
1373 2712 1477 2764 τοῦ
1525 2712 1670 2764 Θεοῦ
1699 2713 1768 2763 ἐν

194 2803 519 2870 Πνεύματι.
551 2803 612 2854 Εἰ
634 2803 810 2854 τοίνυν
841 2805 896 2855 ὲν
925 2804 1056 2873 ἡμῖν
1083 2805 1110 2854 ό
1131 2803 1260 2865 Θεὸς
1295 2805 1520 2855 ἐνοικεῖν
1553 2803 1765 2871 λέγεται

193 2894 291 2947 διὰ
317 2895 407 2947 τοῦ
438 2896 766 2965 Πνεύματος,
798 2895 912 2958 πῶς
942 2897 1059 2966 οὐχὶ
1086 2898 1319 2967 φανερᾶς
1351 2896 1598 2958 ἀσεϐείας
1621 2899 1765 2949 ἐστὶν

194 2986 336 3039 αὐτὸ
368 2986 428 3038 τὸ
454 2987 673 3057 Πνεῦμα
706 2987 882 3055 λέγειν
911 2987 1171 3056 ἀμέτοχον
1187 2988 1288 3055 τῆς
1319 2987 1601 3056 Θεότητος;
1634 2989 1760 3050 Καὶ,

193 3079 253 3130 εἰ
282 3079 434 3140 Octob;
468 3079 802 3148 ὀνομάζομεν
831 3080 954 3141 τοὺς
981 3080 1100 3130 κατ’
1132 3078 1328 3147 ἀρετὴν
1361 3077 1616 3141 τελείους,
1650 3081 1681 3148 ἠ
1710 3079 1764 3131 δὲ

1942 1975 2065 2031 ΒΑε.
2104 1979 2217 2032 Hoc
2247 1979 2337 2046 qui
2365 1979 2493 2031 dicit
2513 2019 2526 2042 ,
2566 1995 2661 2033 nec
2691 1981 2943 2034 deitatem
2973 1981 3215 2036 habitare
3245 1983 3296 2036 in
3327 1999 3425 2037 no-

1875 2067 1954 2120 bis
1991 2069 2199 2122 videtur
2238 2066 2479 2135 credere,
2533 2072 2634 2125 ctsi
2681 2072 2746 2127 de
2797 2073 2904 2126 Deo
2951 2072 3182 2128 Joannes
3226 2075 3357 2128 dicit
3409 2093 3422 2130 :

1871 2157 1956 2209 Ex
1985 2159 2081 2211 hoc
2114 2162 2332 2226 scimus,
2369 2164 2507 2230 quod
2535 2164 2588 2214 in
2621 2164 2764 2216 nobis
2801 2179 2871 2216 est
2891 2205 2906 2227 ,
2936 2181 2999 2219 ex
3027 2164 3246 2232 Spiritu,
3273 2182 3426 2236 quem

1869 2249 2014 2300 nobis
2043 2251 2182 2299 dedit
2205 2251 2246 2279 ³³
2274 2269 2286 2314 ;
2330 2260 2382 2302 ct
2401 2252 2689 2319 Apostolus
2715 2271 2727 2306 :
2763 2252 2987 2307 Nescitis
3020 2257 3158 2317 quod
3182 2257 3426 2323 templum

1871 2338 1963 2392 Dei
1981 2341 2124 2405 estis,
2143 2352 2185 2393 et
2209 2339 2438 2406 Spiritus
2463 2343 2552 2393 Dei
2569 2347 2768 2394 habitat
2788 2346 2839 2397 in
2861 2347 2998 2396 vobis
3014 2346 3056 2376 ³⁹
3076 2347 3097 2398 ?
3120 2357 3170 2398 et
3190 2363 3377 2400 rursus
3408 2367 3420 2401 :

1870 2429 1934 2483 In
1963 2449 2062 2502 quo
2095 2434 2257 2485 omnis
2292 2435 2573 2497 wdiﬁcatio
2599 2447 2957 2504 coagmentata
2988 2439 3167 2490 crescit
3199 2439 3254 2491 in
3289 2448 3422 2497 tem-

1867 2524 2009 2590 plum
2050 2536 2282 2576 sanctum
2318 2525 2372 2576 in
2416 2525 2657 2590 Domino,
2699 2528 2751 2578 in
2785 2543 2884 2595 quo
2930 2537 3093 2582 ctmos
3125 2530 3421 2598 cowdiﬁca-

1869 2614 1995 2665 mini
2041 2616 2094 2666 in
2142 2614 2499 2668 habitaculum
2552 2617 2644 2669 Dei
2674 2618 2725 2669 in
2776 2616 2974 2685 Spiritu
3015 2617 3084 2673 ‘°.
3136 2619 3346 2688 Itaque,
3379 2622 3423 2674 si

1870 2705 2010 2758 Deus
2042 2705 2094 2759 in
2119 2707 2275 2760 nobis
2304 2723 2397 2773 per
2427 2706 2685 2773 Spiritum
2720 2708 2965 2763 habitare
2992 2709 3210 2775 dicitur,
3245 2728 3424 2766 nonne

1870 2795 2148 2847 manifesta
2183 2795 2430 2863 impietas
2463 2808 2565 2862 est,
2600 2796 2774 2864 ipsum
2808 2798 3068 2866 Spiritum
3099 2801 3280 2855 dicere
3308 2804 3422 2858 dei-

1868 2891 1990 2944 tatis
2022 2891 2334 2945 exsortem?
2365 2891 2450 2956 Et,
2478 2891 2520 2946 si
2544 2909 2635 2946 eos
2665 2893 2754 2961 qui
2786 2894 2984 2947 virtute
3014 2894 3237 2963 perfecti
3264 2909 3409 2962 sunt,

1869 2983 1997 3038 deos
2026 2984 2387 3048 nominamus,
2413 2985 2673 3053 perfectio
2697 2995 2876 3038 autem
2908 2997 2988 3040 est
3015 3003 3109 3056 per
3130 2985 3422 3055 Spiritum;

1867 3074 2136 3144 quomodo
2165 3077 2255 3143 qui
2292 3075 2426 3128 alios
2459 3074 2621 3129 ellicit
2671 3077 2822 3143 deos,
2863 3078 2951 3132 ille
2980 3079 3093 3148 ipse
3135 3079 3424 3134 destitutus

193 3171 475 3231 τελείωσις
507 3172 592 3221 διὰ
632 3171 722 3222 τοῦ
762 3169 1105 3237 Πνεύματος,
1145 3169 1258 3231 πῶς
1292 3169 1350 3220 τὸ
1396 3170 1615 3240 ἑτέρους
1648 3171 1763 3223 Θεο-

1870 3169 2066 3223 deitate
2091 3169 2212 3222 est?
2251 3168 2360 3221 Nec
2387 3185 2516 3222 vero
2551 3169 2694 3237 pium
2721 3170 2882 3223 fuerit
2911 3172 3106 3233 dicere,
3147 3182 3204 3225 ut
3239 3173 3289 3224 in
3325 3173 3422 3225 ho-

192 3262 384 3315 ποιοῦν
415 3261 550 3313 αὐτὸ
590 3262 684 3330 τῆς
720 3261 966 3331 θεότητος
1012 3262 1395 3326 ἀπολείπεται;
1449 3264 1607 3316 Ἀλλὰ
1659 3265 1764 3335 μὴν

191 3354 320 3406 οὐδὲ
351 3351 589 3415 εὐσεϐὲς,
633 3351 817 3423 ὥσπερ
859 3354 949 3405 ἐπὶ
978 3353 1084 3406 τῶν
1128 3355 1428 3425 ἀνθρώπων
1453 3399 1466 3420 ,
1499 3356 1638 3408 οὕτω
1673 3357 1764 3409 καί¹

191 3446 289 3497 ἐπὶ
323 3442 413 3495 τοῦ
457 3443 790 3515 Πνεύματος,
830 3445 1094 3514 μεθεκτὴν
1124 3446 1298 3513 λέγειν
1332 3447 1494 3498 αὑτοῦ
1525 3448 1622 3516 τὴν
1657 3447 1764 3499 Θεό-

189 3553 337 3607 τητα
358 3535 676 3606 τετιμῆσθαι
703 3534 832 3605 (16),
866 3536 958 3586 καὶ
982 3535 1100 3604 οὐχὶ
1131 3535 1286 3604 φύσει
1317 3535 1464 3605 αὑτῴ
1493 3535 1762 3608 συνυπάρ-

190 3645 334 3698 χειν.
379 3629 435 3680 Ὀ
474 3628 580 3699 γὰρ
622 3627 798 3697 χάριτι
834 3625 1242 3697 Θεοποιούμενος
1276 3627 1374 3697 τῆς
1408 3632 1761 3700 μεταπτωτῆς

231 3736 314 3770 στι
356 3719 585 3787 φύσεως,
625 3718 682 3784 ἐξ
721 3719 1047 3791 ἁπροσεξίας
1080 3719 1206 3771 ποτὲ
1246 3720 1337 3772 καὶ
1387 3720 1761 3793 ἀπορρεούσης

189 3813 290 3864 τοῦ
331 3811 652 3882 κρείττονος.
700 3810 866 3864 Τοῦτο
903 3811 958 3863 δὲ
994 3810 1177 3880 σαφῶς
1219 3812 1444 3881 μάχεται
1485 3816 1547 3883 τῇ
1583 3831 1754 3882 παρα-

186 3903 339 3956 δόσει
360 3903 450 3956 τοῦ
474 3906 734 3975 σωτηρίου
760 3903 1144 3973 βαπτίσματος.
1170 3904 1580 3972 Πορευθέντες,
1607 3907 1757 3974 φησὶ,

187 3992 503 4059 ῥῖαπτίζετε
524 3997 610 4059 είς
635 3993 697 4047 τὸ
725 3995 907 4063 ὄνομα
930 3993 1033 4046 τοῦ
1064 3995 1312 4060 Πατρός,
1338 3997 1433 4047 καὶ
1463 3996 1565 4048 τοῦ
1602 3997 1754 4057 Υἱοῦ,

188 4084 294 4135 καὶ
333 4083 437 4135 τοῦ
481 4084 650 4151 ἁγίου
696 4087 1036 4153 Πνεύματος
1071 4084 1201 4154 (l7).
1242 4086 1394 4137 Ἐστι
1421 4085 1530 4154 γὰρ
1559 4085 1618 4137 τὸ
1667 4085 1758 4154 βά-

239 4190 406 4241 τισμα
449 4175 680 4244 σφραγὶς
717 4176 812 4245 τῆς
844 4177 1092 4241 πίστεως,
1135 4178 1166 4247 ἡ
1201 4176 1256 4230 δὲ
1295 4175 1470 4240 πίστις
1511 4177 1758 4248 Θεότητος

188 4266 608 4336 συγκατάθεσις.
644 4266 931 4320 Πιστεῦσαι
961 4267 1067 4339 γὰρ
1099 4269 1178 4321 δεῖ
1216 4269 1492 4340 πρότερον,
1525 4266 1640 4323 εἶτα
1682 4271 1757 4340 τῷ

190 4357 530 4428 βαπτίσματι
550 4357 1074 4430 ἐπισφραγίσασθαι.
1113 4359 1184 4411 Τὸ
1209 4360 1263 4411 δὲ
1293 4359 1571 4429 βάπτισμα
1604 4360 1757 4429 ἡμῶν

187 4452 313 4500 ἐστι
346 4449 482 4502 κατὰ
521 4451 616 4520 τὴν
647 4450 739 4501 τοῦ
771 4451 874 4520 (18)
911 4451 1112 4521 Κυρίου
1142 4452 1452 4520 παράδοσιν,
1483 4453 1561 4514 είς
1591 4451 1756 4520 ὄνομα

1870 3259 2122 3325 minibus,
2172 3258 2243 3308 ita
2270 3267 2323 3310 et
2351 3257 2402 3310 in
2435 3259 2639 3326 Spiritu
2675 3259 2928 3312 deitatem
2961 3275 3080 3329 quae
3121 3262 3420 3332 participa-

1868 3351 2010 3402 tione
2047 3350 2312 3418 acquisita
2350 3349 2440 3412 sit,
2477 3350 2756 3416 honorari,
2787 3368 2889 3405 non
2929 3362 3108 3406 autem
3140 3363 3328 3408 natura
3367 3359 3418 3410 ei

1863 3451 2190 3508 competere.
2235 3442 2334 3507 Qui
2363 3442 2503 3494 enim
2555 3442 2695 3494 dono
2721 3441 2950 3494 clIicitur
2980 3443 3143 3507 Deus,
3185 3427 3438 3501 mutabi-l

1864 3535 1928 3590 lis
1955 3545 2037 3590 est
2067 3547 2302 3600 natura},
2335 3550 2452 3604 quae
2499 3550 2876 3603 nonnunquam
2908 3550 3004 3603 per
3035 3537 3414 3607 negligentiam

1863 3642 1890 3680 a
1943 3626 2184 3682 bonitate
2219 3629 2452 3682 excidat.
2489 3627 2542 3680 Id
2589 3637 2765 3681 autem
2809 3638 2993 3697 aperte
3032 3631 3284 3684 salutaris
3318 3632 3412 3684 ba-

1863 3721 2040 3788 ptismi
2071 3731 2327 3790 repugnat
2356 3718 2654 3772 traditioni.
2684 3719 2899 3784 Euntes,
2931 3721 3126 3790 inquit,
3157 3722 3418 3789 baptizata

1861 3815 1914 3867 in
1945 3794 2150 3866 nomine
2175 3811 2373 3874 Patris,
2406 3821 2452 3864 et
2484 3809 2637 3875 Filii,
2672 3821 2718 3864 et
2749 3812 2981 3878 Spiritus
3017 3813 3187 3866 sancti
3225 3810 3290 3865 δι.
3325 3813 3420 3869 Est

1860 3904 2001 3955 enim
2039 3901 2300 3967 baptisma
2341 3901 2572 3968 sigillum
2611 3902 2764 3963 lidei.
2803 3902 2934 3955 fides
2987 3917 3113 3956 vero
3156 3917 3414 3958 assensus

1859 4004 1942 4047 est
1997 3992 2201 4046 deitati.
2275 3991 2406 4045 Nam
2463 3993 2678 4046 credere
2728 3993 2873 4062 prius
2929 4004 3173 4062 oportet,
3227 3996 3420 4052 deinde

1860 4085 2181 4155 baptismate
2211 4085 2504 4154 obsignari.
2539 4084 2632 4138 Est
2675 4097 2852 4140 autem
2887 4097 3068 4140 noster
3118 4087 3416 4156 baptismus

1866 4191 1930 4230 ex
1946 4175 2154 4230 Domini
2193 4175 2500 4239 traditione,
2524 4176 2574 4228 in
2594 4192 2786 4229 nomen
2806 4175 2997 4239 Patris,
3022 4179 3245 4247 et277
3273 4179 3414 4244 Filii,

1857 4279 1910 4322 et
1963 4268 2192 4337 Spiritus
2254 4269 2446 4332 sancti,
2515 4267 2654 4319 nulla
2699 4277 2966 4327 creatura,
3022 4282 3197 4336 neque
3254 4285 3415 4324 servo

1858 4358 2005 4410 Patri
2047 4373 2108 4410 ac
2151 4355 2288 4409 Filio
2343 4356 2651 4424 conjuncta.
2691 4372 2812 4411 cum
2871 4358 3043 4414 dcitas
3067 4359 3119 4413 in
3149 4360 3415 4415 Triuitate

1859 4449 2211 4516 compleatur.
2246 4447 2379 4500 Nam
2413 4449 2671 4517 quidquid
2703 4459 2854 4504 extra
2883 4451 2979 4503 hos
3022 4459 3103 4503 est
3125 4490 3138 4511 ,
3170 4451 3220 4503 id
3249 4468 3412 4505 omne

189 4542 409 4610 Πατρὶρς
470 4541 561 4595 καὶ
615 4542 742 4593 Υίοῦ
803 4546 896 4595 καὶ
944 4542 1096 4611 ἁγίου
1149 4543 1494 4610 Πνεύματος⁸
1546 4541 1752 4602 οὐδενὸς

1868 4554 2172 4594 conservum
2200 4547 2302 4602 est,
2333 4541 2540 4594 etiamsi
2575 4543 2805 4594 maxime
2830 4540 2896 4592 ob
2922 4539 3242 4606 dignitatum
3272 4558 3408 4611 prte-

698 4633 720 4647 κ

186 4632 511 4701 κτίσματος,
545 4634 662 4686 οῦδὲ
695 4633 876 4686 δούλου
909 4635 1078 4704 Πατρὶ
1111 4635 1202 4685 καὶ
1246 4633 1353 4701 Υίῴ
1394 4633 1754 4702 συντεταγμέ-

1843 4635 2108 4686 -stanliatn
2142 4633 2244 4685 alia
2273 4632 2392 4686 aliis
2418 4643 2825 4702 anteponantur.

184 4743 307 4784 νου,
335 4722 407 4786 ὠς
436 4726 530 4794 τῆς
557 4725 804 4795 θεότητος
833 4727 888 4775 ὲν
918 4726 1102 4794 Τριὰδι
1134 4744 1194 4778 συ
1205 4724 1642 4794 μπ).ηρουμένης.
1677 4725 1748 4775 Τὸ
1784 4726 1838 4776 δὲ
1900 4723 2003 4786 ἔξω
2029 4723 2228 4776 τούτων
2293 4724 2573 4792 ὁμόδουλον
2602 4725 2741 4776 ἅπαν
2767 4723 2903 4788 ἐστὶ,
2939 4724 3040 4779 κᾶν
3078 4724 3145 4778 τὰ
3179 4726 3410 4795 μάλιστα

184 4816 515 4885 ὑπερϐολαῖς
562 4818 880 4888 ἀξιωμάτων
920 4816 1052 4870 ἄλλα
1090 4818 1260 4869 ἄλλων
1308 4816 1744 4887 προτετιμημένα
1783 4815 2043 4886 τυγχάνῃ.

263 4908 319 4962 6.
360 4910 468 4962 Καὶ
500 4915 572 4982 μή
619 4930 706 4983 μοι
745 4913 903 4966 πάλιν
933 4912 996 4964 τὰ
1034 4912 1171 4977 σοφὰ
1201 4911 1367 4963 ταῦτα
1388 4929 1400 4940 ε

264 4997 422 5051 ΕΥΝ.
465 5000 586 5052 Ἐὰν
619 5003 693 5072 μὴ
730 5008 931 5072 κτίσμα
960 5000 1132 5062 ἐστὶν,
1173 5001 1365 5053 οὐκοῦν
1404 5002 1665 5071 γέννημα,
1713 5000 1743 5067 ἦ

270 5203 312 5238 ⁸⁷
359 5204 511 5258 Rom.
559 5217 676 5267 Vill,
719 5202 803 5255 11.
880 5199 982 5253 8'-l
1003 5199 1153 5254 Joan.
1189 5214 1270 5264 ιιι,
1309 5199 1398 5251 2i.

263 5389 375 5457 (l2)
396 5388 526 5441 Pars
551 5388 719 5456 major
742 5385 996 5457 librorum
1016 5393 1250 5438 veterum
1265 5383 1443 5457 δίδωσι
1480 5385 1728 5452 Χριστός.

186 5453 388 5515 Statim
419 5459 547 5526 Reg.
583 5453 801 5523 quartus
825 5453 1003 5522 φωνῆς
1034 5473 1132 5521 μου
1162 5453 1367 5526 ἀκούει.

265 5527 374 5597 (15)
401 5523 544 5580 Libri
579 5527 778 5594 aliquot
797 5536 1001 5597 veteres
1026 5529 1132 5597 τοῖς
1167 5523 1481 5597 τολμήσασι.

264 5594 375 5672 (14)
399 5598 619 5672 Codices
642 5596 873 5672 nonnulli
903 5594 992 5672 sui.
1021 5595 1170 5672 ταξει
1203 5595 1312 5646 καί.
1341 5595 1474 5646 Editi
1510 5595 1732 5672 προστά-

183 5665 363 5740 γματι
398 5667 514 5736 μέν.
541 5667 734 5740 Vocula
763 5667 861 5736 μέν
903 5666 952 5740 in
991 5665 1172 5740 majori
1208 5675 1356 5740 parte
1389 5681 1514 5740 mss.
1557 5667 1725 5716 deest.

264 5739 376 5808 (15)
399 5733 518 5808 νοτ
559 5735 741 5808 οίχεῖν
767 5733 1093 5808 'nonlegitur
1133 5733 1184 5784 in
1213 5734 1598 5808 editioneV-leu.
1627 5750 1732 5808 Ile-

186 5802 298 5878 que
329 5802 380 5862 in
404 5806 634 5875 antiquis
661 5821 750 5859 sex
787 5806 932 5860 libris
960 5820 971 5855 :
997 5803 1088 5858 sed
1117 5815 1231 5855 eam
1291 5805 1342 5857 in
1375 5805 1604 5858 editione
1627 5802 1728 5856 Pa-

1486 5199 1528 5228 ³⁹
1576 5200 1742 5252 ICor.
1777 5216 1857 5265 ιιι,
1887 5199 1970 5252 16.

1925 4907 1978 4959 6.
2016 4907 2124 4960 Nec
2150 4909 2276 4962 mihi
2312 4925 2498 4964 rursus
2528 4909 2788 4976 sapientia
2820 4909 2906 4962 illa
2943 4909 3104 4963 verba
3139 4911 3360 4979 objicias
3390 4927 3404 4964 :

1929 5001 2058 5053 Eius.
2112 5000 2166 5054 Si
2216 5011 2458 5055 creatura
2503 5017 2605 5052 non
2654 5011 2774 5062 est,
2815 5004 2977 5071 igitur
3023 5004 3265 5069 genitura
3315 5015 3407 5056 aut

2047 5199 2092 5229 ‘°
2134 5200 2327 5269 Ephcs.
2358 5217 2414 5266 lt,
2448 5200 2536 5266 21,
2565 5201 2654 5254 2‘2.
2728 5203 2767 5230 δ’
2809 5201 2995 5253 Matth.
3030 5218 3215 5263 xxvut,
3249 5203 3330 5256 l9.

1845 5386 2053 5440 risiensi
2088 5385 2379 5437 addendam
2417 5399 2532 5436 csse
2578 5399 2638 5434 ex
2673 5381 2838 5446 Itegio
2867 5397 2966 5436 suo
2995 5383 3176 5435 codice
3215 5383 3403 5434 existi-

1840 5460 2002 5507 mavit
2036 5458 2113 5506 vir
2145 5454 2545 5506 eruditissimus
2578 5452 2818 5505 Ducmus.

1909 5524 2011 5592 (ιϐ)
2041 5524 2182 5577 Libri
2221 5525 2420 5589 aliquot
2453 5536 2657 5575 veteres
2687 5524 2774 5574 καὶ
2808 5521 3154 5592 τετιμῆσθαι.

1908 5590 2017 5662 (17)
2044 5596 2266 5647 (lodices
2295 5595 2532 5645 nonnulli
2571 5594 2780 5661 Ματρὸς
2809 5594 2902 5643 καὶ
2935 5590 3062 5643 Υἰοῦ
3102 5590 3191 5642 καὶ
3241 5592 3398 5657 ἁγίου

1836 5663 2168 5732 Πνεῦματος.

1905 5729 2014 5804 (18)
2043 5736 2220 5789 Codex
2248 5732 2393 5789 Colb.
2422 5733 2540 5785 κατ’
2562 5733 2729 5802 αὐτὴν
2757 5732 2852 5801 τὴν
2888 5729 3000 5783 τοῦ.
