4088 6318
629 323 733 382 667

1925 315 1983 370 S.
2025 314 2268 370 BASILII
2308 313 2520 368 MAGNI

3755 310 3860 366 668

635 442 927 514 ingenitus.
977 440 1126 494 Unus
1157 447 1338 493 autem
1384 435 1525 492 Deus
1563 444 1647 491 est
1691 434 1956 504 principio
1991 449 2184 489 carens

2307 432 2580 502 ὶγέννητον
2612 431 2743 502 (19).
2779 426 2870 494 Εἷς
2898 432 2951 483 δὲ
2983 434 3212 502 ἄναρχος
3243 433 3370 494 Θεὸς
3414 431 3507 484 καὶ
3539 431 3857 501 ἀγέννητκ.

633 547 798 605 atque
844 533 1130 602 ingenitus.
1179 530 1362 599 Neque
1399 543 1524 582 vero
1569 529 1816 598 genitura
1848 538 1950 581 est.
1995 527 2190 583 Restat

634 642 761 696 ergo
784 636 840 678 ut
865 625 978 694 ipse
1007 634 1256 679 creatura
1292 623 1606 690 facturaque
1643 618 1969 673 nominetur.

703 718 827 773 Bas.
876 716 987 785 Ego
1030 730 1193 781 vero,
1222 714 1266 768 si
1317 721 1506 768 cuncta
1545 712 1845 781 judicarem
1888 713 2192 780 cognitione

634 820 814 864 nostra
866 806 1245 878 comprehendi
1305 820 1480 875 posse,
1534 821 1621 859 me
1677 805 1909 859 fortasse
1963 807 2193 873 puderet

636 897 997 964 ignorantiam
1035 895 1301 949 confiteri.
1338 895 1487 948 Nunc
1522 904 1703 948 autem
1738 895 2050 959 innumera,
2085 911 2190 949 non

637 989 809 1042 solum
846 1004 911 1042 ex
943 989 1008 1041 iis
1035 1003 1152 1056 quae
1182 987 1335 1041 nobis
1367 988 1420 1040 in
1450 987 1632 1041 futuro
1658 986 1858 1039 saeculo
1895 987 2195 1039 recondun-

636 1088 747 1146 tur,
781 1090 836 1134 et
860 1095 925 1134 ex
965 1081 1028 1134 iis
1063 1095 1179 1149 quae
1215 1094 1354 1133 nunc
1385 1080 1434 1131 in
1475 1077 1627 1131 caelis
1668 1085 1812 1139 sunt,
1849 1077 2015 1130 latent
2058 1092 2192 1130 nos:

639 1175 733 1227 sed
765 1187 940 1242 neque
975 1187 1034 1226 ea
1083 1187 1202 1240 quae
1232 1171 1284 1224 in
1321 1179 1510 1225 nostro
1544 1184 1768 1238 corpore
1800 1167 2022 1230 insunt,
2053 1169 2197 1222 clare

641 1280 704 1319 ac
746 1267 1022 1321 evidenter
1057 1264 1586 1332 comprehendimus.
1637 1261 1875 1330 Exempli
1923 1276 2085 1316 causa
2132 1261 2197 1314 de

640 1358 786 1420 visu,
832 1366 1044 1422 utrum,
1072 1358 1194 1408 dum
1229 1369 1408 1409 rerum
1445 1352 1732 1406 visibilium
1765 1353 2029 1422 susceptis
2064 1351 2197 1405 ima-

639 1449 884 1518 ginibus,
920 1449 990 1501 ita
1023 1448 1236 1500 demum
1269 1445 1478 1512 objecta
1518 1444 1875 1513 percipiamus
1920 1462 1932 1496 :
1969 1453 2022 1497 et
2065 1458 2197 1512 quo-

641 1540 799 1594 modo
839 1539 1193 1593 maximorum
1245 1537 1537 1600 montium,
1573 1537 1956 1604 immensaque
2005 1547 2193 1598 terra,

637 1641 695 1684 et
721 1631 913 1684 infiniti
946 1633 1150 1694 maris,
1185 1645 1248 1682 ac
1292 1628 1412 1682 cmli
1459 1629 1626 1695 ipsius
1670 1628 1849 1698 imago
1895 1630 1945 1681 in
2003 1630 2192 1698 exigua

644 1734 840 1776 nostra:
881 1722 1095 1791 pupilla:
1138 1735 1388 1774 mensura
1436 1721 1829 1773 contineatur:
1882 1734 1947 1770 an
1996 1734 2114 1773 eum
2166 1737 2192 1771 a

2293 521 2426 575 οὔτε
2460 523 2563 592 μὴν
2591 524 2852 592 γέννημα.
2881 523 3137 574 Λείπεται
3169 517 3258 574 οὖν
3288 522 3488 591 κτίσμα
3521 524 3615 574 καὶ
3647 524 3860 593 ποίημα

2292 614 2423 667 αὐτὸ
2449 614 2823 684 ὀνομάζεσθαι.

2361 720 2507 772 ΒΑΣ.
2559 718 2696 786 Ἐγὼ
2740 719 2816 782 δὲ,
2861 721 2907 770 εί
2960 718 3058 788 μὲν
3104 717 3279 770 πάντα
3323 716 3653 787 διωριζόμην
3689 733 3862 768 κατα-

2289 811 2471 880 ληπτά
2505 809 2659 880 ἡμῶν
2683 805 2816 862 εἶναι
2843 814 2906 880 τῇ
2935 808 3151 877 γνώσει,
3187 808 3454 878 ᾐσχύνθην
3485 809 3548 860 ἂν
3577 808 3708 869 ἴσως
3736 811 3866 876 ὀμο-

2291 902 2515 971 λογῆσαι
2565 901 2660 972 τὴν
2698 903 2950 967 ἄγνοιανο
2996 900 3088 953 νῦν
3120 900 3174 952 δὲ
3213 901 3377 971 μυρία
3417 899 3526 967 ('20)
3562 901 3622 950 ού
3660 900 3770 951 τῶν
3811 903 3864 951 ἐν

2290 993 2365 1063 τῷ
2392 993 2635 1063 μέλλοντι
2661 994 2816 1045 αίῶνι
2837 993 3209 1061 ἀποκειμένων
3231 994 3360 1061 ἡμῖν
3395 992 3573 1061 μόνον,
3602 989 3724 1041 οὔτε
3755 991 3865 1043 τῶν

2293 1084 2386 1136 νῦν
2421 1085 2586 1137 ὅντων
2621 1087 2675 1136 ὲν
2705 1087 2815 1147 τοῖς
2849 1085 3092 1154 οὐρανοῖς
3129 1085 3560 1153 ἀποκέκρυπται,
3590 1083 3708 1133 ἀλλ’
3741 1080 3865 1134 οὗτε

2293 1176 2398 1228 τῶν
2425 1177 2772 1246 ὑπαρχόντων
2804 1178 2933 1245 ἡμῖν
2962 1180 3018 1228 εν
3048 1175 3124 1243 τῷ
3156 1173 3360 1242 σώματι
3383 1175 3554 1243 τρανὴ
3579 1173 3677 1224 καὶ
3707 1175 3866 1224 ἀναν-

2292 1269 2545 1338 τίρῤητός
2578 1271 2724 1320 ἐστιν
2772 1269 2804 1336 ἡ
2854 1265 3175 1334 κατάληψις.
3211 1260 3332 1317 Οἷον
3371 1265 3561 1334 ἀμέλει
3596 1265 3727 1334 ,περὶ
3771 1264 3868 1333 τῆς

2293 1360 2484 1429 ὅψεως,
2505 1361 2728 1431 πότερον
2760 1359 3121 1428 είσδεχόμενοι
3144 1357 3241 1418 τὰς
3263 1357 3470 1418 εἰκόνας
3499 1357 3607 1408 τῶν
3631 1348 3864 1424 ὁρατῶν,

2293 1452 2432 1505 οὕτω
2474 1452 2569 1514 τὰς
2611 1451 2921 1521 ἀντιλήψεις
2963 1448 3292 1518 ποιούμεθω
3327 1448 3570 1510 καὶπῶς
3618 1447 3764 1518 ὀρῶν
3809 1463 3864 1497 τε

2296 1543 2684 1614 παμμεγεθῶν,
2719 1543 2823 1612 γῆς
2848 1560 2905 1594 τε
2927 1542 3178 1605 ἀπλέτου,
3202 1540 3293 1591 καὶ
3315 1539 3536 1608 ἀπείρου
3563 1539 3864 1608 Θαλάσσης,

2295 1636 2373 1688 ἔτι
2402 1636 2458 1688 δὲ
2483 1636 2590 1705 (2|)
2626 1634 2718 1687 καὶ
2749 1634 2908 1686 αὐτοῦ
2938 1633 3030 1686 τοῦ
3057 1630 3285 1704 οὐρανοῦ
3313 1633 3346 1701 ἡ
3380 1629 3541 1682 εἰκὼν
3567 1630 3644 1699 τῶ
3676 1630 3867 1700 βραχεῖ

2299 1727 2482 1798 μέτρῳ
2514 1727 2610 1796 τῆς
2645 1726 2811 1796 κόρης
2843 1726 2996 1796 ἡμῶν
3030 1724 3364 1795 περιέχεταν
3405 1722 3439 1792 ἢ
3486 1723 3867 1791 ἐκπέμποντες

643 1815 798 1868 nobis
828 1787 1099 1884 quidpiam
1131 1812 1450 1876 emittimus,
1489 1812 1646 1880 idque
1677 1811 1744 1864 ad
1777 1809 2012 1863 visibilia
2037 1825 2192 1864 acce-

2307 1838 2345 1872 rt
2395 1821 2523 1889 παρ’
2575 1817 2802 1881 ἑαυτῶν,
2858 1817 2951 1869 καὶ
3000 1813 3463 1887 προσπελάζοντος
3515 1813 3706 1864 τούτου
3757 1816 3865 1875 τοῖς

646 1904 739 1968 dit,
773 1903 850 1956 sic
881 1903 1074 1957 cadant
1102 1904 1201 1955 sub
1227 1915 1442 1954 sensqu
1480 1910 1569 1954 :et
1595 1901 1722 1969 quid
1751 1900 1800 1952 id
1835 1899 1906 1952 sit
1935 1907 1990 1953 et
2024 1913 2196 1968 quan-

645 2003 792 2058 tum;
825 1993 956 2047 adeo
987 2002 1044 2045 ut
1079 2006 1371 2059 expansum
1400 1989 1627 2045 sufficiat
1654 2000 1813 2042 terrm
1838 1988 2104 2058 marique,
2140 2004 2200 2042 ae

648 2085 823 2139 locum
865 2085 1005 2138 inter
1049 2093 1245 2135 terram
1297 2091 1350 2136 et
1395 2081 1587 2134 (telum
1629 2081 2051 2134 intercedentem
2107 2095 2200 2149 pe-

650 2194 857 2246 netret,
894 2183 1001 2235 imo
1045 2182 1110 2235 ad
1145 2181 1316 2248 ipsum
1351 2179 1543 2231 cadum
1593 2180 1908 2248 perveniat.
1944 2187 2202 2247 tantaque

650 2281 928 2327 moveatur
957 2271 1263 2334 celeritate,
1301 2279 1358 2322 ut
1391 2269 1585 2338 aaquali
1641 2281 1884 2337 tempore
1917 2279 1972 2322 et
2004 2286 2200 2336 corpus

649 2364 1107 2432 circumpositum,
1133 2371 1188 2415 et
1215 2360 1379 2414 stellae
1412 2376 1530 2429 qua:
1569 2361 1620 2413 in
1652 2360 1792 2414 eaalo
1828 2370 1973 2425 sunt,
2005 2376 2201 2429 cogno-

651 2465 893 2510 scantur.
927 2456 992 2508 Et
1021 2454 1149 2524 quid
1193 2454 1386 2507 attinet
1416 2451 1622 2518 reliqua
1655 2451 1866 2503 dicere?
1907 2451 2015 2502 Iino
2062 2453 2204 2518 ipsos

653 2547 852 2599 mentis
877 2555 1050 2597 motus
1080 2559 1265 2597 creare
1292 2559 1356 2594 an
1385 2554 1638 2611 generare
1664 2540 1834 2594 soleat
1872 2542 2206 2610 aniina,quis

654 2645 803 2691 eerto
836 2636 1024 2690 dicat?
1053 2633 1189 2700 Quid
1225 2634 1389 2701 igitur
1429 2633 1549 2686 miri
1600 2632 1782 2696 fuerit,
1815 2634 1860 2684 si
1898 2647 2111 2700 quoque
2143 2633 2208 2685 de

655 2729 855 2797 Spiritu
882 2736 1070 2781 saneto
1104 2727 1239 2781 citra
1272 2727 1526 2779 ruborem
1556 2724 1916 2793 ignorantiam
1947 2724 2209 2778 conﬁtea-

655 2837 797 2886 mur,
831 2830 884 2873 et
916 2829 1093 2873 tamen
1125 2817 1572 2889 glorificationem
1597 2857 1610 2880 ,
1642 2833 1760 2885 qua:
1809 2815 1858 2868 ei
1901 2816 2209 2872 testimonio

656 2911 853 2965 invicto
904 2910 1180 2972 tribuitur,
1231 2909 1640 2975 persolvamus?
1694 2908 1902 2960 Etenim
1954 2924 2072 2976 quae
2116 2924 2210 2977 per

658 3007 967 3076 Scripturas
1045 3007 1353 3066 traduntur,
1419 3016 1481 3056 ea
1541 3003 1716 3069 ipsum
1785 3014 1944 3066 supra
1998 3009 2212 3052 cream-

2296 1911 2529 1978 ὁρατοῖς,
2579 1908 2749 1972 οῦτως
2793 1908 2968 1961 αὐτῶν
3004 1910 3103 1976 τὴν
3136 1907 3385 1978 αἴσθησιν
3419 1905 3634 1975 ἔχομεν,
3684 1904 3778 1956 καὶ
3818 1905 3865 1956 τί

2300 2002 2413 2052 ἐστι
2442 2002 2595 2054 τοῦτο
2621 2003 2710 2053 καὶ
2742 2003 2924 2066 πόσον,
2957 2001 3094 2053 ὥστε
3123 2004 3193 2072 γῇ
3223 2002 3314 2053 καὶ
3343 1999 3584 2069 θαλάσσῃ
3616 1998 3867 2067 ἐξαρκεῖν

2300 2094 2723 2164 ὲφαπλούμενον,
2765 2097 2855 2146 καὶ
2901 2096 3071 2164 περᾷν
3119 2094 3215 2162 μὲν
3262 2093 3351 2144 τὸν
3400 2092 3603 2161 μεταξὺ
3637 2091 3743 2160 γῆς
3777 2092 3868 2142 καὶ

2300 2184 2524 2254 ούρανοῦ
2560 2186 2739 2249 τόπον,
2774 2183 2920 2252 αὐτῷ
2950 2202 3007 2234 τε
3044 2183 3397 2252 προσϐάλλειν
3427 2184 3502 2252 τῷ
3534 2182 3754 2253 ούρανῷ
3785 2200 3869 2234 το-

2304 2277 2473 2346 σούτῳ
2499 2277 2649 2346 τάχει
2671 2276 2817 2329 κινού
2829 2292 3005 2345 μενον,
3036 2274 3174 2326 ὥστε
3200 2277 3253 2325 ἐν
3281 2274 3378 2342 ἴσῳ
3403 2275 3578 2343 χρόνῳ
3605 2277 3666 2326 τό
3694 2294 3749 2327 τε
3781 2293 3871 2326 πε-

2304 2369 2607 2441 ρικείμενον
2639 2369 2794 2438 σῶμα
2818 2408 2832 2432 ,
2867 2367 3112 2427 καὶτοὺς
3152 2367 3209 2417 ὲν
3250 2365 3460 2435 οὐρανῷ
3501 2365 3740 2436 ἀστέρας
3778 2383 3872 2416 κα-

2301 2460 2754 2530 ταμανθάνεσθαι.
2789 2461 2897 2512 Kal.
2923 2459 2974 2511 τί
3005 2458 3084 2510 δεῖ
3110 2457 3275 2510 τᾶλλα
3308 2457 3484 2524 λέγειν
3518 2455 3633 2523 (22)
3662 2472 3676 2516 ;
3718 2456 3872 2507 Ἀλλά

2304 2553 2442 2604 αὐτὰ
2469 2552 2536 2604 τὰ
2562 2553 2654 2604 τοῦ
2699 2552 2790 2604 νοῦ
2832 2554 3124 2623 κινήματα,
3174 2550 3398 2620 πότερον
3437 2546 3643 2610 κτίζειν
3675 2547 3709 2615 ἢ
3751 2564 3872 2614 γεν-

2305 2644 2400 2711 νᾷν
2427 2641 2665 2709 πέφυκεν
2709 2647 2741 2711 ἡ
2771 2643 2944 2712 ψυχὴ,
2977 2643 3056 2704 τίς
3090 2643 3153 2695 ἂν
3188 2641 3427 2711 ἀκριϐῶς
3462 2641 3637 2703 eia-:et;
3676 2638 3743 2690 Τί
3784 2633 3872 2690 οὖν

2308 2731 2616 2802 Θαυμαστὸν
2660 2734 2752 2784 καὶ
2803 2734 3050 2802 περὶτοῦ
3095 2733 3249 2799 ἁγίου
3288 2732 3604 2801 Πνεύματος
3649 2732 3872 2783 ἀνεπαι-

2311 2824 2547 2894 σχύντως
2581 2825 2726 2894 ἡμᾶς
2775 2823 2870 2892 τὴν
2922 2824 3138 2889 ἄγνοιαν
3185 2822 3499 2890 ὁμολογείν;
3551 2823 3650 2892 τὴν
3697 2822 3874 2891 μέντοι

2309 2917 2712 2988 ἀναντιρῤήτως
2757 2913 2902 2984 αύτῴ
2941 2914 3529 2985 προσμαρτυρουμένην
3569 2913 3873 2980 ὃοξολογίαν

2310 3011 2649 3075 ἀποδιδόναι;
2691 3010 2808 3062 ’Ότι
2856 3008 2952 3079 μὲν
3000 3007 3107 3077 γὰρ
3151 3005 3292 3076 ὑπὲρ
3340 3005 3436 3075 τὴν
3479 3005 3657 3057 κτίσιν
3709 3006 3872 3064 ἐστὶν,

657 3115 772 3154 ram
804 3113 922 3154 esse
957 3098 1088 3153 satis
1139 3096 1290 3152 nobis
1331 3096 1740 3155 demonstrant,
1773 3090 2205 3160 quandoquidem

2313 3101 2508 3164 ἱκανῶς
2541 3104 2672 3172 ἡμῖν
2704 3100 2992 3171 παρίστησι
3027 3099 3095 3152 τὰ
3124 3098 3209 3152 διὰ
3241 3098 3346 3150 τῶν
3381 3097 3612 3169 Γραφῶν
3645 3097 3872 3168 παραδι-

660 3191 775 3245 fieri
818 3205 922 3244 non
954 3198 1146 3258 potest,
1199 3197 1265 3247 ut,
1297 3187 1348 3240 id
1379 3188 1522 3255 quod
1551 3184 1875 3246 sanctificat,
1903 3191 1958 3234 et
2002 3197 2062 3235 ea
2095 3196 2211 3249 qua:

665 3283 1088 3342 sanctificantur,
1120 3282 1168 3332 id
1201 3281 1344 3346 quod
1374 3281 1526 3331 docet
1547 3317 1561 3342 ,
1595 3287 1648 3331 et
1679 3293 1741 3330 ea
1779 3292 1899 3344 qua:
1933 3277 2211 3340 docentur,

666 3376 719 3429 id
750 3373 890 3442 quod
938 3371 1155 3432 revelat,
1203 3379 1256 3421 et
1283 3384 1347 3422 ea
1397 3384 1516 3436 quae
1570 3369 1893 3422 revelatione
1952 3367 2210 3436 indigent,

666 3467 904 3535 ejusdem
954 3463 1063 3518 sint
1117 3472 1343 3516 naturae.
1408 3458 1573 3512 Nemo
1629 3469 1805 3512 autem
1858 3460 1936 3513 sic
1990 3474 2215 3530 prorsus

662 3561 885 3613 demens
934 3557 1041 3621 est,’
1088 3554 1352 3623 utalium
1397 3561 1592 3621 praeter
1635 3551 1800 3604 Deum
1842 3554 2213 3604 universorum

664 3652 857 3704 audeat
914 3649 1207 3718 ingenitum
1262 3645 1568 3715 appellare,
1640 3652 1693 3694 at
1760 3656 1932 3710 neque
1986 3641 2214 3707 Filium,

663 3742 806 3809 quod
853 3756 988 3794 unus
1031 3740 1102 3792 sit
1153 3738 1488 3807 Unigeuitus.
1547 3734 1825 3802 Quomodo
1873 3734 2035 3801 igitur
2092 3749 2212 3788 eum

664 3831 844 3885 vocari
893 3831 1141 3901 oportet?
1183 3830 1442 3900 Spiritum
1478 3840 1722 3882 sanetum
1752 3868 1766 3891 ,
1804 3826 2063 3895 Spiritum
2096 3827 2210 3890 Dei,

668 3920 930 3989 Spiritum
980 3921 1242 3982 veritatis,
1298 3922 1388 3988 qui
1431 3919 1663 3973 mittitur
1711 3933 1740 3970 a
1793 3917 1926 3984 Deo,
1962 3919 2214 3987 suppedi—

670 4019 809 4066 tatur
833 4027 928 4082 per
961 4011 1155 4067 Filium
1192 4029 1205 4064 :
1240 4025 1344 4062 non
1383 4023 1597 4064 servum
1618 4046 1633 4071 ,
1673 4007 1768 4061 sed
1807 4017 2050 4061 sanctum
2077 4051 2091 4071 ,
2120 4007 2215 4061 bo-

669 4119 816 4169 num,
848 4100 1222 4171 principalem,
1250 4098 1507 4168 Spiritum
1538 4096 1923 4160 vivificantem,
1954 4096 2212 4163 Spiritum

667 4193 992 4261 adoptionis,
1023 4194 1264 4247 omnium
1293 4206 1413 4261 qua:
1441 4190 1532 4244 Dei
1555 4199 1680 4244 sunt
1701 4203 1948 4258 gnarum.
1979 4187 2071 4242 Sic
2102 4203 2217 4255 pro-

669 4287 808 4341 fecto
839 4286 889 4338 in
925 4283 1189 4339 Trinitate
1231 4282 1642 4337 conservabitur
1678 4280 1900 4334 unitatis
1941 4280 2080 4332 ratio
2104 4320 2118 4340 ,
2170 4280 2214 4331 si

670 4391 831 4429 unum
863 4375 1095 4438 Patrem,
1137 4389 1299 4427 unum
1339 4371 1553 4434 Filium,
1585 4387 1750 4426 unum
1781 4370 2040 4440 Spiritum
2085 4385 2210 4425 san-

670 4477 816 4522 ctum
843 4465 1212 4519 conﬁteamur.

741 4559 792 4611 7.
829 4554 1080 4610 Jamvero
1109 4552 1336 4608 afferunt
1361 4562 1679 4620 argumenta
1707 4591 1722 4616 ,
1754 4551 1950 4620 quibus
1991 4551 2216 4606 demon-

670 4661 846 4705 strent
879 4647 1136 4717 Spiritum
1163 4655 1405 4698 sanctum
1431 4645 1631 4698 dictum
1662 4643 1827 4696 fuisse
1861 4652 2165 4698 creaturam
2201 4660 2213 4694 :

673 4759 834 4797 unum
868 4742 1080 4811 quidem
1113 4755 1174 4794 ex
1205 4740 1462 4808 preplteta
1490 4737 1731 4792 dicente:
1756 4735 1857 4799 Qui
1879 4739 2053 4805 ﬁrmat
2084 4737 2220 4790 toni-

672 4847 862 4896 truum,
881 4843 925 4886 et
943 4846 1075 4886 creat
1090 4834 1328 4902 spiritum
1341 4830 1383 4860 “
1403 4848 1416 4884 :
1432 4832 1654 4886 alterum
1667 4827 1830 4897 278
1842 4844 2039 4884 veroex
2057 4829 2221 4884 Evan-

744 5012 788 5041 “
827 5013 990 5064 Amos
1023 5024 1094 5073 Iv,
1128 5009 1214 5061 l5.

746 5197 855 5265 (i9)
889 5195 1060 5249 Editio
1090 5194 1262 5265 Paris.
1286 5192 1591 5263 ἀγέννητον.
1629 5192 1765 5246 Ἀλλ’
1789 5191 1887 5265 οῦκ
1907 5193 2220 5262 ἀγέννητος.

675 5263 769 5331 Εἷς
795 5263 923 5335 γάρ.
950 5265 1125 5320 l'lditio
1148 5264 1280 5319 Ven.
1316 5277 1373 5335 et
1398 5267 1633 5333 quinque
1672 5263 1930 5335 mss._ita,
1959 5276 2019 5317 ut
2041 5265 2212 5335 edidi-

679 5331 819 5391 mus.
846 5331 1038 5390 Totum
1093 5336 1242 5400 illud,
1276 5334 1367 5388 ἐὰν
1418 5331 1500 5405 μὴ
1553 5337 1767 5405 κτίσμα,
1811 5333 1986 5388 ἐστίν·
2022 5331 2216 5386 οὐκοῦν

676 5407 941 5478 γέννημα,
967 5417 1095 5469 etc.,
1124 5407 1370 5478 usquead
1397 5403 1794 5478 verba_B_asili_i,
1828 5418 1924 5478 nec
1948 5407 1999 5478 in
2029 5415 2216 5456 nostro

677 5474 860 5530 codice
899 5475 1230 5537 Colbertino,
1265 5491 1361 5528 nec
1390 5475 1524 5542 apud
1555 5475 1855 5527 Fabricium
1888 5474 2099 5541 legitur.

750 5545 858 5615 (20)
892 5547 964 5598 Ita
1009 5562 1138 5599 mss.
1170 5546 1496 5612 antiquiores
1528 5555 1580 5599 et
1609 5545 1755 5615 editi.
1806 5543 1906 5615 Alii
1942 5557 2048 5615 tres
2082 5556 2212 5595 mss.

682 5610 953 5684 Βθζξίἴτὴν
988 5616 1238 5684 ἀγνοιανθ
1302 5610 1484 5684 ἐπειδὴ
1517 5615 1572 5667 δὶ
1608 5610 1722 5666 οἶδα
1756 5614 1985 5684 μυρία...
2019 5614 2215 5666 ἀποκε-

679 5685 937 5757 κρύφθαι,
963 5697 1023 5757 et
1048 5688 1117 5757 ita
1149 5689 1346 5757 legerat
1368 5689 1653 5754 interpres.

750 5757 858 5825 (ﬁl)
890 5755 1024 5811 Editi
1054 5755 1130 5808 ἔτι
1160 5755 1240 5825 δή.
1271 5757 1334 5807 At
1360 5771 1485 5810 mss.
1509 5753 1735 5825 quatuor
1770 5753 1846 5807 ἔτι
1878 5755 1956 5809 δέ.

2318 3193 2511 3261 δόμενα
2560 3193 2692 3261 (25),
2728 3193 2911 3261 ὲπειδή
2964 3209 3025 3258 γε
3075 3192 3330 3245 ἀδύνατον
3376 3189 3474 3259 τῆς
3525 3189 3695 3259 αὐτῆς
3744 3184 3875 3240 εἶναι

2320 3284 2531 3352 φύσεως
2562 3285 2620 3336 τό
2653 3302 2711 3336 τε
2747 3284 2966 3353 ἁγιάζον
3010 3284 3103 3336 καὶ
3143 3284 3211 3335 τά
3242 3280 3596 3350 ἁγιαζόμενα,
3642 3280 3703 3332 τὸ
3737 3278 3875 3332 διδα-

2320 3392 2444 3428 σκον
2484 3377 2576 3428 καὶ
2622 3375 2688 3427 τὰ
2735 3374 3114 3443 διδασκόμενα,
3157 3373 3217 3423 τὸ
3249 3369 3629 3424 ἀποκαλύπτον
3677 3370 3776 3423 καὶ
3813 3368 3876 3421 τὰ

2316 3465 2412 3534 τῆς
2439 3463 2831 3532 ἀποκαλύψεως
2857 3463 3241 3532 προσδεόμενα.
3284 3459 3598 3529 ’Δγέννητον
3625 3458 3683 3511 δὲ
3707 3457 3875 3519 οὐδεὶς

2316 3554 2483 3618 οὕτως
2512 3554 2614 3618 ἔξω
2646 3553 2920 3616 παντελῶς
2953 3557 3065 3606 ἐστι
3106 3551 3199 3604 τοῦ
3236 3554 3465 3620 φρονεῖν,
3501 3550 3644 3603 ὥστε
3675 3551 3874 3620 τολμῆ-

2321 3661 2406 3697 σαι
2436 3646 2619 3716 ἕτερον
2649 3646 2785 3714 πλὴν
2813 3644 2904 3697 τοῦ
2939 3645 3069 3699 Θεοῦ
3104 3643 3210 3696 τῶν
3240 3643 3372 3696 ὅλων
3408 3643 3878 3714 προσαγορεῦσαι,

2317 3735 2450 3789 ἀλλά
2482 3737 2587 3807 μὴν
2623 3736 2742 3788 οὐδὲ
2776 3737 2922 3800 Υίὸν,
2954 3737 3029 3808 τῷ
3056 3737 3150 3789 ἕνα
3178 3729 3315 3786 εἶναι
3349 3734 3438 3785 τὸν
3479 3735 3790 3804 Μονογενῆ.
3818 3734 3875 3785 Τί

2316 3823 2406 3880 οῦν
2435 3827 2565 3880 αὐτὸ
2587 3826 2689 3896 χρὴ
2713 3825 2896 3879 καλεῖν
2921 3827 3030 3895 (24)
3052 3843 3065 3890 ;
3090 3823 3310 3892 Πνεῦμα
3328 3826 3503 3891 ᾰγιον,
3529 3824 3627 3876 καὶ
3658 3824 3877 3894 Πνεῦμα

2315 3917 2470 3981 Θεοῦ,
2518 3917 2610 3970 καὶ
2641 3915 2858 3985 Πνεῦμα
2909 3915 3183 3986 ἀληθείας,
3226 3912 3684 3983 ἀποστελλόμενον
3733 3912 3877 3984 rupi

2314 4009 2468 4074 Θεοῦ,
2495 4008 2580 4063 διὰ
2615 4005 2738 4061 Υίοῦ
2769 4005 3188 4078 χορηγούμενον,
3221 4006 3279 4057 οὐ
3325 4004 3527 4068 δοῦλον,
3558 4003 3674 4057 ἀλλ’
3705 4005 3877 4072 ἆγιον,

2315 4101 2534 4168 ἀγαθὸν,
2591 4099 2948 4170 ἡγεμονικόν·
3009 4096 3231 4167 Πνεῦμα
3286 4094 3601 4159 ζωοποιοῦν,
3658 4095 3875 4164 Πνεῦμα

2318 4191 2602 4253 υἱοθεσίας,
2638 4191 2992 4260 ἐπιστάμενον
3019 4190 3195 4240 πάντα
3227 4187 3294 4238 τὰ
3322 4185 3415 4238 τοῦ
3446 4186 3604 4240 Θεοῦ.
3633 4186 3792 4239 Οῦτω
3819 4187 3875 4254 δὴ

2317 4286 2409 4338 καὶ
2446 4286 2502 4336 ἐν
2547 4285 2656 4351 (25)
2687 4287 2751 4352 τῇ
2795 4282 2981 4351 Τριάδι
3024 4283 3052 4331 ὁ
3080 4272 3179 4348 τῆς
3224 4278 3446 4350 μονάδος
3483 4277 3875 4348 διασωθήσεται

2315 4375 2488 4444 λόγος,
2520 4375 2615 4426 ἕνα
2646 4374 2743 4443 μὲν
2776 4372 2994 4444 Πατέρα
3022 4370 3440 4443 ὁμολογούντων,
3473 4371 3569 4424 καὶ
3597 4371 3696 4424 ἕνα
3731 4371 3872 4432 Υἰδν,

2250 4451 2291 4504 Ῑ)
2321 4467 2412 4518 καὶ
2441 4465 2498 4517 ἒν
2528 4463 2748 4534 Πνεῦμα
2783 4463 2955 4531 ἀγιον.

2384 4559 2436 4611 7.
2477 4558 2771 4628 Κομίζουσι
2798 4557 2854 4610 δὲ
2880 4555 3200 4618 ἀποδείξεις,
3237 4553 3371 4624 πρὸς
3402 4553 3465 4606 τὸ
3497 4553 3710 4621 κτίσμα
3739 4551 3874 4620 εἰρῆ-

2325 4651 2444 4704 σθαι
2473 4651 2532 4702 τὸ
2561 4651 2781 4719 Πνεῦμα
2805 4648 2865 4700 τὸ
2891 4648 3062 4714 ἆγιον,
3093 4646 3216 4716 μίαν
3263 4646 3357 4715 μὲν
3391 4647 3454 4695 ὲκ
3481 4644 3576 4695 τοῦ
3607 4643 3874 4713 προφήτου

2323 4742 2590 4809 λέγοντος·
2622 4741 2675 4790 Ὀ
2702 4735 2958 4804 στερεῶν
2971 4737 3258 4803 βροντὴν,
3282 4732 3380 4785 καὶ
3399 4730 3608 4789 κτίζὶυν
3632 4730 3872 4799 πνεῦμα

2327 4831 2513 4902 ἑτέραν
2541 4830 2595 4882 δὲ
2624 4829 2721 4899 τὴν
2749 4831 2811 4880 ἐκ
2838 4826 2929 4879 τοῦ
2957 4824 3283 4894 Εὑοιγγελίου
3318 4823 3420 4885 ὅτι,
3456 4819 3662 4874 Πάντα
3684 4820 3757 4872 δι’
3786 4821 3877 4871 αὑ·-

2396 5189 2508 5262 (22.)
2539 5188 2719 5243 Codex
2769 5186 2924 5262 Coll).
2971 5187 3081 5262 Ka}.
3108 5185 3161 5236 τί
3195 5184 3276 5262 δεῖ
3309 5180 3484 5262 ’πολλά
3538 5179 3754 5262 λέγειιϋ
3783 5181 3869 5262 Αἰξί

2326 5247 2540 5326 quidam
2569 5273 2698 5311 mss.
2724 5255 2793 5308 τὰ
2843 5257 2997 5310 ἄλλα.
3032 5257 3170 5326 Μοκ-
3195 5255 3320 5326 editi
3362 5247 3735 5326 Θαυμαστὺνῇ
3770 5253 3865 5326 καί.

2323 5318 2472 5384 Unus
2513 5344 2614 5382 ms.
2643 5326 2950 5396 θαυμαστὸν
2983 5328 3031 5377 εί
3082 5324 3190 5377 καί.
3226 5325 3326 5377 Alii
3389 5334 3518 5373 mss.
3572 5318 3868 5390 θαυμαστὸν

2322 5399 2498 5537 ML(g5)
2526 5468 2655 5541 li_eg.
2685 5475 2908 5541 quartus
2932 5463 3161 5541 Γραφῶν
3186 5460 3613 5541 παραδεδομένα.

2394 5528 2504 5606 (24)
2552 5528 2902 5602 Ρςῖνεηιιθιοι·
2935 5528 3192 5590 librorum
3239 5528 3586 5600 antiquunm)
3630 5534 3738 5601 χρὴ
3791 5528 3863 5581 λέ-

2320 5627 2454 5678 γειν.

2391 5679 2501 5759 (25)
2530 5676 2668 5759 Etliti
2685 5675 2843 5759 961w
2870 5677 2914 5730 δ’
2945 5675 3008 5729 ἂν
3033 5675 3126 5728 καὶ
3157 5676 3232 5729 ὲν.
3265 5671 3396 5742 Reg.
3430 5672 3625 5728 tertius
3645 5680 3697 5724 et
3724 5665 3854 5722 Coll).

2323 5759 2380 5805 ut
2410 5756 2459 5803 iu
2484 5756 2760 5805 contextu.
