4088 6318
193 370 308 426 669

1288 357 1657 415 ADVERSUS
1695 355 2060 414 EUNOMIUM
2097 358 2226 414 LIB.
2269 358 2360 414 Ill.

3305 363 3413 420 670

182 485 301 539 τοῦ
326 483 579 553 ἐγένετο.
617 479 805 551 Ἡμεῖς
832 478 888 532 δὲ
909 478 999 532 τὸν
1019 480 1352 550 προφητικὸν
1375 480 1531 547 λόγον
1553 479 1653 531 οὐκ
1680 479 1759 541 εἰς

1867 478 2004 548 gelio
2043 497 2055 532 :
2101 478 2292 533 Omnia
2321 494 2413 546 per
2457 478 2626 548 ipsum
2666 479 2806 547 facta
2840 479 3048 537 sunt".
3091 482 3160 536 At
3193 485 3414 555 prophe-

179 578 254 631 τὸ
309 576 529 646 Πνεῦμα
566 573 626 627 τὸ
665 573 837 641 ἅγιον,
889 572 1003 626 ἀλλ’
1055 573 1134 634 εἰς
1182 571 1282 642 τὴν
1332 569 1513 642 κοινὴν
1557 569 1758 640 ταύτην

181 669 391 738 πνοὴν,
432 666 492 717 τὸ
528 663 622 717 τοῦ
661 664 819 735 ἀέρος
873 662 1106 732 πνεῦμα,
1158 660 1498 732 πεπείσμεθα
1548 661 1754 730 φέρειν.

172 757 361 826 Δῆλον
402 755 456 807 δὲ
490 751 716 806 ἐκεῖθεν.
749 753 822 804 Οὐ
857 750 963 822 γὰρ
994 747 1164 813 εἶπεν,
1206 750 1262 802 Ὀ
1287 750 1478 812 κτίσας
1520 748 1754 818 πνεῦμα,

177 844 309 897 ἀλλ’
355 845 408 894 '0
442 840 645 902 κτίζων
676 839 924 908 πνεῦμα.
971 839 1056 901 Ὠς
1087 838 1195 909 γὰρ
1239 841 1272 909 ὴ
1324 837 1516 908 βροντὴ
1565 837 1662 890 οὐκ
1701 839 1757 888 ὲν

183 934 489 988 ὑποστάσει
528 933 631 986 τινί
666 933 777 983 ὲστι
812 933 1092 1001 σωματικῇ
1127 931 1273 995 ἅπαξ
1305 930 1605 991 κτισθεῖσα,
1643 928 1757 981 ἀλλ’

177 1026 283 1077 ἀεὶ
307 1024 441 1097 πρὸς
472 1027 532 1076 τὸ
557 1021 646 1076 τοῦ
681 1021 815 1073 Θεοῦ
851 1021 1094 1092 βούλημα
1124 1022 1215 1074 ἐπὶ
1241 1021 1390 1091 φόϐῳ
1414 1021 1521 1074 τῶν
1550 1019 1757 1090 ἀνθρώ-

180 1133 312 1172 πων
353 1115 717 1187 ἐνεργουμένη
758 1113 1000 1181 γίνεσθαι
1033 1113 1125 1166 καὶ
1155 1113 1464 1168 διαλύεσθαι
1496 1113 1756 1181 πέφυκεν,

177 1207 334 1260 οὕτω
381 1205 562 1260 καὶτὸ
608 1202 822 1273 πνεῦμα
871 1203 1018 1274 (26)·
1066 1203 1159 1256 νῦν
1207 1204 1305 1275 μὲν
1352 1203 1559 1272 γίνεται
1604 1203 1758 1272 δίκην

181 1298 436 1369 ποταμοῦ
471 1296 681 1366 ῥέοντος
708 1293 802 1347 τοῦ
832 1295 1023 1365 ἀέρος·
1058 1294 1218 1347 πάλιν
1253 1294 1310 1347 δὲ
1339 1293 1570 1348 παύεται
1600 1295 1759 1364 ἀτρε-

184 1391 422 1461 μοῦντος
448 1385 538 1440 τοῦ
573 1386 832 1458 πρότερον
871 1387 1210 1453 κινουμένου,
1247 1385 1386 1438 κατά
1425 1386 1486 1436 τὺ
1514 1384 1756 1456 βούλημα

179 1481 287 1548 τοῦ
330 1480 400 1532 τὰ
427 1480 604 1533 πάντα
641 1479 731 1531 ἐπὶ
767 1479 1008 1548 σωτηρία
1056 1479 1150 1531 καὶ
1190 1478 1444 1530 συστάσει
1477 1477 1583 1530 τῶν
1623 1477 1756 1530 ὅλων

179 1545 596 1639 οίκονομοῦντος
618 1583 629 1595 ⁸
675 1567 813 1619 ὥστε
846 1545 931 1618 διά
961 1545 1138 1635 πάσης
1175 1566 1272 1637 τῆς
1311 1566 1560 1631 κτίσεως,
1607 1565 1670 1619 ἐκ
1701 1582 1758 1618 τε

184 1661 429 1732 βροντῶν
456 1661 549 1714 καὶ
576 1659 790 1730 ἀνέμων
815 1658 906 1712 καὶ
935 1658 1030 1727 τῆς
1059 1658 1249 1727 λοιπῆς
1283 1658 1641 1729 δημιουργίας
1668 1657 1757 1709 τὸν

179 1752 519 1824 δημιουργὸν
556 1750 1006 1820 ἀναγγέλλεσθαι.
1051 1750 1249 1821 Διόπερ
1281 1749 1417 1820 μετὰ
1455 1750 1514 1801 τὸ
1554 1752 1751 1801 εἰπεῖν·

1867 567 2029 619 ticum
2069 566 2269 620 dictum
2315 582 2421 620 non
2463 567 2530 621 ad
2578 577 2822 623 sanctum
2871 569 3167 638 Spiritum,
3208 576 3302 629 sed
3343 578 3411 631 ad

1858 671 2197 710 communem
2235 660 2377 713 hunc
2421 658 2604 713 ﬂatum
2626 699 2642 725 ,
2677 664 2821 717 aeris
2851 664 3100 718 videlicet
3127 665 3371 734 spiritum
3395 707 3416 736 ,

1857 747 2128 800 credimus
2174 748 2460 817 pertinere.
2518 751 2670 816 Quod
2721 753 2846 806 imle
2893 765 3058 822 patet.
3104 754 3220 809 Non
3268 761 3414 813 enim

1857 837 2012 901 dixit,
2044 838 2144 904 Qui
2174 840 2375 893 creavit
2404 841 2671 910 Spiritum,
2697 844 2812 906 sed,
2850 844 2952 908 Qui
2975 855 3113 899 creat
3146 848 3412 914 spiritum.

1859 929 2316 994 Quemadmodum
2343 933 2486 985 enim
2517 935 2812 988 tonitruum
2839 937 2928 989 ubi
2960 939 3127 992 semel
3163 949 3246 992 est
3268 957 3414 994 crea-

1861 1030 1992 1083 tum,
2028 1020 2079 1073 in
2115 1021 2410 1077 substantia
2455 1024 2684 1092 quadam
2721 1028 2984 1094 corporali
3029 1045 3133 1082 non
3167 1043 3282 1096 est;
3317 1033 3410 1086 sed

1857 1125 2072 1179 semper
2114 1113 2390 1167 voluntate
2438 1115 2529 1170 Dei
2575 1117 2640 1169 ad
2679 1120 2957 1173 terrendos
3003 1119 3255 1176 homines
3287 1138 3412 1191 pro-

1857 1202 2094 1270 ductum,
2127 1204 2238 1258 ﬁeri
2271 1220 2333 1259 ac
2361 1205 2575 1260 dissolvi
2615 1207 2751 1261 solet
2782 1228 2794 1262 :
2831 1210 2899 1262 ita
2936 1222 2994 1264 et
3025 1209 3246 1279 spiritus
3273 1229 3416 1267 nunc

1857 1296 2073 1363 quidem
2104 1297 2181 1363 lit,
2213 1295 2413 1351 ﬂuente
2436 1297 2606 1350 instar
2625 1298 2860 1354 ﬂuminis
2884 1316 3038 1355 aere:
3075 1318 3263 1358 rursus
3289 1319 3416 1358 vero

1856 1395 2032 1441 cessat
2074 1395 2222 1451 tum,
2257 1403 2378 1442 cum
2417 1389 2558 1457 quod
2599 1389 2747 1455 prius
2783 1393 3096 1447 movebatur
3143 1395 3413 1463 quiescit,

1857 1477 2153 1531 secundum
2212 1478 2538 1534 voluntatem
2587 1479 2742 1548 ejus,
2795 1482 2883 1548 qni
2921 1484 2986 1534 ad
3039 1485 3413 1538 universorum

1859 1568 2281 1624 incolumitatem
2310 1575 2881 1644 conservationemque
2904 1575 3170 1644 gubernat
3205 1579 3408 1642 omnia,

1859 1670 1916 1712 ut
1965 1675 2060 1729 per
2099 1675 2311 1715 omnem
2353 1673 2655 1718 creaturam
2689 1675 2742 1720 et
2775 1666 3026 1720 tonitruis
3066 1679 3119 1720 et
3164 1671 3339 1727 ventis
3363 1680 3418 1724 et

1860 1749 2079 1817 reliquis
2108 1751 2364 1820 Operibus
2392 1754 2637 1807 conditor
2669 1756 3043 1809 annuntietur.
3074 1756 3416 1826 Quapropter

195 1845 266 1899 Ὀ
315 1842 572 1913 στερεῶν
623 1841 925 1909 βροντὴν,
977 1842 1073 1895 καί
1110 1841 1313 1902 κτίζων
1357 1843 1606 1911 πνεῦμα,
1655 1859 1755 1912 φη-

1865 1843 2139 1901 postquatn
2178 1835 2349 1888 dixit:
2383 1834 2485 1900 Qui
2510 1837 2683 1904 ﬁrmat
2719 1840 3005 1892 tonitruum
3041 1852 3086 1894 et
3133 1853 3272 1895 creat
3303 1845 3415 1910 spi-

185 1937 300 1990 σίν·
350 1936 458 1990 Καὶ
504 1933 893 2003 ἀπαγγέλλων
942 1934 1067 2000 τοῖς
1114 1933 1442 2002 ἀνθρώποις
1488 1935 1590 1988 τὸν
1631 1937 1755 2002 Χρι-

182 2029 346 2080 στέν
390 2025 593 2081 αὑτοῦ.
637 2025 722 2087 Ὠς
764 2024 870 2092 γὰρ
898 2026 946 2078 οί
991 2025 1207 2097 οὐρανοί
1253 2024 1557 2096 διηγοῦνται
1602 2024 1756 2087 δόξαν

183 2117 328 2170 Θεοῦ
370 2121 480 2178 τοῖς
521 2115 833 2186 δυναμένοις
881 2117 936 2182 ἐξ
977 2116 1154 2169 αὐτῶν
1178 2117 1275 2186 τὴν
1300 2117 1389 2169 τοῦ
1429 2116 1756 2187 δημιουργοῦ

181 2207 389 2276 τέχνην
435 2203 869 2272 ἀναλογίζεσθαι,
905 2204 1046 2258 οὕτω
1089 2207 1181 2258 καὶ
1223 2205 1446 2275 βροντῆς
1473 2202 1614 2275 ἦχοι,
1666 2206 1755 2258 καὶ

186 2297 518 2366 πνευμάτων
576 2298 836 2366 κινήσεις,
886 2295 974 2348 τὸν
1027 2296 1350 2365 δημιουργὸν
1401 2296 1576 2347 αὐτῶν
1627 2297 1754 2346 ἁνα-

184 2388 545 2460 κηρύττουσι.
572 2389 722 2458 Τάχα
760 2388 803 2440 δ’
852 2387 916 2440 ἂν
962 2385 1117 2438 τοῦτο
1163 2389 1255 2438 καὶ
1296 2386 1596 2456 προφητεία
1642 2387 1755 2455 εἴη,

189 2482 333 2552 πρὸς
399 2481 497 2552 τὴν
571 2479 978 2550 ὲνανθρώπησιν
1049 2476 1141 2528 τοῦ
1204 2477 1407 2548 Κυρίου
1478 2477 1754 2549 φέρουσα·

187 2574 282 2624 ὅτε
344 2575 378 2643 ἡ
444 2574 538 2641 μὲν
590 2570 759 2639 φωνὴ,
813 2572 844 2639 ὴ
909 2569 1170 2640 γενομένη
1231 2568 1344 2639 (27)
1398 2567 1456 2632 ἐξ
1511 2571 1758 2642 οὐρανοῦ,

191 2664 394 2734 βροντὴ
436 2661 604 2712 ἐδόκει
641 2663 753 2721 τοῖς
794 2659 1088 2712 ἀκούσασιν
1130 2655 1289 2724 εἶναι,
1327 2660 1514 2729 ἥντινα
1555 2661 1761 2728 ἀφῆκεν

187 2760 217 2808 ὁ
271 2755 410 2816 Θεὸς
470 2754 562 2806 καὶ
620 2753 845 2825 Πατὴρ,
902 2752 1039 2805 ὥστε
1100 2753 1165 2805 δι’
1217 2752 1386 2820 αὐτῆς
1443 2753 1760 2820 ἀναγγεῖλαι

188 2846 288 2898 τὸν
331 2846 560 2916 Χριστὸν
608 2848 717 2908 τοῖς
766 2843 1096 2914 ἀνθρὼποις’
1145 2843 1215 2896 τά
1258 2843 1314 2895 δὲ
1366 2843 1649 2912 πνεύματα
1694 2843 1760 2895 τὰ

190 2937 518 3007 κινούμενα,
549 2938 643 2990 καὶ
685 2937 778 3007 τὴν
823 2937 1093 2992 θάλασσαν
1139 2935 1596 3007 συνταράσσοντα,
1648 2930 1761 2986 εἶτα

193 3030 513 3082 κοπάσαντα
555 3030 633 3098 τῷ
674 3029 1048 3098 προστάγματι
1072 3026 1163 3079 τοῦ
1195 3027 1420 3098 Κυρίου,
1454 3026 1639 3094 σαφῶς
1672 3027 1761 3078 καὶ

193 3121 342 3172 αὐτὰ
386 3117 668 3186 ἀνήγγειλε
706 3119 814 3177 τοῖς
864 3115 1172 3196 ἀνθρώποις
1204 3116 1293 3168 τὸν
1329 3115 1557 3186 Χριστὸν
1575 3116 1756 3168 αὑτοῦ.

195 3211 274 3263 Τὸ
299 3210 376 3273 δὲ,
411 3207 609 3259 Πάντα
636 3206 706 3257 δι’
737 3207 919 3260 αὑτοῦ
936 3207 1190 3276 ἐγένετο,
1220 3207 1466 3277 οὐδαμῶς
1490 3209 1622 3277 ἡμῖν
1653 3226 1764 3261 κτι-

195 3302 327 3354 στὸν
349 3296 484 3353 εἶναι
529 3299 589 3352 τὸ
623 3299 844 3370 Πνεῦμα
872 3300 931 3351 τὸ
971 3299 1121 3368 ἀγιον
1154 3300 1498 3368 παρίστησιν,
1534 3300 1607 3363 ὡς
1639 3317 1761 3351 συν-

196 3389 598 3461 αριθμουμένου
632 3394 741 3453 τοῖς
768 3392 901 3444 πᾶσι
943 3390 1035 3442 τοῦ
1091 3388 1426 3457 Πνεύματος.
1463 3390 1524 3440 Εἰ
1570 3389 1677 3459 γὰρ
1707 3388 1763 3439 ἓν

196 3481 426 3553 Πνεῦμα
465 3483 614 3551 ἆγιον
648 3484 741 3535 καὶ
771 3483 948 3552 μόνον,
990 3482 1104 3544 πῶς
1144 3481 1170 3532 ὃ
1200 3482 1295 3551 τῆς
1330 3479 1621 3550 μοναδικῆς
1651 3482 1763 3534 ἐστι

199 3574 440 3643 φύσεως,
499 3577 610 3636 τοῖς
660 3575 792 3625 πᾶσι
839 3573 1468 3643 συμπαραλαμϐάνεσθαι
1511 3572 1764 3638 δύναται;

196 3669 313 3719 Καὶ
351 3667 536 3737 μηδεὶς
577 3665 765 3717 οἰέσθω
817 3665 1066 3736 ἀθέτησιν
1105 3664 1241 3717 εἶναι
1280 3666 1379 3733 τῆς
1423 3666 1767 3730 ὑποστάσεως

195 3758 299 3827 τὴν
335 3757 556 3826 ἄρνησιν
582 3755 672 3809 τοῦ
707 3757 905 3828 κτίσμα
931 3753 1065 3810 εἶναι
1112 3755 1171 3808 τὸ
1217 3755 1460 3826 Πνεῦμα.
1498 3757 1767 3822 Εὐσεϐοῦς

198 3849 312 3921 γάρ
355 3850 468 3903 ἐστι
493 3850 721 3914 διανοίας
766 3851 834 3904 τὰ
877 3848 1326 3921 ἀποσιωπηθέντα
1355 3850 1412 3900 ὲν
1439 3852 1558 3908 ταῖς
1586 3849 1768 3918 ἁγίαις

197 3942 448 4012 Γραφαίς
472 3941 811 3994 εὐλαϐεῖσθαι
834 3941 1180 4011 ἐπιφημίζειν
1205 3940 1280 4011 τῷ
1309 3940 1446 4010 ἁγίῳ
1473 3942 1763 4011 Πνεῦματι,

196 4031 495 4086 πεπεῖσθαι
553 4031 609 4084 δὲ
637 4033 733 4102 τὴν
763 4031 1050 4102 ἐμπειρίαν
1098 4032 1260 4084 αὑτοῦ
1300 4032 1391 4083 καὶ
1437 4033 1636 4103 ἀκριϐῆ
1670 4049 1768 4084 κα-

197 4132 436 4202 τάληψιν
490 4133 587 4194 εἰς,
623 4131 712 4183 τὸν
758 4130 978 4200 ὕστερον
1033 4131 1162 4200 ἡμῖν
1217 4127 1535 4180 ἀποκεῖσθαι
1577 4126 1766 4193 αἰῶνα,

199 4228 357 4287 ὅταν,
384 4224 664 4287 διαϐάντες
687 4223 746 4276 τὸ
778 4223 843 4275 δι’
876 4222 1136 4292 ἐσόπτρου
1163 4220 1257 4274 καὶ
1289 4220 1610 4290 αἰνίγματος
1637 4220 1771 4290 ὁρᾷν

1865 1926 2018 1977 ritum
2042 1925 2107 1990 ³⁸,
2135 1926 2208 1978 ait
2247 1941 2260 1979 :
2292 1926 2358 1980 Et
2393 1929 2481 1996 qui
2515 1931 2792 1982 annuntiat
2820 1932 3112 1986 hominibus
3155 1933 3414 1988 Christum

1864 2034 2014 2070 suum
2039 2017 2102 2071 ⁸⁵.
2126 2016 2275 2072 Sicut
2297 2020 2437 2072 enim
2460 2021 2577 2074 εαξη
2605 2034 2857 2075 enarrant
2879 2023 3104 2092 gloriam
3136 2025 3227 2080 Dei
3287 2028 3351 2080 iis
3373 2027 3418 2058 “

1864 2106 1951 2173 qui
1982 2121 2045 2160 ex
2072 2107 2201 2176 ipsis
2228 2119 2447 2177 possunt
2480 2112 2772 2166 conditoris
2796 2122 2964 2167 artem
2993 2116 3259 2170 azstimare
3288 2137 3300 2170 :
3336 2118 3416 2171 sic

1865 2195 2022 2248 etiam
2053 2197 2267 2250 tonitrui
2294 2197 2473 2266 fragor
2498 2215 2559 2252 ac
2586 2202 2868 2268 Spirituum
2892 2214 3066 2259 motas
3088 2207 3417 2261 conditorem

1865 2300 2019 2337 suum
2040 2289 2350 2354 praedicant.
2374 2288 2624 2343 Fortasse
2639 2302 2812 2346 autem
2834 2296 2931 2348 hoc
2946 2295 3114 2363 ipsum
3140 2299 3418 2366 praphetia

1864 2386 1966 2442 est,
1991 2393 2106 2446 qua:
2137 2379 2200 2433 ad
2215 2379 2422 2434 Domini
2448 2383 2865 2439 incarnationem
2891 2394 3093 2455 spectat
3117 2405 3134 2454 ;
3154 2388 3420 2458 siquidem

1866 2481 1965 2523 vox
2013 2486 2130 2540 qua:
2161 2471 2226 2525 de
2267 2473 2403 2526 cmlo
2443 2473 2582 2528 facta
2626 2483 2740 2538 est.
2774 2478 3065 2530 tonitruum
3100 2493 3218 2533 esse
3260 2479 3412 2534 vide-

1873 2564 2029 2617 batur
2062 2565 2458 2619 audientibus"
2488 2584 2501 2620 :
2530 2583 2686 2637 quam
2744 2571 2881 2623 Deus
2919 2579 2972 2624 et
3021 2569 3180 2625 Pater
3211 2572 3418 2636 emisit,

1870 2663 1927 2709 ut
1957 2671 2053 2725 per
2081 2673 2197 2711 eam
2231 2657 2502 2712 Christum
2546 2660 2852 2715 hominibus
2897 2664 3263 2716 annuntiaret.
3297 2664 3421 2732 Spi-

1870 2747 2000 2801 ritus
2047 2758 2223 2800 autcm
2277 2750 2366 2816 qui
2417 2749 2630 2802 excitati
2671 2762 2813 2811 sunt,
2847 2761 2900 2805 et
2934 2768 3080 2807 mare
3130 2755 3426 2808 contnrba~

1871 2847 2011 2901 runt,
2044 2837 2134 2892 sed
2160 2839 2496 2907 postmodum
2528 2841 2847 2909 quieverunt
2892 2842 3042 2911 jussu
3073 2843 3307 2911 Domini,
3338 2845 3423 2900 vel

1870 2930 1966 2996 ipsi
2021 2929 2138 2998 ejus
2195 2930 2467 2985 Christum
2525 2933 2836 2989 hominibus
2892 2937 3070 3004 palam
3133 2939 3421 2993 annuntia—

1869 3022 1997 3074 bant
2016 3021 2080 3075 ⁸⁸.
2106 3022 2176 3074 At
2202 3038 2325 3076 vero
2355 3024 2499 3090 illud,
2529 3024 2716 3078 Omnia
2746 3043 2836 3093 per
2857 3026 3022 3092 ipsum
3049 3029 3188 3096 facta
3209 3039 3331 3083 sunt
3352 3029 3421 3095 δ’,

1876 3129 2208 3180 nequaquam
2240 3126 2478 3166 creatum
2534 3129 2652 3168 esse
2682 3116 2940 3182 Spiritum
2973 3126 3220 3170 sanctum
3271 3118 3424 3172 nobis

1869 3203 2119 3268 ostendit,
2148 3203 2300 3270 quasi
2339 3203 2569 3271 Spiritus
2597 3219 2699 3257 una
2737 3221 2854 3257 cum
2885 3205 3133 3262 omnibus
3163 3223 3421 3263 numere-

1871 3311 1975 3351 tur.
2009 3297 2222 3352 Etenim
2268 3299 2314 3352 si
2347 3314 2486 3353 unus
2525 3308 2608 3354 est
2653 3298 2882 3368 Spiritus
2912 3313 3130 3355 sanctus
3171 3313 3223 3356 et
3249 3303 3418 3371 solus,

1868 3391 2133 3459 quomodo
2167 3393 2255 3460 qui
2287 3393 2576 3460 singularis
2621 3393 2897 3461 cujusdam
2931 3405 3132 3448 natura:
3176 3405 3280 3461 est,
3307 3411 3413 3450 una

1870 3498 1992 3536 cum
2025 3483 2272 3536 omnibus
2324 3483 2708 3549 comprehendi
2752 3484 2958 3549 potest?
2984 3484 3049 3537 Et
3095 3500 3249 3539 nemo
3275 3495 3426 3554 putet

1874 3575 2204 3644 hypostasim
2271 3573 2493 3634 aboleri,
2537 3573 2581 3626 si
2640 3573 2898 3642 Spiritum
2955 3584 3256 3631 creaturam
3303 3593 3427 3633 esse

1873 3680 2147 3734 negemus.
2203 3664 2335 3717 Nam
2387 3666 2486 3732 piae
2531 3666 2723 3720 mentis
2759 3678 2861 3730 εει,
2895 3683 3011 3733 quae
3055 3683 3082 3722 a
3130 3669 3428 3739 Scripturis

1873 3757 2072 3810 sanctis
2105 3756 2425 3822 reticentur,
2464 3773 2524 3811 ea
2558 3758 2733 3811 vereri
2770 3759 2833 3812 de
2878 3757 3077 3824 Spiritu
3115 3769 3304 3814 sancto
3336 3763 3418 3814 di-

1871 3864 2032 3902 cere:
2064 3848 2286 3903 credere
2338 3864 2460 3903 vero
2519 3848 2760 3901 notitiam
2813 3847 2950 3915 ejus,
2990 3859 3152 3917 atque
3200 3863 3429 3903 accura-

1872 3951 1976 3994 tam
2013 3940 2542 4010 comprehensionem
2590 3938 2642 3991 in
2688 3937 2927 3991 futurum
2974 3938 3228 3993 saeculum
3274 3939 3427 3993 nobis

1874 4033 2156 4097 reservari,
2192 4048 2333 4097 cum,
2380 4040 2617 4100 tempore
2661 4031 2783 4094 hoc,
2832 4031 2881 4083 in
2931 4045 3035 4100 quo
3096 4030 3292 4085 veritas
3334 4047 3428 4099 per

1876 4128 2149 4197 Speculum
2181 4137 2234 4180 et
2255 4125 2479 4195 :enigma
2506 4124 2796 4185 videtur“,
2828 4132 3116 4186 transaCto,
3147 4135 3266 4174 eam
3299 4135 3428 4173 con-

1882 4221 2281 4290 templationem
2318 4232 2436 4284 quae
2473 4215 2538 4267 ad
2582 4214 2770 4267 faciem
2801 4223 2882 4268 est
2941 4212 3199 4267 fuerimus
3226 4225 3426 4266 consc-

200 4319 304 4388 τὴν
341 4316 612 4387 ἀλήθειαν,
647 4316 742 4385 τῆς
792 4314 926 4384 πρὸς
979 4313 1266 4386 πρόσωπον
1325 4311 1553 4382 θεωρίας
1602 4312 1765 4376 ἀξιω-
1797 4299 1842 4357 ί)
1869 4315 1996 4369 cuti.

202 4410 390 4479 θῶμεν
420 4406 552 4476 (28).

278 4585 328 4615 ⁸³
364 4582 516 4637 Joan.
539 4598 578 4642 ι,
601 4581 653 4634 5.
758 4581 803 4611 ⁸⁵
832 4582 992 4634 Amos
1019 4596 1093 4642 tv,
1122 4578 1209 4633 l3.
1308 4579 1352 4610 “
1377 4577 1505 4630 ibid.

204 4654 248 4686 δί’
286 4652 441 4707 Joan.
475 4668 512 4716 ι,
551 4653 604 4708 5.
679 4651 724 4681 δ’
755 4648 914 4704 lCor.
950 4667 1064 4714 χιιι,
1098 4650 1183 4703 12.

278 4806 392 4876 (26)
422 4808 618 4861 Vocem
646 4804 858 4876 πνεῦμα
887 4819 982 4871 pro
1012 4802 1302 4876 ventoultic
1341 4798 1510 4876 accipi
1545 4798 1759 4876 debere.

203 4871 420 4940 vident,
458 4877 672 4942 Opinor,
721 4871 942 4934 omnes;
997 4887 1096 4926 nec
1139 4873 1296 4926 aliter
1320 4871 1631 4938 accipienda
1678 4879 1760 4921 est

203 4948 1037 5019 eademvoyaliquantopost..
1131 5011 1141 5019 _
1366 5013 1378 5019 _
1463 5009 1473 5019 .
1559 5009 1570 5019 .

276 5017 392 5088 (ἓῖ)
423 5016 556 5088 Editi
587 5017 619 5084 ἡ
645 5011 983 5084 γινομένη...
1015 5011 1318 5088 ἀκούουσιν.
1353 5011 1571 5088 Antiqui
1619 5021 1760 5088 qna-

203 5078 333 5142 tnor
356 5078 478 5141 libri
507 5088 576 5138 ita
601 5078 745 5138 ut'in
776 5078 1025 5138 continuo
1055 5083 1153 5151 legi
1177 5089 1368 5146 potest.
1407 5078 1631 5130 Antinoi
1657 5078 1761 5130 duo

205 5158 331 5211 libri
367 5172 463 5224 pro
488 5154 712 5229 οὐρανοῦ
745 5155 942 5229 habent
974 5151 1261 5229 οὐρανῷἚ,
1402 5218 1425 5229 η
1469 5216 1502 5229 ,,
1614 5213 1636 5222 -
1728 5216 1750 5227 -

275 5216 392 5298 (9-8.)
431 5216 568 5298 Editi
612 5216 1052 5298 ἁξιῳθῶμεν,“ἐεὶ
1092 5216 1641 5298 ξῷ--Χριστῷςῐησοῦ
1685 5216 1761 5298 τῷ

206 5284 398 5369 sane
428 5295 603 5369 ἡμῶν,
643 5284 864 5369 esset»
894 5290 1126 5369 δςξξι,τιῖ›
1147 5284 1346 5369 ina-ie
1513 5284 1588 5365 ῖιῖ)
1621 5284 1760 5369 erit?

207 5358 483 5432 Πνεῦματί
517 5367 610 5420 νῦν
638 5358 731 5417 καὶ
763 5363 846 5420 ἀεὶ
871 5364 961 5414 καὶ
991 5363 1066 5423 εἰς
1091 5362 1213 5422 τοὺς
1248 5359 1447 5422 αἰῶνας
1486 5358 1592 5407 τῶν
1626 5358 1758 5407 αἰώ-

1605 4578 1650 4607 ⁸⁶
1671 4576 1812 4631 Psal.
1853 4590 2004 4630 xvm.
2033 4573 2084 4626 9..

2186 4570 2228 4601 ‘7
2271 4569 2424 4625 Joan.
2451 4584 2547 4630 ιιι,
2587 4567 2676 4620 29.
2786 4566 2830 4597 ⁸³
2852 4566 3036 4621 Matth.
3069 4581 3185 4632 vm,
3217 4564 3308 4633 24,
3333 4563 3422 4621 27.

1866 4815 1990 4850 νων.
2037 4797 2227 4865 Ἀμήν.
2287 4793 2350 4865 In
2379 4791 2596 4865 Christo
2617 4791 2744 4845 Jesn
2772 4791 3017 4865 ‘Domino
3064 4804 3261 4854 nostro,
3309 4811 3425 4846 rum

1863 4883 1964 4934 quo
1999 4861 2258 4934 gloriaest
2293 4862 2443 4914 Patri
2473 4875 2518 4914 et
2558 4861 2780 4934 Spiritui
2815 4876 3016 4934 sancto,
3047 4879 3180 4915 nunc
3212 4873 3258 4915 et
3288 4879 3426 4915 sem-

1861 4932 1971 5000 per.
2002 4932 2051 4986 rt
2079 4936 2131 4984 in
2163 4935 2355 4985 sa'cnla
2390 4934 2719 4985 simularunt.
2743 4932 2928 4984 Amen.
2962 4932 3064 4984 Sed
3099 4934 3209 4984 haec
3244 4933 3423 4994 verba,

1862 5005 1918 5054 ἐν
1942 5005 2018 5072 τῷ
2042 5003 2258 5073 Χριστῷ
2304 5003 2476 5072 Ἰησοῦ
2517 5011 2570 5053 et
2599 5016 2716 5066 qnze
2737 5014 3061 5073 qscqnnntnr
3085 5001 3287 5061 omnia,
3305 5018 3427 5073 rnon

1864 5071 2113 5142 leguntur
2147 5071 2317 5139 neque
2350 5071 2398 5124 in
2448 5073 2684 5142 editione
2737 5071 2865 5123 Ven.
2900 5085 3105 5142 neque
3132 5085 3183 5122 In
3217 5072 3425 5142 codici-

1863 5139 1963 5197 bus
1991 5145 2402 5213 antiquioribus,
2436 5156 2532 5193 nec
2569 5141 2991 5213 dubiumliabeo
3018 5140 3145 5213 quin
3189 5141 3295 5213 sint
3327 5139 3424 5191 ad-

1869 5209 2165 5268 ditamenta
2224 5213 2586 5273 librariorum,
2652 5213 2723 5264 ob
2804 5209 2960 5277 idque
3030 5209 3249 5262 delenda
3303 5221 3427 5263 esse

1869 5285 2172 5340 existimav=
