4078 6316
629 346 733 409 6⁸11

1939 335 1992 391 S.
2040 335 2284 392 BASlLll
2323 329 2540 388 MAGNI

3803 319 3896 376 6ἶί

663 484 3893 516 ________________________.___________..________.._______._——

1829 657 1996 729 279
2030 645 2653 743 MONITUM.

707 1009 824 1064 Jant
861 1010 1094 1065 diximus
1124 1022 1229 1061 non
1263 1007 1455 1063 deesse
1485 1007 1574 1075 qui
1610 1007 1708 1062 hos
1741 1007 1962 1060 ultimos
1988 1003 2125 1058 duos
2155 1003 2322 1058 libros
2355 1011 2612 1059 revocent
2639 1000 2692 1054 in
2722 1001 2942 1057 dubium
2970 1020 2986 1058 :
3018 1005 3112 1059 sed
3141 1013 3449 1071 perpaucos
3502 997 3783 1066 inveniri,
3817 1010 3880 1052 ne

638 1117 742 1171 que
772 1118 866 1157 eos
899 1117 1048 1156 suam
1092 1100 1402 1168 opinionem
1435 1099 1738 1154 rationibus
1772 1099 1904 1151 satis
1946 1095 2117 1150 ﬁrmis
2161 1093 2436 1160 stabilire;
2481 1095 2550 1148 ob
2605 1092 2764 1162 idque
2806 1093 3090 1148 adversam
3119 1092 3435 1161 opinionem
3468 1090 3550 1144 ita
3587 1093 3818 1155 vicisse,
3853 1099 3903 1142 ut

637 1213 755 1252 eam
802 1211 988 1250 onmes
1029 1212 1136 1250 uno
1187 1210 1452 1252 consensu
1499 1195 1730 1261 amplexi
1788 1193 1917 1247 sint.
1952 1193 2160 1246 Rursus
2207 1205 2428 1247 monere
2464 1190 2638 1259 juvat,
2665 1190 2716 1243 id
2746 1197 3126 1258 argumentum
3161 1190 3212 1243 in
3243 1185 3583 1240 Pratl'atione
3617 1190 3725 1241 sub
3753 1187 3902 1242 ﬁnem

639 1288 912 1359 diligentia
948 1305 1110 1359 quam
1140 1291 1288 1346 licuit
1317 1286 1548 1341 maxima
1584 1287 1822 1342 tractari.

643 1458 3854 1484 Μ

1111 1621 1458 1756 ΤΟΥ
1528 1615 2100 1752 ΑΥΤΟΥ
2173 1613 3413 1754 ΑΝΤΙΡΡΗΤΙΚΟΣ

746 1855 856 1908 Καὶ
889 1857 1038 1910 κατὰ
1069 1858 1360 1926 Εὐνομίου
1393 1855 1630 1920 ἀπορίαι
1660 1854 1770 1917 (2m
1802 1853 1899 1906 καὶ
1926 1855 2137 1918 λύσεις
2163 1852 2230 1903 ἐκ
2265 1849 2382 1903 τῶν
2411 1855 2827 1908 θεοπνεύστων
2859 1853 3131 1924 Γραφῶν,
3157 1858 3243 1922 εις
3269 1857 3339 1911 τὰ
3362 1855 3813 1925 ἀντιλεγόμενα

1483 1949 1616 2018 περὶ
1656 1949 1760 2003 τοῦ
1799 1951 1935 2005 Υἰοῦ
1956 1951 2026 2003 ἐν
2051 1947 2123 2016 τῇ
2154 1947 2342 2017 Καινῇ
2373 1937 2469 2003 mil
2507 1950 2737 2018 Παλαιᾷ
2765 1951 3043 2024 Διαθήκῃ,

2003 2115 2363 2203 ΛΟΓΟΣ
2440 2113 2548 2199 Δ.

1076 2457 1708 2574 EJUSDEM
1800 2457 2266 2572 SEBMO
2347 2454 3562 2573 CONFUTATORIUS

731 2679 806 2738 Et
845 2685 1054 2738 contra
1100 2676 1486 2737 Eunomium
1524 2674 1929 2734 difﬁcultates
1967 2693 2037 2736 ac
2068 2677 2424 2736 solutiones
2464 2694 2538 2736 ex
2573 2674 2809 2736 divinis
2842 2675 3218 2753 Seripturis,
3259 2674 3423 2738 circa
3463 2697 3538 2740 ea
3573 2696 3722 2757 quae
3756 2696 3833 2742 ex

1192 2776 1462 2834 adverso
1498 2771 1910 2850 proferuntur
1948 2773 2026 2833 de
2065 2774 2252 2848 Filio,
2280 2775 2341 2834 in
2373 2776 2549 2836 Novo
2578 2794 2647 2839 ac
2681 2778 2894 2839 Veteri
2927 2780 3358 2850 Testamento,

1754 2957 2118 3048 LIBER
2189 2959 2778 3063 QUARTUS.

727 3292 779 3345 1.
816 3288 874 3342 Si
920 3287 1092 3340 Filius
1129 3295 1316 3338 natura
1351 3283 1491 3338 Deus
1529 3293 1631 3344 est,
1667 3284 1806 3336 Deus
1851 3293 2032 3337 autem
2059 3296 2139 3339 est
2172 3294 2226 3339 et
2253 3297 2300 3352 Α

655 3380 814 3437 Pater
858 3387 1048 3432 natura
1083 3393 1097 3430 :
1132 3392 1235 3428 non
1288 3375 1446 3428 aliter
1498 3374 1668 3433 Filius
1727 3375 1863 3428 Deus
1923 3386 2023 3437 est,
2065 3374 2220 3429 aliter

655 3472 834 3535 Pater,
866 3470 959 3524 sed
1007 3467 1253 3522 similiter
1281 3482 1295 3530 ;
1325 3471 1406 3520 sin
1442 3475 1620 3519 autem
1676 3465 1844 3519 Filius
1875 3482 1980 3519 non
2031 3479 2220 3521 natura

655 3564 798 3618 Deus
844 3571 948 3625 est,
985 3570 1042 3612 ut
1087 3559 1122 3612 ii
1165 3563 1253 3628 qui
1301 3558 1438 3612 falso
1487 3558 1557 3613 dii
1617 3558 1984 3628 appellantur,
2030 3560 2226 3614 dicitur

657 3653 822 3716 Deus,
859 3668 958 3706 nec
1005 3663 1086 3703 est
1130 3664 1328 3704 tamen.
1383 3647 1438 3702 Si
1475 3649 1641 3702 Filius
1673 3665 1813 3703 unus
1861 3649 2116 3702 Dominus
2147 3658 2228 3702 est

657 3756 872 3807 natura,
914 3745 956 3796 si
989 3744 1150 3796 Pater
1181 3757 1397 3810 qucque
1450 3751 1641 3793 natura
1692 3742 1950 3795 Dominus
1976 3752 2075 3804 est,
2101 3755 2225 3809 pro-

661 3837 802 3890 fecto
849 3850 954 3890 non
996 3834 1100 3886 alia
1150 3842 1364 3884 natura.
1431 3832 1497 3884 Et
1543 3832 1587 3884 si
1639 3830 1794 3883 Pater
1855 3831 2049 3883 dicitur
2088 3847 2225 3884 unus

661 3930 826 3993 Deus,
860 3939 913 3983 et
956 3930 998 3982 si
1043 3926 1212 3980 Filius
1241 3940 1456 3994 quoque
1512 3925 1672 3989 Deus,
1712 3938 1814 3976 non
1867 3923 1968 3975 alia
2011 3933 2222 3987 natura,

660 4024 753 4078 sed
784 4037 905 4075 una.
940 4022 993 4075 Si
1024 4037 1162 4072 unus
1195 4019 1450 4072 Dominus
1483 4030 1693 4080 natura,
1740 4031 2047 4086 quanquam
2074 4016 2225 4070 multi

660 4115 755 4168 ﬁlii
794 4114 1084 4183 adoptione
1133 4113 1494 4180 appellantur,
1533 4121 1587 4164 et
1637 4128 1775 4163 unus
1802 4109 1976 4163 Filius
2011 4120 2223 4172 natura,

660 4222 966 4277 quanquam
994 4206 1282 4274 adoptione
1319 4206 1696 4266 nominantur;
1739 4203 1934 4272 quippe
1975 4219 2094 4267 vox,
2133 4204 2230 4255 ad-

665 4303 892 4367 optione,
918 4300 982 4351 ad
1001 4297 1351 4350 iu‘titationem
1371 4295 1486 4362 ejus
1510 4295 1648 4362 quod
1671 4305 1858 4346 natura
1886 4307 1968 4348 est
1995 4296 2224 4348 dicitur:

665 4390 798 4443 nihil
830 4391 970 4442 enim
1022 4387 1309 4455 adoptione
1354 4385 1459 4438 dici
1506 4394 1698 4452 potest,
1733 4386 1833 4438 nisi
1877 4388 2144 4454 praecedat
2178 4389 2226 4438 id

663 4485 804 4553 quod
843 4491 1030 4534 natura
1063 4489 1164 4533 est.
1213 4479 1441 4532 Proinde
1473 4480 1519 4531 si
1564 4493 1660 4531 nos
1695 4479 1979 4547 adoptione
2021 4479 2113 4530 ﬁlii
2140 4496 2227 4531 su-

666 4589 784 4626 mus
831 4571 944 4636 Dei,
1003 4587 1222 4626 necesse
1268 4581 1350 4626 est
1413 4583 1602 4625 natura
1653 4572 1844 4626 Filium
1889 4573 2224 4627 antecedere.

2399 3289 2447 3340 1.
2487 3290 2549 3341 Εἰ
2579 3287 2735 3356 φύσει
2758 3287 2888 3350 Θεὸς
2915 3289 2942 3339 ὁ
2972 3288 3096 3350 Υἱὸς
3123 3328 3136 3350 ,
3166 3287 3299 3351 Θεὸς
3325 3286 3383 3340 δὲ
3415 3287 3588 3356 φύσει
3617 3289 3714 3343 καὶ
3743 3290 3772 3342 ὁ
3799 3289 3900 3342 II:-

2320 3381 2444 3450 τὴρ,
2477 3381 2575 3432 οὐκ
2621 3381 2793 3444 ἄλλως
2841 3380 2969 3444 Θεὸς
3023 3383 3051 3433 ό
3094 3380 3252 3445 Υἱὸς,
3289 3382 3496 3453 ἑτέρως
3545 3383 3607 3434 δὲ
3641 3385 3670 3435 ὁ
3704 3381 3900 3451 Πατὴρ.

2323 3473 2436 3527 ἀλλ’
2469 3475 2666 3546 ὁμοίως
2692 3491 2704 3503 ⁸
2736 3477 2784 3527 εἰ
2813 3475 2867 3527 δὲ
2901 3475 2959 3528 οὐ
2993 3474 3150 3545 φύσει
3182 3476 3312 3539 Θεὸς
3344 3480 3373 3529 ὁ
3407 3477 3562 3540 Υἱὸς,
3600 3477 3680 3538 ὡς
3706 3478 3753 3527 οἱ
3781 3477 3899 3544 ψευ-

2325 3568 2428 3631 δῶς
2461 3568 2742 3639 λεγόμενοι
2779 3568 2909 3634 Θεοὶ,
2939 3570 3152 3638 λέγεται
3184 3569 3314 3639 (50),
3351 3570 3444 3620 καὶ
3474 3570 3577 3620 οὐκ
3609 3569 3727 3619 ἐστι
3758 3567 3896 3626 Θεὸς.

2328 3661 2389 3713 Εἰ
2424 3655 2504 3724 εἷς
2543 3661 2744 3733 Κύριος
2793 3663 2820 3714 ὁ
2855 3662 2979 3726 Υἱὸς
3014 3662 3191 3731 φύσει,
3219 3661 3418 3730 Κύριος
3443 3660 3502 3709 δὲ
3537 3660 3636 3709 καὶ
3664 3662 3693 3710 ὁ
3723 3657 3902 3726 Πατὴρ

2330 3755 2485 3822 φύσει
2506 3796 2519 3820 ,
2548 3755 2790 3825 δηλονότι
2828 3756 2924 3826 οὐχ
2951 3756 3110 3824 ἑτέρᾳ
3137 3754 3292 3820 φύσει
3332 3752 3464 3820 (51).
3496 3751 3623 3805 Κᾶν
3658 3746 3740 3814 εἷς
3761 3749 3848 3804 οὖν
3879 3752 3900 3801 ὁ

2327 3845 2458 3909 Θεὸς
2502 3847 2530 3897 ὁ
2584 3847 2771 3916 Πατὴρ
2825 3845 3060 3912 λέγεται,
3123 3841 3252 3904 Θεὸς
3306 3841 3361 3895 δὲ
3417 3841 3511 3893 καὶ
3543 3841 3573 3891 ὁ
3620 3836 3901 3903 Υἱὸς,οὖκ

2327 3938 2459 4009 ἄλλῃ
2486 3937 2664 4006 φύσει,
2693 3937 2826 3989 ἀλλὰ
2865 3938 2983 4005 μιᾷ.
3033 3936 3095 3988 Εἰ
3123 3931 3203 3997 εἷς
3237 3932 3438 4006 Κύριος
3471 3933 3660 3998 φύσει,
3699 3930 3900 3984 πολᾶὧν

2328 4029 2472 4081 θέσει
2521 4026 2890 4097 καλουμένων,
2926 4026 3020 4078 καὶ
3053 4021 3132 4088 εἷς
3173 4024 3296 4087 Υἱὸς
3327 4023 3507 4092 φύσει,
3547 4022 3770 4074 πολλῶν
3800 4023 3900 4073 ὀνο·

2332 4121 2649 4191 μαζομένων
2677 4117 2808 4171 υἱῶν
2833 4117 2980 4170 θέσει
3009 4116 3145 4188 (52),
3181 4117 3261 4180 τὸ,
3289 4115 3473 4182 θέσει,
3499 4115 3645 4167 κατὰ
3676 4116 3899 4185 μίμησιν

2327 4211 2420 4264 τοῦ
2449 4211 2606 4280 φύσει
2643 4211 2889 4277 λέγεται·
2925 4207 3070 4260 Θέσει
3105 4206 3211 4278 γὰρ
3263 4206 3410 4259 οὐδὲν
3446 4205 3512 4258 ἂν
3543 4205 3796 4276 λεχθείη,
3835 4222 3899 4272 μη

2332 4297 2736 4370 προηγουμένου
2789 4296 2879 4348 τοῦ
2925 4295 3102 4366 φύσει.
3151 4296 3212 4347 El
3261 4291 3350 4347 οὖν
3400 4296 3562 4364 ἡμεῖς
3607 4295 3717 4346 υἱοὶ
3767 4294 3898 4346 esset

2330 4392 2463 4443 Θεοῦ
2495 4393 2624 4461 (55),
2658 4390 2868 4457 ἀνάγκη
2890 4389 2979 4439 τὸν
3004 4388 3159 4454 φύσει
3187 4386 3314 4438 Υἱὸν
3342 4386 3746 4455 προϋπάρχειν.
3775 4382 3900 4438 Εἶτα

2330 4480 2543 4550 ἀληθῶς
2595 4481 2828 4548 ὀνόματα
2880 4479 2978 4547 τῆς
3036 4477 3220 4539 οὐσίας
3289 4471 3361 4528 ὧν
3435 4478 3588 4529 ἐστιν
3649 4478 3895 4547 ὀνόματα,

2329 4549 2700 4642 γνῴρίσματα.
2738 4569 2940 4640 Κύριος
2977 4569 3033 4620 δὲ
3067 4569 3160 4621 καὶ
3185 4567 3314 4631 Θεὸς
3348 4567 3564 4638 ἀληθῶς
3607 4571 3707 4622 καὶ
3741 4573 3770 4622 ό
3797 4571 3897 4623 Ila.

672 4775 698 4798 τ
737 4709 845 4793 (29)
870 4709 1048 4798 Ιξιὶίιίῡ
1075 4709 1246 4762 Paris.
1285 4709 1640 4790 ᾀντιρῥητικὰ
1683 4711 1808 4798 καῖ’.
1846 4709 2132 4794 Εὐνοιμίορ,
2169 4712 2225 4761 ἐν

2331 4709 2446 4798 dem
2470 4725 2572 4798 uolat
2606 4708 2951 4798 condemnant
2973 4712 3110 4778 quod
3136 4707 3402 4798 quidpiam
3422 4710 3896 4798 σοηιίηςριαρεοηὶ.

666 4775 709 4848 ᾧ
743 4775 988 4852 ἆπορίαι,
1031 4792 1160 4852 etc.,
1186 4791 1245 4852 ut
1293 4782 1341 4832 in
1395 4775 1644 4852 cmitequ
1674 4799 1686 4833 :
1711 4782 1810 4852 ubi
1859 4797 1951 4848 pro
1978 4775 2034 4831 ἑν
2063 4775 2128 4847 ᾧ,
2171 4792 2228 4833 ut

666 4846 1081 4910 emnes'vident,
1110 4850 1210 4918 legi
1240 4861 1450 4917 oportet
1475 4851 1531 4902 ἐν
1571 4846 1671 4912 οἷς.
1710 4846 2096 4917 Rem—quartus
2127 4853 2219 4903 τοῦ

667 4921 829 5001 αὐτος)
861 4921 993 5001 τεοὺς
1016 4919 1275 5001 Εὐνόμιον
1300 4920 1424 4990 περὶ
1437 4922 1547 5001 ’θεοῦ
1585 4923 1736 5001 ἁγιίου
1773 4921 2105 5001 ῌνεςξμαςτος,
2138 4922 2226 4973 λό-

667 5010 763 5063 ¹τος
784 4992 845 5063 δέ.
867 4991 1114 5059 Ejusdem
1152 4992 1400 5043 adversus
1428 4991 1750 5044 Eunomium
1779 4995 1839 5044 de
1869 4993 2066 5057 Spiritu
2103 5009 2228 5045 san-

670 5062 772 5123 cto,
805 5062 936 5114 liber
977 5073 1215 5130 quartus.
1250 5064 1568 5128 Quanquam
1597 5073 1774 5115 autem
1817 5064 2044 5114 aliorum
2073 5065 2229 5115 codi-

669 5149 791 5187 cum
828 5135 964 5185 alius
992 5144 1073 5185 est
1097 5133 1299 5190 titulus,
1328 5143 1514 5202 tamen
1546 5133 1689 5202 ineo
1711 5137 2058 5194 conveniunt,
2085 5137 2226 5202 quod

671 5206 726 5256 in
765 5203 1019 5256 omnibus
1053 5203 1140 5255 hic
1167 5203 1300 5254 liber
1327 5201 1524 5254 Basilio
1573 5201 1767 5270 Magno
1801 5204 2079 5259 tribuitur.
2104 5201 2224 5257 fimo

675 5276 727 5326 in
754 5277 870 5341 ipso
898 5287 1108 5340 quoque
1144 5271 1270 5342 Reg.
1298 5275 1486 5339 quinto
1510 5274 1609 5325 hoc
1638 5288 1773 5340 Opus
1812 5273 2011 5326 Basilio
2041 5284 2226 5327 nostro

675 5343 870 5396 ascribi
923 5353 1179 5394 constat:
1219 5345 1309 5395 sed
1360 5351 1427 5394 ita
1482 5352 1680 5405 tamen,
1743 5352 1802 5394 ut
1851 5346 2003 5395 initio
2047 5347 2225 5410 Operis

675 5414 916 5482 legantur
950 5413 1035 5465 illa
1075 5431 1087 5465 :
1124 5414 1233 5482 Κᾳὶ
1259 5414 1385 5482 περ).
1429 5413 1616 5464 τούτου
1649 5413 1738 5464 τοῦ
1768 5412 1925 5479 λόγου
1977 5414 2226 5482 διάφορος

679 5481 828 5550 παρὰ
872 5482 1080 5544 πολλοῖς
1122 5481 1245 5546 δόξα
1274 5481 1482 5552 κρατεῖ,
1518 5484 1624 5536 τῶν
1651 5485 1745 5552 μὲν
1775 5483 2037 5550 λεγόντων
2069 5481 2227 5535 αὐτὸν

675 5554 768 5606 τοῦ
802 5555 955 5620 ἁγίου
1002 5553 1300 5616 Βασιλείου,
1341 5553 1448 5605 τῶν
1492 5553 1546 5605 δὲ
1602 5553 1982 5619 ἀντιλεγόντων
2022 5557 2138 5624 μὲν,
2169 5556 2225 5605 οὑ

676 5623 1116 5692 κατηγορούντων
1146 5625 1200 5676 δὲ
1226 5624 1298 5685 ὣς
1333 5641 1384 5674 τι
1429 5625 1766 5694 ἀπεμφαίνον
1797 5623 2029 5694 ἔχοντος,
2066 5626 2129 5676 Et
2171 5629 2233 5677 de

677 5698 774 5744 hoc
802 5698 933 5746 libro
964 5697 1110 5746 multi
1133 5701 1272 5746 varie
1302 5705 1557 5756 sentiunt,
1601 5697 1718 5747 aliis
1778 5699 2066 5747 dicentibus
2113 5712 2227 5747 eum

678 5779 785 5817 ιδδθ
810 5767 982 5816 sancti
1016 5763 1223 5830 Basilii,
1252 5764 1369 5817 aliis
1400 5766 1735 5832 negantibus;
1770 5770 1857 5818 sed
1882 5775 2052 5818 tamen
2083 5781 2229 5819 eum-

2330 4781 2690 4834 Combetisius
2727 4790 2910 4833 monet
2940 4782 3082 4835 hunc
3134 4778 3330 4834 librum
3378 4781 3428 4832 in
3474 4795 3582 4832 uno
3611 4780 3784 4850 Regio
3817 4798 3897 4834 co-

2334 4851 2455 4904 dice
2507 4859 2721 4903 exstare
2767 4865 2781 4900 :
2822 4863 2921 4918 ego
2977 4861 3153 4905 tamen
3201 4850 3291 4918 qui
3353 4851 3748 4904 biblimhecam
3809 4851 3898 4903 Re-

2333 4923 2474 4988 giam
2500 4920 2786 5001 diligenter
2809 4917 3148 4988 perlustravi,
3177 4917 3440 4985 ejusmodi
3473 4923 3682 4974 librum
3726 4923 3898 4975 videre

2335 5007 2437 5044 ΙΙΟΠ
2474 5006 2715 5043 menum.

2404 5059 2846 5135 (50)‘Delevimus
2879 5075 3063 5135 vocem
3098 5062 3212 5127 οὖν,
3245 5071 3365 5135 post
3406 5060 3656 5132 λέγεται,
3695 5079 3817 5135 quze
3853 5066 3895 5115 in

2337 5131 2528 5199 majori
2565 5141 2718 5195 parte
2745 5143 2987 5185 veterum
3015 5134 3276 5188 librorum
3302 5133 3474 5186 deest.

2405 5202 2516 5273 (51)
2546 5199 2927 5274 Reg._quartus
2959 5201 3197 5274 δηλονότι
3227 5204 3325 5272 οὐχ
3376 5203 3539 5274 ἑτέρα
3567 5204 3757 5273 φύσις.
3790 5204 3893 5256 Mox

2335 5273 2470 5325 idem
2499 5273 2668 5326 codex
2688 5272 2932 5342 λέγηται,
2968 5272 3099 5337 Θεὸς
3123 5275 3177 5327 δὲ
3209 5275 3302 5328 καὶ
3333 5274 3383 5327 ὁ.
3413 5272 3616 5327 νὸριιΙξι
3638 5276 3696 5328 δέ
3722 5277 3772 5328 iu
3797 5276 3896 5327 edi-

2336 5346 2400 5395 tis
2426 5342 2851 5414 desiderabatur.
2905 5343 3110 5400 ltursus
3151 5346 3292 5400 idem
3328 5345 3464 5398 liber
3498 5346 3603 5397 οὐκ
3642 5346 3777 5414 mn
3811 5344 3895 5412 ςτύ-

2336 5429 2436 5475 σις,
2462 5411 2595 5464 ἀλλὰ
2624 5413 2737 5482 μία.

2405 5484 2514 5551 (32)
2540 5483 2678 5534 Editi
2716 5495 2768 5536 ct
2796 5483 3038 5538 nonnulli
3076 5501 3204 5538 mss.
3246 5485 3398 5546 υἱῶν,
3435 5485 3498 5536 τὸ
3551 5484 3724 5537 Θέσει.
3775 5491 3894 5553 rteg.

2335 5565 2560 5620 quartus
2595 5555 2723 5607 υἱῶν
2767 5555 2932 5613 Θέσει,
2983 5556 3064 5617 τὸ,
3099 5555 3264 5618 θέσει,
3300 5555 3514 5623 planius
3547 5571 3611 5608 ac
3649 5559 3850 5623 plenius
3883 5572 3894 5607 :

2341 5640 2495 5694 quam
2531 5626 2853 5691 scripturam
2886 5626 3103 5690 praefert
3149 5643 3360 5694 quoque
3389 5626 3520 5693 Reg.
3572 5637 3783 5689 sextus,
3813 5625 3896 5679 sed

2339 5696 2506 5748 solum
2535 5711 2692 5746 manu
2730 5697 2986 5750 secunda.

2409 5765 2521 5835 (55)
2568 5762 2786 5835 Legitur
2823 5767 2875 5821 in
2924 5767 3322 5837 antiquioribus
3367 5781 3501 5822 mss.
3535 5766 3673 5820 Θεοῦ
3711 5767 3898 5825 Θέσειὲ
