4078 6316
163 385 270 439 675

1255 380 1619 439 ADVERSUS
1661 378 2023 437 EUNOMIUM
2067 384 2194 442 LIB.
2239 384 2335 439 IV.

3303 385 3406 443 674

159 505 269 574 τὴρ
299 516 388 558 καὶ
421 509 448 558 6
493 506 632 566 Υἱὸς.
683 502 744 552 'll
785 500 922 569 αὐτὴ
980 499 1084 572 ἄρα
1116 501 1290 566 οὐσία,
1341 505 1528 573 ὥσπερ
1558 507 1649 557 καὶ
1674 503 1723 556 τὲ

1847 503 2132 566 Praeterea,
2174 520 2294 576 quae
2331 517 2453 556 vere
2492 510 2616 556 sunt
2663 504 2902 571 nomina,
2940 503 3136 558 indicia
3170 515 3294 558 sunt
3323 520 3408 558 es-

160 597 306 650 αὐτὰ
333 599 585 666 ὀνόματα.
623 593 686 644 Εἰ
734 595 807 660 μὴ
856 591 967 664 (54)
996 595 1302 663 γεννήσεως
1336 593 1395 645 τὸ
1430 597 1731 663 μονογενὲς,

158 689 302 741 ἀλλὰ
348 687 434 740 διὰ
475 685 534 734 τὸ
563 680 910 750 ἀσύγκριτον,
969 684 1263 754 μονογενὴς
1294 684 1388 735 καὶ
1434 686 1462 736 ὁ
1514 687 1733 756 Πατήρ.

157 779 491 846 ἀσύγκριτος
549 769 677 840 γάρ.
733 771 841 824 Καὶ
893 775 1001 825 πᾶν
1056 771 1112 822 δὲ
1170 770 1374 838 κτίσμα
1441 771 1513 843 μὴ
1553 774 1736 842 ὅμοιον

157 872 308 938 ἄλλῳ
344 861 627 934 μονογενὲς
648 880 661 893 ⁸
691 864 874 917 πολλοὶ
912 865 1019 934 ἄρα
1053 867 1380 930 μονογενετς,
1416 867 1509 917 καὶ
1537 868 1632 936 οὐχ
1657 861 1738 927 εἷς

157 965 186 1014 6
227 959 354 1018 Υἱὸς
392 955 482 1008 τοῦ
512 955 666 1012 Θεοῦ.
697 958 761 1010 El
793 957 849 1010 δὲ
881 956 992 1024 (55)
1015 956 1043 1006 6
1071 954 1196 1017 Υἱὸς
1234 956 1328 1026 οὐχ
1361 957 1545 1020 ἁπλῶς
1583 974 1739 1026 μονο-

159 1050 342 1118 γενὴς,
385 1048 515 1102 ἀλλὰ
549 1048 673 1114 Υἱὸς
707 1046 998 1120 μονογενὴς
1024 1087 1036 1108 ,
1072 1047 1165 1098 καὶ
1207 1049 1356 1119 παρά
1401 1049 1610 1120 Πατρδς
1645 1066 1738 1116 μο-

157 1141 380 1210 νογενὴς
439 1143 570 1212 (56),
611 1145 638 1194 6
686 1140 811 1200 Υἱὸς
852 1138 943 1190 καὶ
983 1143 1275 1212 μονογενής
1330 1144 1480 1203 ἐστι,
1534 1141 1627 1192 καὶ
1677 1140 1737 1192 οὑ

159 1234 367 1304 κτίσμα
396 1233 699 1305 μονογενὲς.
738 1231 799 1281 El
835 1231 972 1283 κατά
1015 1232 1299 1302 μετάδοσιν
1323 1232 1414 1284 καὶ
1459 1229 1739 1302 συγχώρη-

160 1344 245 1378 σιν
279 1330 370 1382 τοῦ
426 1326 656 1396 Πατρὸς,
695 1324 786 1377 καὶ
841 1325 901 1378 οὐ
935 1327 1075 1380 κατὰ
1124 1328 1284 1396 φύσιν
1331 1327 1658 1398 δημιουργὸς
1711 1330 1738 1381 6

161 1421 290 1484 Υἱὸς
310 1465 323 1484 ,
358 1421 504 1475 οὐδὲν
535 1417 599 1470 ἂν
631 1417 714 1489 εἴη
741 1418 849 1473 τῶν
897 1420 987 1473 ὑπ’
1034 1420 1196 1472 αὐτοῦ
1231 1419 1737 1491 δημιουργηθέντων

159 1516 301 1568 κατὰ
335 1514 512 1583 φύσιν.
548 1505 648 1562 Ὧν
683 1510 789 1581 γὰρ
835 1513 862 1564 6
904 1510 1232 1582 δημιουργὸς
1265 1513 1322 1565 οὐ
1370 1513 1512 1566 κατὰ
1553 1514 1732 1583 φύσιν,

157 1607 278 1670 πῶς
301 1607 367 1660 τὰ
399 1607 462 1674 δη
472 1603 867 1674 μιονργηθέντα
892 1604 1032 1656 κατὰ
1056 1604 1215 1672 φύσιν
1236 1621 1249 1669 ;
1278 1607 1338 1658 Εἰ
1369 1607 1582 1677 ἐνεργεῖ
1603 1607 1735 1669 Θεὸς

156 1699 228 1760 ὡς
256 1699 428 1761 οὐδεὶς
449 1696 653 1766 ἔτερος,
691 1697 784 1749 καὶ
821 1695 1024 1765 γεννῶν
1068 1695 1143 1761 ὡς
1181 1698 1278 1768 οὐχ
1312 1697 1495 1769 ἕτερος
1541 1699 1732 1770 γεννή-

160 1805 242 1841 σει
264 1805 278 1819 ·
310 1789 640 1858 ἀσύγκριτος
672 1786 778 1858 γὰρ
810 1787 945 1860 πρὸς
983 1788 1154 1841 πάντα
1190 1789 1328 1842 κατὰ
1356 1790 1529 1841 πάντα
1565 1791 1673 1859 (57)
1704 1790 1732 1842 6

1841 596 2030 648 sentin:
2067 613 2252 651 eorum
2303 611 2529 666 quorum
2580 604 2704 649 sunt
2753 601 2989 652 nomina.
3032 597 3287 652 Dominus
3312 612 3406 650 an-

1841 692 1944 739 tem
1976 695 2029 738 et
2060 684 2199 740 Deus
2225 702 2350 742 vere
2390 695 2498 739 tum
2536 684 2694 741 Pater
2723 694 2833 739 tum
2859 686 3046 744 Filius.
3087 686 3289 741 Eadem
3319 703 3408 741 cr-

1839 792 1906 845 go
1938 787 2024 832 est
2057 778 2296 831 essentia
2325 779 2468 832 sicut
2497 785 2550 828 et
2577 778 2762 832 eadem
2789 779 3002 832 nomina
3030 789 3173 835 sunt.
3201 778 3258 834 Si
3290 781 3408 833 nni-

1840 870 2078 938 genitum
2112 869 2475 937 generationis
2507 884 2613 922 non
2665 879 2765 938 est,
2802 868 2897 926 sed
2942 854 3227 938 propterea
3259 874 3405 942 quod

1841 973 1924 1018 est
1951 963 2399 1031 incomparabile,
2451 963 2760 1032 unigenitus
2788 964 2951 1019 etiam
2993 972 3077 1017 est
3104 963 3302 1021 Pater:
3331 967 3407 1021 si-

1840 1057 2054 1125 quidem
2095 1064 2178 1109 est
2226 1055 2680 1124 incomparabilis.
2725 1055 2829 1108 Sed
2885 1065 2941 1112 et
2971 1055 3226 1126 quaelibet
3253 1073 3407 1111 crea-

1843 1159 1957 1202 tura
1997 1147 2152 1202 alteri
2205 1145 2345 1199 haud
2387 1147 2597 1208 similis,
2631 1145 2902 1213 nnigenita
2938 1157 3018 1202 est
3050 1167 3062 1201 :
3100 1147 3250 1201 multi
3278 1162 3408 1217 ergo

1840 1239 2123 1310 unigeniti,
2148 1246 2203 1292 et
2227 1251 2331 1290 non
2369 1251 2504 1292 unus
2553 1234 2720 1292 Filius
2775 1236 2889 1291 Dei.
2938 1236 3089 1302 Quod
3136 1239 3182 1294 si
3237 1237 3407 1292 Filius

1839 1345 1945 1383 non
1978 1331 2297 1400 simpliciter
2346 1328 2672 1398 unigenitus,
2733 1329 2826 1384 sed
2861 1327 3030 1382 Filius
3077 1330 3402 1397 unigemtns.

1839 1429 1892 1471 et
1922 1434 1950 1470 a
1986 1417 2149 1473 Patre
2201 1417 2533 1490 unigenitns,
2590 1419 2755 1474 Filius
2799 1419 3104 1488 unigenitus
3135 1428 3238 1483 est,
3299 1436 3403 1474 non

1843 1510 2119 1577 unigenita
2156 1524 2422 1565 creatura.
2459 1508 2552 1562 Sin
2594 1517 2883 1564 secundum
2919 1509 3088 1580 280
3115 1510 3405 1580 participa-

1842 1599 2041 1652 tionem
2087 1613 2150 1650 ac
2186 1601 2590 1654 concessionem
2634 1595 2812 1652 Patris
2855 1609 3069 1654 creator
3100 1607 3182 1654 est
3212 1599 3401 1664 Filius,

1839 1705 1942 1744 non
1980 1699 2212 1743 natura:
2251 1690 2381 1742 nihil
2424 1704 2606 1744 eorum
2649 1704 2769 1760 qua:
2802 1689 2869 1743 ab
2908 1691 3018 1758 ipso
3047 1701 3226 1748 creata
3258 1706 3403 1757 sunt,

1837 1783 2132 1838 secundum
2177 1791 2426 1836 naturam
2455 1792 2554 1837 est.
2582 1783 2818 1847 Quorum
2850 1783 2993 1837 enim
3022 1787 3268 1840 conditor
3300 1800 3403 1838 non

156 1881 311 1942 Θεός.
338 1881 409 1934 T6
444 1878 764 1949 ποιούμενον
794 1883 893 1934 οὐκ
942 1884 1005 1934 ἐκ
1035 1881 1132 1950 τῆς
1163 1881 1349 1940 οὐσίας
1388 1879 1480 1931 τοῦ
1520 1882 1723 1934 ποιοῦν-

1834 1875 2128 1930 secundum
2185 1882 2436 1929 naturam
2496 1881 2596 1938 est,
2645 1873 2758 1928 haec
2807 1873 3072 1943 quomodo
3113 1877 3403 1930 secundum

156 1986 268 2032 τος,
304 1971 362 2021 16
396 1971 450 2020 δὲ
483 1967 814 2039 γεννώμενον
849 1972 912 2024 ὲκ
940 1971 1038 2041 τῆς
1060 1970 1232 2038 αὐτῆς
1272 1968 1455 2032 οὐσίας
1486 1968 1580 2020 τοῦ
1608 1987 1732 2036 γεν-

157 2061 394 2124 νῶντος’
429 2061 490 2112 οὐ
521 2059 716 2112 ταύτὸν
754 2060 861 2132 ἄρα
909 2062 968 2114 16
997 2063 1170 2114 ποιεῖν
1214 2069 1305 2111 και
1339 2060 1398 2112 16
1429 2061 1640 2131 γεννᾷν.
1673 2063 1735 2113 Εἰ

157 2155 220 2202 ἐκ
253 2151 349 2204 τοῦ
380 2151 516 2205 Θεοῦ
547 2155 575 2206 6
603 2152 751 2218 Υἱὸς,
785 2155 882 2224 οὐχ
935 2154 1010 2217 ὡς
1046 2155 1108 2204 ἐκ
1147 2151 1356 2220 Πατρὸς
1387 2153 1462 2216 δὲ,
1497 2153 1609 2206 ἀλλ’
1661 2154 1736 2218 ὡς

158 2242 214 2306 ἐξ
240 2244 451 2314 ἑτέρον,
479 2244 648 2306 αἴτιος
677 2244 732 2296 δὲ
754 2243 846 2297 τοῦ
889 2239 1026 2295 εἶναι
1061 2243 1155 2294 καὶ
1207 2243 1338 2313 ἡμῖν
1369 2246 1396 2297 6
1425 2244 1556 2308 Θεός
1584 2245 1696 2315 (58)
1717 2260 1732 2276 ⁸

159 2334 215 2399 ἐξ
247 2335 414 2387 αὑτοῦ
457 2335 563 2404 γὰρ
591 2335 661 2386 τὰ
694 2335 903 2386 πάντα·
951 2334 1049 2403 οὐχ
1084 2333 1280 2405 ἑτέρως
1326 2337 1432 2406 ἄρα
1478 2336 1570 2388 τοῦ
1605 2337 1732 2389 Υξοῦ

161 2427 371 2495 Πατὴρ,
401 2424 602 2494 ἑτέρως
634 2424 691 2476 δὲ
731 2423 907 2493 ἡμῶν,
933 2423 1050 2477 ἀλλ’
1091 2426 1310 2497 ὁμοίως.
1348 2429 1457 2480 Καὶ
1491 2426 1605 2489 πῶς
1635 2427 1733 2480 οὐκ

155 2521 391 2580 ἀτοπον;
428 2518 490 2570 El
545 2517 710 2588 μηδὲν
761 2517 943 2587 ὅμοιον
989 2517 1083 2571 καὶ
1137 2520 1251 2572 ῐσον
1294 2519 1409 2588 Θεῷ
1455 2520 1565 2587 (59)
1598 2518 1734 2588 πλὴν

158 2609 310 2669 Υξοῦ,
344 2609 494 2662 οὐδὲν
535 2608 968 2680 ἀπαραλλάκτως
1001 2609 1106 2662 τῶν
1143 2611 1555 2680 ὑποδειγματων
1588 2611 1734 2680 εἰρή-

157 2719 343 2754 σεται·
387 2702 524 2772 ὑπὲρ
577 2703 684 2755 πᾶν
711 2700 818 2771 γὰρ
852 2704 881 2754 6
905 2702 1054 2764 Θεὸς.
1094 2703 1166 2754 Τὸ
1192 2705 1248 2752 ὲν
1293 2705 1470 2771 μορφῇ
1514 2701 1647 2753 Θεοῦ
1678 2705 1733 2755 ἐν

154 2794 313 2865 οὐσίᾳ
351 2796 466 2846 ἐστὶ
514 2793 670 2846 Θεοῦ.
705 2795 776 2845 Οὐ
822 2793 927 2862 γὰρ
959 2793 1085 2845 ἄλλο
1121 2791 1336 2862 μορφὴ,
1374 2794 1466 2845 καὶ
1494 2793 1619 2846 ἄλλο
1645 2795 1734 2846 οὺ-

156 2884 245 2937 σίσ.
291 2885 459 2947 Θεοῦ,
499 2886 585 2937 ἵνα
635 2885 710 2954 μὴ
760 2883 1028 2946 σύνθετος.
1095 2885 1152 2935 ’0
1193 2885 1330 2937 κατὰ
1385 2887 1592 2958 μορφὴν
1640 2883 1732 2941 οὖν

157 2977 290 3040 ἴσος,
324 2976 418 3029 κατ¹
440 2977 559 3028 κατ’
599 2975 784 3028 οὐσίαν
817 2975 964 3028 ἐστὶν
992 2975 1121 3040 ἴσος.
1151 2977 1211 3029 Εἰ
1241 2979 1268 3030 6
1288 2977 1564 3048 γεννηθεις
1589 2980 1734 3034 ἐλάτ-

153 3088 262 3122 των
303 3068 396 3122 τοῦ
421 3070 798 3140 γεννήσαντος,
829 3069 926 3122 οὐκ
954 3069 1204 3142 ἔγκλημα
1232 3069 1388 3123 τοῦτο
1418 3071 1512 3123 τοῦ
1541 3090 1732 3142 γεννη-

155 3163 362 3227 θέντος,
419 3163 669 3218 ἁσθένεια
697 3163 752 3214 δὲ
786 3162 878 3215 105
929 3164 1287 3233 γεννήσαντος
1340 3164 1470 3233 (40).
1514 3166 1581 3215 “ll
1624 3165 1731 3232 γὰρ

155 3255 428 3327 φθονήσας
449 3259 548 3309 οὐκ
576 3257 829 3325 ἐποίησεν
865 3257 996 3317 ἴσον,
1029 3256 1060 3324 ἢ
1093 3256 1166 3324 μὴ
1188 3255 1433 3322 δυνηθεὶς
1459 3257 1556 3308 οῦκ
1585 3259 1728 3325 ἐγεν-

153 3367 315 3419 νησεν
362 3349 562 3417 ὅμοιον.
596 3350 657 3399 El
688 3348 714 3397 6
749 3347 933 3418 Πατὴρ
967 3347 1073 3417 πρὸ
1111 3347 1202 3400 τοῦ
1239 3349 1364 3401 Υἱοῦ
1414 3345 1501 3419 ἦν,
1537 3351 1721 3422 ἑτέρου

152 3439 296 3502 τινὸς
344 3439 558 3501 πάντως
588 3438 770 3510 πατὴρ
792 3434 857 3510 ἦν
879 3455 891 3468 ·
931 3438 1096 3509 χωρὶς
1138 3438 1246 3509 γάρ
1276 3441 1393 3493 υεου
1421 3441 1599 3513 πατὴρ
1623 3443 1722 3495 οὐκ

153 3530 218 3584 ἂν
240 3530 478 3601 λεχθείη,
512 3531 573 3582 Εἰ
605 3533 633 3584 ὁ
654 3533 742 3584 τὸν
769 3531 892 3583 Υἱδν
913 3531 1072 3598 γνοὺς
1103 3531 1224 3582 κατ’
1253 3532 1438 3584 οὐσίαν
1464 3532 1603 3599 ἔγνω
1629 3531 1723 3584 καὶ

153 3621 241 3673 16v
271 3621 490 3691 Πατέρα
515 3620 604 3689 (El
629 3623 738 3689 γὰρ
767 3619 870 3688 ἐμὲ
904 3619 1116 3687 ᾔδειτε,
1151 3619 1313 3688 φησὶ,
1342 3618 1438 3670 καὶ
1469 3618 1573 3670 τὸν
1604 3621 1720 3670 Πα-

153 3713 288 3781 τέρα
299 3732 418 3783 μου
443 3713 633 3782 ῇδειτε
655 3711 754 3778 ἄν)
780 3723 795 3737 ⁸
832 3709 1117 3780 ὁμοούσιος
1146 3711 1252 3780 ἄρα
1276 3707 1402 3772 Υἱὸς
1429 3708 1504 3778 τῷ
1526 3708 1698 3780 Πατρί

153 3808 312 3859 Οὐδὲν
345 3807 452 3877 γὰρ
479 3805 766 3874 ἀσώματον
798 3803 854 3866 ἐξ
881 3802 1128 3872 ἀνομοίου
1151 3803 1337 3864 οὐσίας
1360 3798 1722 3871 γνωρίζεσθαι

152 3895 390 3951 δύναται.
417 3899 478 3949 El
504 3897 562 3949 16
588 3895 858 3948 πιστεύειν
889 3893 978 3945 τὸν
1003 3892 1233 3965 Χριστὸν
1261 3891 1389 3945 Υἱὸν
1419 3887 1556 3944 εἶναι
1585 3891 1719 3944 Θεοῦ

152 4172 267 4225 quae
283 4159 511 4210 variatio
539 4154 734 4224 duplici
762 4154 1190 4225 interpretationi
1220 4155 1392 4207 locum
1424 4154 1535 4206 dat.
1562 4153 1712 4225 Licet

151 4223 294 4282 enim
326 4227 397 4279 ita
439 4223 804 4293 interpretari,
834 4223 963 4276 Filii
1005 4224 1099 4276 Dei
1131 4240 1312 4276 sumus
1351 4239 1443 4290 per
1466 4224 1712 4293 adeptio-

152 4309 300 4357 nent;
327 4306 420 4349 aut
448 4297 548 4349 hoc
571 4291 748 4354 modo,
786 4293 910 4346 Filii
947 4309 1124 4345 sumus
1153 4295 1428 4358 adoptione
1454 4292 1568 4345 Dei.
1606 4291 1716 4346 lloc

151 4369 265 4434 ipso
291 4369 342 4420 in
377 4367 489 4420 loco
514 4367 640 4419 editi
669 4365 880 4434 ἀνάγκη
910 4364 998 4416 τὸν
1033 4363 1189 4432 φύσει
1223 4363 1612 4434 προϋπάρχειν.
1634 4361 1714 4434 Ta

149 4432 428 4508 ἀληθῶς...
462 4436 813 4508 γνωρίσματά
865 4432 1000 4487 ἐστι.
1045 4437 1179 4504 lteg.
1235 4432 1501 4508 secundus
1552 4434 1600 4484 sl
1644 4432 1714 4486 τὰ

150 4505 364 4578 άληθῶς
388 4505 642 4576 ὀνόματα.
675 4509 810 4578 lteg.
840 4515 1064 4578 (plurius
1095 4508 1186 4578 ita,
1216 4513 1272 4556 ut
1311 4505 1575 4578 edendum
1621 4517 1713 4578 cn-

154 4566 410 4632 rav'innis.
437 4566 554 4630 Mox
578 4579 704 4633 editi
732 4566 824 4630 κναὶ
851 4566 1060 4646 Πατήρ.
1095 4566 1180 4629 At
1199 4584 1329 4628 mss.
1373 4566 1576 4643 aliquot
1619 4575 1711 4626 καὶ

150 4650 178 4700 ὁ
203 4649 414 4700 Πατήρ.

217 4665 514 4788 (ἓῦηῇιιιά,
542 4717 603 4767 Ei
635 4717 729 4785 μή,
760 4727 888 4778 etc...
920 4717 998 4769 sie
1032 4715 1342 4788 advcrbum
1387 4713 1708 4788 interpretaf

153 4783 291 4855 mur,
321 4790 368 4842 si
391 4783 712 4855 unigenitum
747 4803 856 4838 non
884 4786 1230 4854 generationis
1257 4793 1357 4855 est.
1390 4783 1631 4855 Hoeest,
1662 4786 1706 4836 si

151 4853 543 4926 linigenitumia
584 4853 931 4924 generatione
957 4871 1062 4908 non
1093 4853 1476 4926 proﬁciscitur,
1516 4853 1624 4905 imo
1663 4855 1706 4906 si

152 4925 351 4981 idcirco
400 4927 470 4980 ita
528 4927 745 4989 dicitur,
772 4926 915 4992 quod
967 4925 1272 4994 comparari
1339 4938 1446 4975 non
1509 4931 1707 4990 potest,

151 4995 307 5048 l’ater
341 5010 552 5066 quoque
580 4999 685 5050 erit
715 4995 1040 5066 unigenitus.

148 5135 179 5190 υ
216 5068 329 5136 (55)
365 5062 555 5121 Addita
580 5078 662 5120 est
692 5062 877 5120 vocula
907 5065 963 5116 δέ
997 5080 1061 5119 ex
1088 5065 1295 5118 duobus
1324 5062 1475 5132 libris
1503 5063 1706 5116 veteri-

184 5152 263 5190 us.

184 5152 263 5190 US.

215 5207 322 5276 (56)
365 5205 512 5277 ῨΕάίιῘ
565 5204 852 5277 μονογενὴς
897 5205 989 5257 καὶ
1036 5205 1182 5265 Υἱὸς,
1231 5204 1325 5255 καὶ
1389 5203 1702 5277 μονογέιής.

149 5272 322 5330 Cedet
349 5276 497 5330 Coll).
531 5272 584 5328 ei.
634 5272 766 5345 Reg.
805 5272 1030 5344 Quartus
1055 5286 1110 5345 ut
1139 5278 1206 5345 Ain
1245 5283 1519 5345 contextu.
1564 5272 1701 5345 Reg.

151 5348 334 5400 tertius
363 5346 576 5417 Πατρὸς
627 5343 921 5416 μονογεῖιὴς
982 5349 1009 5397 ὁ
1068 5343 1336 5417 ηαξ-καὶ
1385 5344 1699 5417 μονογενής,

151 5413 511 5485 interpunctio
542 5413 667 5468 alia.
724 5413 1013 5482 Aliquanto
1045 5426 1164 5485 post
1193 5413 1332 5485 Reg.
1363 5426 1588 5485 quartus
1613 5415 1703 5463 οὺ-

149 5483 230 5537 δὲν
257 5483 324 5557 κᾶν
357 5486 442 5557 εἴη
473 5486 562 5538 ὑπ’
596 5486 766 5557 αὑτοῦ
787 5484 1185 5557 δημιουργηθεν
1211 5483 1348 5534 κατά
1378 5483 1559 5557 φῦσιν.

213 5556 323 5627 (57)
354 5552 490 5610 Editi
516 5558 606 5610 καὶ
639 5556 797 5609 κατά.
836 5552 1034 5608 Vocula
1060 5552 1196 5606 καίο
1227 5556 1574 5627 ιι-ιεεηεὼεδι.-
1597 5552 1704 5627 Nec

150 5622 228 5677 ita
261 5622 428 5681 multo
457 5639 576 5688 post
606 5627 736 5680 editi
762 5627 1038 5688 ποιοῦντός
1073 5627 1208 5678 ἐστι.
1255 5622 1408 5688 lllud,
1460 5623 1598 5687 ἐστί,
1648 5625 1700 5676 in

149 5707 273 5765 mss.
308 5713 412 5750 non
454 5699 667 5765 legitur.

212 5764 319 5835 (58)
349 5769 417 5819 El
447 5762 527 5818 ἐκ’
546 5765 650 5818 τοῦ
685 5768 830 5821 Θεοῦ
859 5770 890 5818 ό
931 5767 1082 5830 Υἱὸς,
1108 5767 1219 5835 οὐχ
1254 5762 1699 5835 ὡςᾲέκ-Πατρὸς

146 5833 231 5890 δὲ
256 5835 387 5891 ἀλλ’
435 5837 514 5900 ὡς
560 5835 627 5898 ἐξ
660 5837 884 5904 ἐτέρου,
933 5837 1120 5898 αἴτιος
1159 5834 1225 5886 δὲ
1259 5833 1364 5886 τοῦ
1402 5833 1552 5886 εἶναι
1600 5836 1696 5889 καὶ

449 5933 716 5993 ΡΑτιιοι.
751 5934 862 5992 Gn.
893 5930 1131 5992 XXIX.

1838 1973 2089 2018 naturam
2142 1962 2338 2017 erunt?
2370 1963 2425 2019 Si
2473 1962 2615 2020 Deus
2643 1974 2898 2033 oneratur
2925 1972 2982 2017 ut
3009 1963 3184 2019 nullus
3233 1966 3401 2027 alius,

1835 2053 2002 2108 etiam
2033 2069 2156 2106 eum
2189 2064 2428 2122 generat,
2466 2056 2744 2123 generabit
2771 2063 2826 2106 ut
2849 2069 2951 2107 non
2977 2054 3113 2110 alius
3149 2073 3164 2111 :
3197 2057 3395 2124 Quippe

1835 2131 1956 2198 cum
2002 2145 2142 2198 nulla
2195 2160 2250 2199 re
2290 2146 2341 2199 in
2383 2145 2526 2201 nulla
2569 2163 2623 2203 re
2677 2147 2820 2202 Deus
2867 2155 3041 2215 potest
3075 2147 3400 2216 comparari.

1833 2237 1986 2306 Quod
2043 2238 2120 2303 ιιι,
2166 2254 2270 2292 non
2316 2255 2382 2294 ex
2428 2239 2728 2294 substantia
2790 2238 3038 2293 facientis
3091 2247 3174 2292 est
3209 2251 3223 2288 :
3254 2239 3396 2306 quod

1833 2347 1960 2387 vero
1990 2345 2305 2402 generatur,
2345 2350 2414 2390 ex
2461 2335 2570 2405 ipsa
2613 2335 2912 2390 substantia
2944 2334 3252 2403 generantis
3279 2343 3400 2389 est:

1833 2439 1938 2478 non
1971 2437 2100 2492 ergo
2132 2426 2272 2478 idem
2303 2434 2383 2480 est
2405 2424 2586 2481 facere
2608 2436 2660 2480 et
2689 2439 2968 2492 generare.
3005 2425 3060 2478 Si
3084 2440 3147 2479 ex
3179 2424 3288 2478 Deo
3319 2435 3403 2478 est

1836 2512 2028 2577 Filius,
2065 2529 2168 2566 non
2196 2517 2330 2568 sicut
2362 2529 2425 2569 ex
2458 2516 2642 2580 Patre,
2665 2518 2757 2570 sed
2787 2517 2927 2569 velut
2956 2532 3018 2570 ex
3046 2517 3150 2571 alio
3186 2539 3200 2572 ;
3233 2533 3397 2572 causa

1846 2618 1972 2658 vero
2002 2615 2058 2658 ut
2093 2605 2260 2659 simus
2297 2606 2448 2659 nobis
2472 2607 2631 2659 etiam
2685 2606 2822 2659 Dens
2853 2617 2936 2660 est
2964 2624 2976 2658 :
3001 2623 3063 2660 ex
3101 2610 3219 2674 ipso
3255 2610 3402 2662 enim

1835 2697 2053 2759 omnia;
2109 2713 2214 2751 non
2268 2697 2424 2752 aliter
2459 2713 2587 2767 ergo
2632 2697 2751 2751 Filii
2807 2696 2967 2752 Pater
2998 2708 3100 2763 est,
3123 2700 3278 2754 aliter
3307 2715 3401 2754 no-

1835 2797 1969 2852 ster,
1995 2791 2090 2843 sed
2109 2789 2380 2845 similiter.
2411 2789 2474 2843 Et
2503 2792 2594 2860 qui
2622 2791 2775 2845 lierct
2802 2800 2858 2844 ut
2887 2790 2939 2844 id
2971 2791 3264 2847 absurdum
3293 2805 3400 2845 non

1837 2883 2014 2937 esset?
2049 2881 2104 2937 Si
2135 2881 2266 2936 nihil
2298 2882 2474 2936 simile
2512 2892 2565 2934 et
2606 2882 2811 2948 mquale
2860 2883 2964 2934 Deo
2990 2891 3073 2934 est
3093 2890 3285 2949 printer
3313 2880 3402 2936 Fi-

1834 2971 1984 3036 lium,
2011 2971 2378 3039 exemplorum
2403 2970 2604 3023 nullum
2630 2970 2876 3022 similiter
2902 2970 3120 3022 omnino
3147 2971 3396 3026 dicetur:

1832 3062 2096 3129 siquidem
2133 3075 2294 3130 super
2314 3061 2494 3114 omnia
2524 3061 2684 3114 Deus.
2715 3060 2863 3126 Quod
2892 3061 2942 3115 in
2977 3059 3144 3116 forma
3182 3062 3270 3118 Dei
3293 3075 3396 3130 est,

1835 3154 1886 3207 in
1917 3154 2220 3208 substantia
2248 3153 2340 3208 Dei
2372 3164 2475 3210 est.
2510 3153 2623 3209 Non
2655 3154 2800 3209 enim
2845 3153 2988 3207 aliud
3025 3155 3218 3218 forma,
3254 3156 3400 3210 aliud

1831 3248 2129 3303 siibstantia
2169 3247 2280 3306 Dei,
2328 3257 2385 3300 ut
2431 3263 2498 3303 ne
2539 3249 2876 3316 compositus
2919 3248 3008 3300 sit.
3044 3246 3272 3302 Proinde
3306 3250 3398 3319 qul

1829 3339 2052 3406 aequalis
2096 3345 2179 3392 est
2222 3336 2517 3390 secundum
2576 3337 2841 3398 formam,
2883 3338 3047 3390 etiam
3109 3340 3396 3394 secundum

1827 3431 2182 3484 substantiam
2224 3428 2448 3498 aequalis
2491 3437 2594 3482 est.
2639 3428 2696 3481 Si
2749 3429 2960 3496 genitus
2997 3429 3172 3484 minor
3211 3443 3294 3486 est
3331 3447 3397 3486 eo

1827 3523 1916 3591 qui
1948 3522 2154 3591 genuit,
2189 3536 2294 3573 non
2333 3519 2489 3588 culpa
2513 3528 2597 3574 est
2619 3521 2804 3588 geniti,
2832 3529 2926 3574 sed
2957 3521 3211 3589 genitoris
3247 3523 3396 3576 inlir-

1829 3614 2007 3667 mitas.
2036 3617 2139 3666 Ant
2175 3612 2319 3667 enim
2371 3628 2480 3681 pra:
2522 3613 2719 3666 invidia
2754 3628 2859 3666 non
2909 3612 3032 3666 fecit
3088 3616 3392 3684 aequalem:

1827 3715 1920 3758 aut
1947 3720 2055 3773 prae
2089 3705 2400 3772 impotentia
2429 3719 2530 3759 non
2570 3705 2754 3775 genuit
2793 3705 3045 3759 similem.
3075 3704 3234 3760 Pater
3272 3716 3395 3761 ante

1831 3795 2022 3850 Filium
2064 3795 2109 3849 si
2141 3808 2278 3861 erat,
2309 3796 2526 3852 alterius
2570 3797 2866 3865 cujuspiam
2913 3798 3218 3850 necessario
3244 3806 3395 3865 pater

1829 3902 2135 3946 eratznam
2181 3894 2383 3962 absque
2442 3891 2553 3947 (ilio
2594 3900 2747 3961 pater
2797 3892 2904 3944 dici
2959 3907 3062 3945 non
3105 3899 3298 3959 potest.
3333 3893 3391 3950 Si

1821 4155 2018 4221 ἡμῖν-ό
2047 4158 2212 4220 Θεός,
2242 4165 2349 4211 etc.
2384 4153 2441 4209 Si
2474 4170 2538 4209 ea:
2571 4155 2674 4210 Deo
2726 4169 2802 4211 eu
2845 4156 3038 4223 Filius,
3074 4175 3176 4211 non
3223 4168 3278 4210 ut
3325 4170 3389 4210 ex

1828 4225 2006 4289 Patre,
2034 4227 2122 4279 sed
2163 4226 2297 4278 velut
2327 4243 2392 4279 ea:
2429 4227 2533 4278 alio
2555 4243 2574 4290 ;
2599 4244 2760 4280 causa
2787 4239 2960 4280 autem
2994 4239 3047 4279 ut
3094 4229 3259 4279 simus
3296 4244 3390 4278 n0-

1824 4296 1901 4366 ln's
1930 4297 2085 4348 etiam
2131 4294 2265 4349 Deus
2294 4309 2388 4361 est,
2419 4307 2524 4349 etc.
2576 4296 2881 4366 Legendum
2914 4301 3126 4349 videtur
3158 4296 3272 4348 ἀλλ’
3313 4296 3388 4358 ὡς

1822 4364 1879 4431 ἐξ
1916 4366 2111 4430 αἰτίου,
2139 4368 2228 4419 sed
2267 4367 2399 4419 velut
2438 4382 2500 4420 ex
2536 4364 2716 4419 causa.
2761 4368 3068 4419 Dilliciliora
3107 4375 3234 4418 sunt
3269 4381 3388 4432 qua:

1821 4437 1978 4504 paulo
2009 4446 2127 4504 post
2160 4449 2497 4506 sequuntur:
2531 4437 2640 4489 Καὶ
2674 4437 2790 4499 πῶς
2824 4436 2923 4506 οὐκ
2948 4436 3164 4494 ἄτοπον,
3191 4437 3238 4487 εἰ
3281 4452 3386 4505 μηι

1819 4505 1905 4577 δὲν
1930 4508 2111 4577 ὅμοιον
2139 4505 2375 4577 καιῐσον
2408 4506 2545 4576 Θεῷ,
2578 4507 2715 4576 πλὴν
2745 4505 2895 4567 Υἱοῦ,
2944 4506 3091 4577 οὐδὲν
3138 4506 3389 4575 ἀπαραλ-

1816 4575 2025 4641 λάκτως
2046 4577 2153 4629 τῶν
2186 4575 2599 4646 ὑποδειγμάτων
2622 4575 2897 4646 εἰρήσεται
2925 4592 2937 4639 ;
2979 4575 3070 4628 Vix
3101 4577 3202 4629 ulla
3243 4581 3387 4628 vide-

1819 4659 1903 4699 tur
1936 4648 2205 4700 sententia
2233 4663 2296 4699 ex
2329 4648 2410 4698 liis
2435 4649 2612 4699 verbis
2638 4663 2751 4700 el'ttl
2791 4663 2967 4714 posse,
3002 4648 3103 4700 nisi
3142 4647 3385 4714 legamus

1817 4717 1945 4786 περὶ
1974 4715 2101 4767 Υἰοῦ
2146 4726 2198 4768 ει
2240 4715 2828 4786 τῶνίῦποόεεστάτων.
2868 4716 2931 4768 Et
2982 4721 3242 4786 quomodo
3280 4731 3380 4768 non

1817 4783 2063 4844 absurde.
2100 4787 2142 4836 si
2186 4787 2316 4837 nihil
2344 4785 2450 4838 Deo
2482 4787 2652 4838 simile
2680 4797 2728 4838 et
2754 4783 3078 4848 (zonula—de
3122 4783 3264 4837 Filio
3306 4787 3383 4837 ni-

1815 4856 1890 4907 hil
1913 4858 2050 4924 quod
2073 4856 2285 4922 ili/ferat
2315 4856 2378 4907 ab
2411 4855 2604 4921 inﬁmis
2637 4858 2786 4910 rebus
2820 4858 3066 4909 dicetur?
3109 4852 3380 4909 Probatur

1819 4928 1918 4978 hoc
1946 4928 2062 4978 loco
2097 4925 2257 4977 Deum
2295 4941 2400 4978 non
2450 4927 2604 4978 aliter
2633 4925 2749 4979 Filii
2805 4927 3012 4979 Patrem
3050 4939 3188 4987 esse,
3219 4940 3378 4991 quam

1817 4997 2113 5060 hominum,
2148 4997 2189 5048 si
2245 4995 2410 5048 Filius
2464 5011 2528 5048 ex
2564 4995 2671 5048 Deo
2722 5007 2824 5060 est,
2859 5012 2964 5049 non
2999 5005 3055 5046 ut
3098 5010 3162 5046 cx
3197 4993 3377 5056 Patre,

1815 5067 1908 5119 sed
1946 5076 2002 5118 ut
2027 5080 2093 5119 ex
2127 5079 2309 5119 causa.
2343 5065 2518 5130 Quare
2563 5082 2662 5119 non
2700 5067 2970 5120 innnerito
2997 5065 3296 5118 ostenditur
3327 5065 3378 5116 id

1814 5152 1882 5188 ex
1953 5137 2320 5190 hazreticorum
2383 5138 2647 5190 sententia
2705 5136 2984 5204 consequi,
3032 5134 3378 5204 utquamvis

1815 5205 1954 5259 Deus
1990 5209 2060 5258 sit
2117 5205 2301 5266 Filius,
2338 5221 2437 5259 nec
2477 5207 2582 5258 Deo
2631 5202 2924 5274 quidquam
2971 5202 3149 5256 simile
3206 5202 3279 5256 sit
3324 5211 3379 5255 et

1815 5275 2043 5343 aequale,
2072 5276 2138 5329 de
2177 5276 2310 5328 Filio
2340 5276 2682 5344 tameninilnl
2718 5275 3058 5344 praestantius
3095 5286 3256 5340 quam
3311 5275 3379 5326 de

1815 5346 2013 5400 inlimis
2044 5349 2204 5398 rebus
2241 5347 2470 5398 dicatur.
2504 5343 2716 5397 MAKAN.

1885 5415 1994 5484 (59)
2023 5416 2158 5468 Editi
2189 5415 2297 5466 ἴσον
2330 5415 2486 5468 Θεοῦ.
2515 5414 2665 5469 Libri
2689 5423 2894 5470 veteres
2925 5413 3064 5483 Θεῷ.
3097 5411 3220 5466 Mox
3243 5412 3376 5481 Reg.

1811 5497 2036 5556 quartus
2063 5485 2201 5556 ὑπὲρ
2229 5486 2424 5556 πάντα.

1882 5555 1992 5624 (40)
2025 5551 2181 5620 Editi
2216 5555 2595 5624 γεννήσαντος.
2631 5555 2692 5608 El
2722 5555 2748 5606 6
2785 5556 2974 5626 Πατὴρ
3215 5567 3373 5626 quam

1812 5622 2053 5679 mutilam
2109 5622 2429 5692 scripturam
2468 5638 2534 5678 ex
2567 5635 2795 5692 quatuor
2831 5622 2963 5680 mss.
3011 5622 3373 5692 restituimns.

1814 5696 1856 5749 E
1881 5696 2097 5764 regione
2128 5691 2273 5749 vocis
2294 5693 2564 5765 φθονήσας
2586 5691 2791 5765 legitur
2840 5698 2894 5752 in
2944 5693 3192 5762 margine
3225 5691 3376 5758 Regii

1808 5763 1984 5837 quarti
2014 5766 2106 5819 καὶ
2125 5767 2223 5818 οὐκ
2250 5763 2558 5833 ἐγέννησεν.

3025 5922 3104 5980 9:2
