4078 6316
146 409 264 460 677

1247 410 1614 469 ADVERSUS
1650 408 2017 467 EUNOMIUM
2055 407 2182 461 LIB.
2228 407 2315 463 Ν.

3279 408 3385 461 6‘78

145 528 330 598 χωρὶς
363 531 452 583 τοῦ
497 528 726 599 Πατρὸς,
764 529 898 583 ἀλλά
936 531 1028 585 καὶ
1062 532 1199 604 μετὰ
1225 532 1284 584 τὸ
1334 535 1479 587 ποτὲ
1502 535 1694 607 εὑρεθή

1827 530 2197 587 creatorzsed
2256 536 2314 583 ut
2363 525 2494 591 vult,
2538 530 2610 585 ita
2656 536 2711 585 et
2761 526 2909 582 facit.
2967 525 3024 581 Si
3078 524 3220 582 Deus
3278 540 3385 581 non

149 632 333 670 σεται.
378 620 560 688 Ἠμῶν
589 618 873 685 λεγόντων,
915 623 1127 693 Πατρὸς
1172 622 1321 686 ὄντος
1361 623 1467 686 ἀεὶ,
1506 626 1717 694 ἀνάγκη

144 710 251 760 καὶ
286 710 361 761 τὸν
377 711 499 761 Υἱὸν
521 704 657 761 εἶναι
681 709 785 775 ἀεὶ,
814 713 1008 768 ἐκεῖνοί
1047 730 1206 781 φασιν
1227 730 1241 745 ’
1280 715 1507 782 Οὐκοῦν,
1533 718 1717 785 ἐπειδὴ

145 801 250 853 καὶ
291 804 317 853 6
358 801 479 860 Υἱὸς
531 800 619 851 ἀεὶ
671 801 1013 877 δημιουργὸς,
1068 805 1159 857 καὶ
1202 809 1233 876 ή
1276 806 1600 876 δημιουργία
1634 810 1719 861 ἀεὶ

143 892 333 952 ἔσται,
376 891 467 948 καὶ
513 892 682 957 οὕτως
709 896 858 950 ἔσται
911 897 1055 964 καὶὴ
1102 896 1427 968 δημιουργία
1454 901 1718 961 συναῖδιος

144 984 330 1051 Ila.th
359 984 450 1035 καὶ
482 983 613 1056 Υἱῴ.
659 988 795 1040 Ἀλλ’
835 992 861 1040 6
908 984 1072 1037 εἰπὼν
1102 987 1426 1059 δημιουργὸν
1459 990 1555 1059 οὐχ
1603 991 1719 1058 ἅμα

143 1075 248 1125 καὶ
274 1073 369 1143 τὴν
390 1075 743 1148 δημιουργίαν
764 1079 927 1144 λέγει.
955 1078 1027 1129 Οὐ
1051 1078 1157 1151 γὰρ
1178 1080 1255 1151 τῷ
1294 1079 1559 1148 οἰκοδόμῳ
1604 1097 1722 1131 συν-

142 1166 390 1234 υπάρχει
420 1169 478 1220 τὸ
507 1171 757 1237 οἰκοδόμη
768 1186 860 1237 μα,
880 1170 999 1221 οὐδὲ
1018 1171 1093 1241 τῷ
1111 1170 1373 1240 ναυπηγῴ
1395 1171 1454 1222 τὸ
1490 1172 1715 1237 σκάφος.

155 1256 228 1307 Ἠ
268 1258 364 1325 μὲν
397 1261 502 1331 γὰρ
526 1262 632 1331 (49)
656 1262 980 1330 δημιουργία
1010 1266 1065 1316 ἐν
1096 1266 1171 1334 τῷ
1204 1263 1539 1334 δημιουργῷ,
1568 1264 1629 1316 τὸ
1660 1264 1716 1316 δὲ

140 1346 646 1424 δημιουργούμενον
693 1355 829 1422 μετά
875 1356 964 1409 τὸν
992 1356 1341 1427 δημιουργόν.
1398 1357 1614 1427 Πατέρα
1661 1356 1716 1408 δὲ

138 1440 324 1495 εἰπεῖν
355 1445 630 1509 ἀδύνατον,
659 1443 731 1515 μὴ
759 1445 905 1511 ὄντος
932 1448 1080 1500 Υἱοῦ.
1112 1447 1221 1499 Καὶ
1247 1448 1274 1497 ὁ
1296 1447 1461 1501 εἰπὼν
1492 1449 1715 1519 Πατέρα

137 1532 248 1603 οὐχ
272 1535 451 1596 ἁπλῶς
485 1534 722 1605 Πατέρα,
748 1538 883 1592 ἀλλά
909 1556 1052 1600 τινος
1080 1538 1227 1605 λέγει
1260 1537 1498 1611 Πατέρα.

1826 632 2082 694 generat;
2132 632 2225 677 aut
2288 620 2412 691 quia
2455 622 2675 676 omnino
2720 635 2825 676 non
2878 626 3072 688 potest,
3111 624 3205 672 aut
3256 618 3385 687 quia

1828 730 1932 768 non
1970 713 2100 775 vult,
2136 728 2240 767 non
2282 720 2525 782 generat.
2559 709 2683 776 Sed,
2711 713 2754 766 si
2796 724 2902 766 non
2938 717 3135 777 potest,
3163 705 3386 762 interior

1827 813 1909 857 est
1944 813 2132 855 natura
2169 818 2254 868 ea,
2287 816 2405 871 quae
2435 811 2678 870 generat,
2722 814 2945 871 quaeque
2994 797 3227 869 perfecta
3278 808 3385 861 cst,

1827 904 2185 963 praeterquam
2207 895 2345 959 quod
2376 892 2538 947 etiam
2572 890 2848 943 imbecillis
2875 903 2957 947 est
2989 908 3003 945 :
3040 891 3083 947 si
3106 903 3233 944 vero
3259 904 3384 944 cum

1824 996 2024 1055 posset,
2079 982 2281 1045 noluit;
2342 982 2484 1053 quod
2538 981 2725 1035 habuit
2764 991 2977 1047 natura,
3028 984 3080 1038 id
3110 982 3387 1038 voluntate

1822 1079 2081 1133 cohibuit.
2126 1077 2326 1143 Quare,
2360 1075 2461 1129 etsi
2511 1074 2745 1129 nondum
2801 1074 3018 1143 genuit,
3071 1083 3249 1131 tamen
3293 1073 3383 1130 ubi

1820 1170 2094 1233 voluerit,
2142 1167 2419 1238 generabit
2483 1168 2665 1236 utique
2732 1164 3042 1233 aliquando.
3095 1166 3153 1219 Si
3214 1168 3383 1223 Filius

1822 1261 2108 1329 aliquando
2158 1276 2261 1315 non
2318 1267 2455 1323 erat,
2506 1259 2633 1312 illud
2668 1297 2684 1322 ,
2732 1258 3016 1326 aliquando
3048 1299 3064 1324 ,
3114 1270 3238 1327 post
3285 1277 3383 1329 ge-

1822 1354 2050 1407 nitorem
2089 1352 2301 1422 quidem
2339 1350 2463 1416 erit,
2505 1353 2597 1406 sed
2641 1359 2764 1405 ante
2816 1351 3074 1420 genitum.
3117 1348 3233 1405 Non
3280 1352 3382 1422 igi-

1823 1455 1930 1510 tur,
1969 1444 2129 1498 Patre
2163 1453 2412 1511 excepto,
2450 1455 2573 1497 ante
2606 1443 2784 1497 omnia
2825 1440 2993 1495 Filius
3018 1450 3098 1496 est
3130 1461 3144 1496 :
3193 1457 3383 1498 verum

1820 1537 1985 1593 etiam
2040 1543 2161 1607 post
2192 1534 2339 1597 illttd,
2391 1534 2695 1602 aliquando,
2753 1548 2872 1589 esse
2908 1534 3233 1590 invenietur.
3270 1534 3383 1590 Nos

140 1644 274 1681 cum
307 1629 557 1689 dicimus,
589 1632 730 1698 quod
772 1646 892 1684 cum
937 1630 1098 1684 Pater
1126 1646 1338 1701 semper
1367 1635 1457 1699 sit,
1484 1647 1704 1686 necesse
1736 1641 1819 1685 est
1882 1632 2045 1684 etiam
2120 1627 2316 1681 Filium
2365 1640 2575 1693 semper
2611 1640 2765 1688 esse;
2816 1626 2889 1680 illi
2920 1626 3106 1681 dicunt
3156 1646 3170 1680 :
3218 1626 3384 1697 Igitur

144 1740 278 1778 cum
310 1732 363 1775 et
392 1721 560 1778 Filius
595 1740 806 1793 semper
835 1722 1014 1790 opifex
1042 1725 1132 1789 sit,
1170 1728 1446 1795 opiﬁcium
1502 1741 1717 1796 quoque
1754 1740 1966 1793 semper
1999 1725 2128 1788 erit,
2188 1724 2377 1792 sicque
2411 1720 2684 1788 opiﬁcium
2715 1721 2877 1775 etiam
2916 1737 3019 1776 una
3046 1737 3168 1777 cum
3220 1720 3383 1776 Patre

137 1829 199 1870 et
232 1816 367 1870 Filio
400 1828 659 1873 aeternum
704 1820 825 1873 erit.
884 1820 954 1873 At
1003 1822 1089 1887 qui
1123 1822 1259 1874 dixit
1285 1820 1555 1889 opiﬁcem,
1590 1838 1695 1875 non
1737 1820 2077 1875 simuletiam
2114 1820 2388 1889 Opiﬁcium
2454 1817 2611 1872 dixit.
2646 1816 2761 1871 Non
2823 1816 2967 1872 enim
3000 1834 3106 1873 una
3136 1834 3258 1875 cum
3306 1836 3381 1873 ae-

134 1907 423 1964 diﬁcatore
469 1912 752 1965 aediﬁcium
785 1911 1023 1973 exsistit,
1069 1927 1243 1981 neque
1277 1928 1382 1966 una
1451 1928 1573 1966 cum
1609 1915 1826 1967 navium
1891 1912 2215 1967 fabricatore
2255 1910 2474 1981 scapha.
2542 1909 2637 1964 Est
2669 1910 2814 1964 enim
2881 1911 3123 1979 operatio
3185 1911 3238 1965 in
3267 1910 3379 1979 opi-

139 1998 249 2051 ﬁce
279 2017 292 2053 :
319 2000 489 2071 ipsum
530 2010 709 2055 autem
745 2018 881 2073 Opus
920 2014 1038 2073 post
1083 2004 1357 2073 opiﬁcem.
1390 2004 1559 2059 Porro
1596 2006 1710 2059 ﬁeri
1753 2020 1857 2059 non
1891 2015 2070 2075 potest
2108 2015 2167 2057 ut
2194 2004 2352 2059 Pater
2379 2004 2587 2059 dicatur
2618 2018 2757 2070 esse,
2791 2002 2898 2058 nisi
2958 2002 3031 2057 sit
3091 2002 3282 2060 Filius.
3314 2004 3374 2057 Et

131 2092 235 2161 qui
270 2091 481 2147 Patrem
538 2092 695 2158 dixit,
749 2110 854 2149 non
886 2095 1199 2163 simpliciter
1225 2093 1459 2161 Patrem,
1488 2098 1582 2151 sed
1622 2097 1847 2167 alicujus
1881 2096 2093 2151 Patrem
2118 2096 2269 2149 dixit.

210 2186 267 2239 2.
309 2188 457 2249 Θεὸς,
505 2187 596 2239 καὶ
626 2188 851 2259 Κύριος,
889 2190 983 2241 καὶ
1018 2192 1431 2262 παντοκράτωρ.
1476 2194 1567 2245 καὶ
1608 2194 1707 2245 Σα-

1888 2230 1938 2245 ...
1971 2191 2134 2253 Dens,
2165 2198 2219 2243 et
2255 2188 2533 2255 Dominus,
2566 2196 2620 2243 et
2640 2188 2998 2257 omnipotens.
3025 2201 3081 2244 et
3110 2189 3373 2257 Sabaoth,

130 2278 291 2331 ϐαὼο
331 2279 463 2345 (30),
497 2281 591 2332 καὶ
625 2278 721 2341 ὢν,
754 2281 848 2332 καὶ
890 2280 1135 2344 Ἀδωναῒ,
1174 2284 1267 2334 καὶ
1316 2284 1489 2347 Ἑλωῒ,
1520 2286 1546 2336 6
1577 2284 1706 2336 Θεὸν·

128 2371 192 2422 ἐν
226 2372 345 2431 ταῖς
375 2370 611 2439 Ι’ραφαίς
642 2373 851 2441 εἴρηται
879 2387 891 2399 ·
924 2372 1215 2442 ἀγέννητος
1252 2374 1309 2426 δὲ
1349 2374 1606 2444 away/,1.
1642 2378 1707 2430 Εἰ

126 2462 191 2513 δέ
235 2478 317 2523 τις
357 2462 448 2514 καὶ
474 2461 631 2515 τοῦτο
663 2465 1027 2533 συγχωρήσει,
1058 2465 1230 2518 καὶτὸ
1264 2464 1589 2533 ἀγέενητος
1616 2466 1709 2518 καὶ

127 2552 208 2604 τὰ
262 2552 593 2623 προκείμενα
648 2555 888 2623 ὀνόματα
940 2554 1117 2623 λέγειν
1165 2558 1396 2625 ἁρμόσει
1442 2557 1534 2607 καὶ
1582 2556 1709 2608 Ἰου-

126 2644 308 2707 δαίοις
325 2648 415 2698 καὶ
444 2649 595 2699 πᾶσιο
618 2648 959 2717 Χριστιανοίς
977 2647 1031 2698 δὲ
1053 2647 1235 2710 urina";
1264 2646 1323 2697 τὸ
1352 2646 1554 2713 Πατὴρ
1574 2649 1706 2713 Χρι-

126 2735 310 2789 στοῦ.
341 2738 401 2789 Εἰ
452 2732 543 2789 οὖν
606 2775 649 2790 ..
703 2755 859 2805 μονον
908 2735 1140 2807 χωρίζον
1196 2738 1342 2805 ἡμᾶς
1394 2736 1501 2789 τῶν
1534 2738 1707 2791 ἄλλων

124 2827 359 2895 ψευδὲς,
405 2830 496 2881 καὶ
537 2828 634 2880 οὐκ
666 2828 859 2897 ἀληθὲς
892 2828 1025 2894 (51),
1062 2827 1154 2879 καὶ
1197 2828 1367 2897 ὄνομα
1402 2828 1568 2893 θέσει,
1614 2829 1707 2882 καὶ

124 2919 193 2969 οὐ
242 2921 469 2986 πρᾶγμα
508 2918 701 2984 φύσει·
756 2918 955 2988 ψευδὴς
998 2920 1030 2987 ἡ
1078 2920 1261 2982 πίστις
1319 2921 1498 2991 ἡμῶν,
1535 2922 1628 2973 καὶ

124 3015 291 3076 ἐλπὶς
326 3014 544 3083 ματαία.
580 3008 652 3067 Οῦ
684 3014 788 3085 γὰρ
822 3014 1072 3078 ἀϐέϐαιος
1118 3017 1149 3084 ή
1197 3014 1361 3086 ἀρχὴ,
1405 3017 1499 3068 καὶ
1530 3016 1590 3069 τὸ
1623 3016 1708 3068 τέ-

123 3108 227 3168 λος
266 3106 572 3176 ἀνίσχυρον.
621 3106 786 3161 Πάλιν
824 3107 1133 3178 ἐρωτῶσιν·
1170 3109 1233 3161 El
1268 3106 1342 3161 ὢν
1386 3107 1647 3179 ἐγεννήθη
1678 3109 1705 3160 6

125 3199 336 3269 Υίὸς,ῆ
369 3200 439 3269 μὴ
475 3198 546 3250 ὧν
567 3216 579 3228 ⁸
618 3200 859 3268 ἀσαφοῦς
888 3202 981 3252 καὶ
1014 3201 1342 3271 κακοτέχνου
1374 3202 1473 3271 τῆς
1503 3202 1706 3272 ἐρωτή-

125 3308 274 3353 σεως
299 3291 463 3360 οὗσης
507 3291 702 3343 αὐτῶν.
756 3294 1141 3361 Αἰσχυνομενοι
1192 3294 1299 3363 γὰρ
1324 3294 1383 3345 τὸ
1415 3295 1577 3357 πότε,
1611 3294 1705 3346 καὶ

121 3383 203 3434 ἐν
229 3382 442 3449 χρόνῳ,
476 3381 767 3450 ἐρωτῆσαι,
790 3381 851 3432 τὸ
875 3378 956 3432 ὢν
988 3382 1253 3447 λέγουσιν.
1308 3383 1702 3455 Ἀντερὼτησον

120 3475 335 3538 αὐτούς
356 3492 369 3503 ⁸
408 3477 469 3527 Εἰ
503 3475 577 3527 ὢν
618 3478 645 3527 6
670 3476 800 3538 Θεὸς
823 3477 1011 3546 Πατὴρ
1042 3476 1132 3528 τὸν
1168 3477 1295 3529 Υἱὸν
1330 3479 1637 3550 ἐγέννησεν,
1668 3480 1699 3550 ἦ

123 3570 210 3639 μὴ
236 3571 310 3621 ὢν
334 3569 522 3639 Πατήρ
544 3566 645 3632 ;Ἐί
678 3569 773 3637 μὲν
811 3568 920 3638 γὰρ
950 3567 1025 3619 ὢν
1054 3568 1266 3639 Πατὴρ,
1293 3569 1368 3621 ὢν
1397 3570 1525 3622 ὅντα
1551 3571 1703 3637 ἐγένο
1731 3550 1773 3605 C

122 3677 325 3729 νησεν’
362 3663 408 3712 εί
447 3660 503 3713 δὲ
539 3660 635 3712 οὑκ
672 3658 767 3721 ὢν,
800 3659 1054 3727 γεννητὸς
1088 3660 1181 3712 καὶ
1212 3661 1271 3711 οὐ
1295 3658 1455 3729 φύσει
1489 3664 1697 3733 Πατήρ.

121 3754 321 3804 Πᾶσαν
369 3752 425 3803 δὲ
480 3751 807 3820 φιλονεικίαν
838 3750 1016 3804 αὐτῶν
1047 3751 1423 3805 ἀποκλείουσιν
1456 3754 1511 3804 αἱ
1561 3752 1700 3807 θεῖαι

120 3841 362 3909 l‘pacpal,
395 3841 635 3901 Μωσέως
673 3840 770 3908 μὲν
810 3840 1035 3909 βοῶντος
1063 3841 1191 3909 περὶ
1218 3840 1312 3893 τοῦ
1343 3841 1497 3908 Υίοῦ,
1533 3842 1593 3894 ’0
1617 3842 1701 3894 ὢν

118 3950 200 4001 με
228 3930 573 3984 ἀπέστειλε·
605 3931 697 3983 τοῦ
720 3932 774 3982 δὲ
797 3934 1204 3999 εὐαγγελιστοῦ,
1254 3934 1349 3986 Ἐν
1369 3934 1527 4003 ἀρχῇ
1559 3930 1638 4003 ἦν
1665 3936 1696 3987 ὁ

120 4027 339 4092 Λόγος.
373 4023 481 4076 Καὶ
516 4024 613 4092 οὐχ
654 4022 801 4087 ἅπαξ
849 4026 909 4076 τὸ
947 4023 1042 4095 ἦν,
1097 4026 1233 4078 ἀλλά
1266 4027 1544 4097 τέταρτον.
1588 4030 1697 4081 Καὶ

122 4113 293 4167 πάλιν
325 4111 555 4182 ἀλλαχοῦ
576 4128 589 4140 ⁸
634 4112 695 4164 '0
728 4111 812 4165 ὢν
836 4112 904 4165 ἐκ
932 4114 1036 4166 τοῦ
1070 4116 1214 4167 Θεοῦ
1235 4132 1247 4145 ·
1291 4117 1403 4167 καί·
1452 4117 1502 4167 Ὁ
1526 4114 1611 4167 ὢν
1629 4117 1697 4168 ἐν

121 4202 254 4268 τοῖς
289 4205 533 4266 κόλποις
559 4202 665 4255 τοῦ
698 4204 952 4269 Πατρός·
987 4206 1080 4256 καὶ
1105 4206 1161 4255 ὲν
1190 4207 1414 4275 ἑτέροις·
1449 4208 1499 4257 Ὁ
1519 4207 1603 4258 ὢν
1629 4208 1697 4259 ἐν

121 4293 209 4357 τῷ
240 4292 491 4361 οὐρανῷ
531 4294 639 4344 Καὶ
678 4294 735 4343 ὲν
766 4296 830 4363 τῇ
870 4294 1263 4363 Ἀποκαλύψεισ
1306 4296 1358 4346 '0
1392 4294 1493 4359 ὢν,
1527 4296 1621 4349 καὶ
1662 4300 1696 4349 ὀ

119 4383 207 4454 ἦν
236 4386 366 4455 (52),
418 4384 513 4437 καὶ
559 4386 591 4436 ό
622 4384 973 4451 ἐρχόμενος’
1005 4387 1097 4437 καὶ
1143 4386 1170 4436 6
1207 4386 1447 4449 Παῦλος·
1492 4388 1588 4451 Ὃς
1611 4383 1695 4439 ὢν

121 4477 493 4543 ἀπαύγασμα
520 4474 625 4541 τῆς
662 4474 883 4539 δόξης’
915 4477 1006 4528 καί
1028 4493 1040 4505 °
1078 4479 1181 4541 Ὃς
1210 4478 1279 4529 ἐν
1314 4476 1516 4545 μορφῇ
1546 4476 1692 4529 Θεοῦ

120 4567 453 4635 ὑπάρχων·
500 4568 595 4619 καὶ
638 4566 827 4619 πάλιν·
876 4567 940 4619 '0
988 4566 1073 4621 ὢν
1116 4570 1211 4621 ἐπὶ
1262 4569 1503 4623 πάντων
1550 4570 1692 4635 Θεὸς

119 4658 473 4724 εὑλογητός.
495 4655 557 4708 Εἰ
580 4656 828 4726 ἀληθινὸς
850 4656 1000 4719 Θεὸς,
1020 4660 1112 4710 καὶ
1139 4659 1271 4726 φῶς,
1291 4662 1384 4713 καὶ
1403 4662 1688 4732 ἄτρεπτος,

120 4754 221 4805 καὶ
250 4749 471 4817 ἀγαθὸς,
505 4751 597 4801 καὶ
623 4752 791 4818 ἅγιος,
819 4753 909 4803 καὶ
944 4751 1147 4822 Κύριος
1179 4756 1206 4805 6
1238 4755 1383 4817 Υἱὸς,
1417 4730 1588 4809 ταῦτα
1633 4730 1689 4809 δέ

124 4845 220 4897 καὶ
249 4845 277 4895 6
301 4841 486 4913 Πατὴρ
512 4841 608 4904 ὢν,
643 4844 739 4911 οὐχ
769 4846 968 4911 ὁμοίως
992 4846 1161 4909 ἐστὶν,
1204 4846 1337 4898 ἀλλά
1393 4846 1650 4917 μειζόνως
1670 4864 1682 4876 °
1722 4886 1765 4936 υ

121 4938 226 4987 οὐκ
263 4934 445 4991 οὐσίας
473 4934 709 5004 ὑπεροχῇ
753 4936 861 5005 (55)
909 4937 1043 4990 ἀλλά
1077 4938 1357 5006 ποιότητος
1391 4938 1685 5008 ὑπερϐολῇ.

197 5052 247 5082 ⁸⁸
275 5050 441 5103 Exod.
470 5066 555 5113 ιιι,
591 5050 677 5104 Η.
756 5052 797 5081 ⁵⁷
821 5050 973 5105 Joan.
1005 5069 1043 5117 ι,
1070 5054 1120 5107 1.
1199 5054 1242 5085 ⁸⁸
1268 5053 1425 5107 Joan.
1453 5070 1567 5118 vm,
1608 5056 1697 5119 4‘2,
1720 5051 1809 5105 Π.

122 5121 171 5155 ⁸³
209 5120 374 5174 Hebr.
408 5134 445 5187 ι,
476 5121 530 5176 5.
607 5121 650 5151 ⁸³
674 5120 865 5188 Philip.
900 5138 961 5187 ιι,
995 5124 1046 5177 6.
1124 5123 1168 5156 ⁸⁸
1198 5126 1353 5179 lion).
1394 5139 1466 5190 ιι,
1497 5125 1547 5177 5.

196 5259 447 5330 (49)111ιι,
483 5264 545 5315 Ἦ
586 5262 681 5333 μὲν
721 5262 847 5332 γάρ,
893 5272 1022 5327 etc.,
1073 5266 1151 5318 sic
1193 5265 1350 5317 velim
1397 5263 1675 5332 accipias:

120 5332 381 5387 Facultas
416 5334 490 5386 rei
538 5332 795 5386 iacienda:
833 5336 971 5387 inest
995 5334 1206 5401 quidem
1236 5336 1287 5387 in
1320 5334 1511 5401 opiﬁce
1544 5350 1555 5384 :
1583 5334 1675 5387 sed

122 5418 216 5455 res
248 5403 359 5469 ipsa
401 5416 519 5469 qua:
551 5402 796 5465 ellicitur,
832 5415 951 5469 post
982 5406 1154 5467 ipsum
1195 5412 1489 5471 permanet.
1520 5403 1672 5455 Haud

123 5472 283 5557 longe
313 5472 438 5525 editi
472 5472 563 5525 καὶ
599 5471 785 5523 εἰπών.
816 5474 1035 5541 Antiqui
1084 5474 1187 5527 duo
1216 5474 1335 5526 libri
1385 5474 1476 5524 καὶ
1527 5474 1555 5525 6
1595 5475 1672 5524 εἱ-

122 5558 265 5593 πων.

194 5610 310 5675 (50)
344 5609 545 5665 Nomen
588 5611 822 5665 Sabaoth
860 5625 1052 5666 nomen
1102 5612 1195 5665 Dei
1255 5627 1359 5664 non
1401 5625 1542 5674 esse,
1579 5611 1672 5665 sed

121 5694 345 5737 nomen.
376 5685 517 5749 quod
566 5682 658 5735 Dei
710 5683 907 5735 nomini
943 5682 1207 5751 jungitur,
1260 5682 1373 5751 jam
1413 5690 1673 5735 notarunt

119 5750 225 5803 viri
257 5752 549 5806 doctissimi
577 5752 800 5805 Ducatus
824 5761 876 5804 et
896 5750 1266 5805 Comtieﬁsius.

194 5819 306 5889 (5|)
344 5822 470 5893 lieg.
502 5834 725 5891 quartus
758 5822 855 5873 οὐκ
900 5821 1091 5889 ἀληθὲς
1132 5822 1266 5875 κατά
1308 5824 1431 5883 τοὺς
1477 5823 1673 5890 αἱρετι-

1810 2292 1863 2337 et
1896 2282 1988 2351 qui
2029 2290 2131 2347 est,
2169 2291 2223 2334 et
2251 2279 2492 2345 Adonai,
2539 2289 2596 2333 et
2640 2279 2752 2333 ΕΙοι
2804 2279 3105 2349 appellatur
3144 2278 3283 2336 Deus
3321 2283 3372 2335 in

1811 2376 2143 2443 Scripturis;
2186 2375 2460 2443 ingenitus
2490 2387 2618 2428 vero
2654 2388 2939 2442 nusquam.
2975 2372 3128 2439 Quod
3166 2372 3213 2427 si
3248 2374 3373 2443 quis

1812 2468 1914 2521 hoc
1945 2468 2108 2521 etiam
2141 2468 2502 2532 concesserit;
2542 2476 2599 2520 et
2649 2482 2839 2521 nomen
2889 2468 3181 2540 ingenitus,
3200 2476 3256 2523 et
3284 2483 3373 2521 re-

1811 2558 1917 2613 lata
1948 2560 2096 2627 prius
2128 2560 2338 2613 nomina
2364 2568 2421 2614 ut
2441 2558 2661 2625 Iudaeis,
2702 2560 2771 2611 ita
2818 2559 2939 2613 aliis
2970 2560 3218 2615 omnibus
3244 2575 3374 2629 pro-

1812 2651 1953 2705 ferre
1983 2653 2269 2706 conveniet
2302 2670 2315 2705 :
2362 2651 2685 2707 Christianis
2726 2666 2854 2705 vero
2897 2652 3026 2708 solis
3058 2653 3177 2715 hoc,
3210 2648 3374 2705 Pater

1809 2740 2028 2797 Christi.
2055 2743 2110 2797 Si
2160 2744 2322 2813 igitur
2353 2744 2493 2811 quod
2522 2743 2690 2799 solum
2716 2758 2744 2796 a
2769 2744 2977 2799 caeteris
3006 2757 3105 2797 nos
3132 2751 3371 2813 separat,

1811 2833 1863 2888 id
1903 2832 2096 2889 falsum
2134 2843 2234 2897 est,
2270 2850 2367 2889 nec
2395 2849 2601 2899 verum,
2631 2835 2674 2888 si
2708 2848 2903 2888 nomen
2938 2840 3026 2887 est
3058 2833 3368 2901 adoptione,

1808 2943 1915 2980 non
1949 2942 2035 2981 res
2058 2936 2271 2991 natura,
2298 2925 2431 2979 falsa
2460 2934 2545 2977 est
2573 2924 2705 2979 ﬁdes
2732 2934 2939 2989 nostra,
2968 2932 3022 2977 et
3055 2938 3178 2991 spes
3205 2937 3368 2977 vana.

1808 3018 1972 3087 Cujus
2000 3018 2142 3069 enim
2172 3015 2492 3084 principium
2531 3014 2801 3069 inﬁrmum
2823 3024 2926 3076 est,
2963 3014 3080 3082 ejus
3107 3016 3270 3069 etiam
3306 3015 3369 3068 li-

1810 3110 1894 3163 nis
1925 3109 2114 3163 debilis
2149 3120 2251 3162 est.
2284 3106 2491 3161 Rursus
2519 3106 2870 3177 interrogant,
2910 3104 3103 3161 Utrum
3134 3122 3256 3162 cum
3282 3121 3369 3161 es-

1807 3210 1908 3266 set,
1932 3199 2139 3271 genitus
2164 3200 2233 3254 sit
2255 3198 2444 3262 Filius,
2469 3213 2536 3253 an
2572 3213 2691 3253 cum
2714 3214 2818 3253 non
2845 3208 2987 3254 esset
3015 3216 3029 3253 :
3058 3208 3114 3253 at
3136 3199 3366 3253 obscura

1805 3305 1860 3351 et
1888 3295 2114 3365 maligna
2142 3302 2224 3348 est
2250 3306 2436 3348 eorum
2475 3292 2847 3362 interrogatio.
2872 3291 3109 3355 Etenim,
3132 3292 3256 3346 dum
3274 3305 3368 3344 ve-

1807 3396 1994 3441 rentur
2041 3385 2376 3456 interrogare
2422 3382 2655 3455 quando,
2685 3394 2739 3437 et
2780 3384 3122 3453 intempore;
3154 3383 3363 3449 dicunt,

1805 3495 1924 3531 cum
1977 3488 2127 3531 esset.
2170 3475 2280 3531 llos
2316 3475 2553 3530 vicissim
2595 3474 2885 3546 interrOga,
2945 3474 3184 3539 Deusne,
3241 3489 3361 3530 cum

1804 3579 1947 3624 esset
1983 3568 2163 3632 Pater,
2207 3567 2400 3621 Filium
2452 3565 2654 3637 genuit,
2689 3583 2756 3623 an
2786 3582 2908 3621 cum
2940 3582 3047 3620 non
3086 3575 3232 3621 esset
3257 3565 3361 3621 Pa-

1806 3654 1931 3707 ter?
1967 3653 2024 3707 Si
2054 3654 2198 3708 enim
2226 3669 2347 3708 cum
2379 3665 2521 3710 esset
2550 3655 2715 3710 Pater
2736 3695 2750 3719 ,
2786 3656 3054 3710 exsistens
3090 3655 3363 3710 essisten—

1803 3755 1909 3801 tem
1941 3747 2128 3815 genuit
2163 3763 2177 3798 :
2211 3755 2400 3801 contra
2440 3747 2483 3801 si
2514 3761 2635 3801 cum
2669 3762 2773 3801 non
2824 3756 2985 3811 esset,
3029 3747 3207 3802 factus
3253 3757 3360 3808 est,

1802 3851 1907 3891 non
1943 3845 2121 3891 autem
2152 3846 2341 3890 natura
2369 3836 2534 3907 282
2572 3835 2733 3891 Pater
2777 3848 2878 3892 est.
2909 3836 3135 3892 Omnem
3180 3847 3359 3890 autem

1800 3927 2041 3998 ipsorum
2066 3928 2471 3982 contentionem
2503 3926 2798 3980 excludunt
2819 3926 3017 3979 divinat
3040 3924 3356 3995 Scriptura,

1799 4034 1920 4073 cum
1950 4019 2126 4075 Moses
2155 4019 2370 4086 quidem
2405 4018 2599 4072 clamet
2634 4016 2699 4070 de
2732 4016 2868 4070 Filio
2899 4034 2912 4070 :
2944 4015 3048 4081 Qui
3080 4027 3177 4079 est,
3218 4016 3359 4070 misit

1797 4128 1878 4165 me
1907 4112 1952 4143 ⁸⁵
1980 4130 1992 4165 :
2029 4121 2083 4165 et
2108 4111 2468 4179 evangelista:
2505 4108 2573 4163 In
2611 4109 2867 4177 principio
2895 4118 3006 4162 erat
3040 4107 3264 4162 Verbum
3285 4108 3354 4163 ".

1797 4203 1908 4257 Nec
1931 4203 2097 4257 semel
2132 4203 2279 4266 dicit,
2318 4212 2451 4268 erat,
2500 4203 2591 4257 sed
2622 4208 2829 4269 quater.
2870 4199 2935 4254 Et
2959 4214 3144 4253 rursus
3179 4198 3306 4252 alibi
3338 4216 3355 4253 :

1799 4297 1905 4363 Qui
1931 4310 1995 4347 c.1-
2014 4294 2121 4349 Deo
2163 4307 2237 4349 est
2264 4296 2308 4327 "
2334 4314 2349 4361 ;
2393 4303 2448 4350 et
2478 4311 2491 4347 :
2523 4293 2627 4359 Qui
2653 4302 2729 4349 est
2760 4295 2815 4345 in
2838 4293 2955 4345 sinu
2988 4289 3166 4344 Patris
3192 4290 3274 4355 ";
3302 4300 3359 4345 et

1797 4389 1849 4442 in
1879 4388 1999 4442 aliis
2024 4405 2037 4441 :
2068 4387 2171 4451 Qui
2198 4396 2271 4439 est
2302 4388 2356 4439 in
2381 4385 2507 4439 caelo
2537 4386 2581 4416 ⁶⁰
2610 4400 2626 4450 ;
2692 4394 2747 4439 et
2780 4384 2834 4438 in
2862 4382 3214 4453 Apocalypsi:
3251 4382 3356 4447 Qui

1795 4488 1889 4537 est.
1924 4488 1971 4530 et
2009 4477 2097 4545 qui
2134 4487 2267 4537 erat,
2308 4486 2356 4530 et
2404 4477 2495 4545 qui
2542 4485 2787 4530 venturus
2810 4483 2885 4527 est
2914 4473 2993 4539 ⁶¹;
3031 4482 3083 4527 et
3108 4470 3305 4527 Paulus
3337 4490 3354 4527 :

1796 4568 1898 4634 Qui
1930 4584 2045 4620 cum
2075 4566 2399 4633 silsplen‘dor
2417 4565 2597 4636 gloria:
2618 4569 2700 4629 “;
2731 4574 2785 4618 et
2808 4582 2820 4617 :
2843 4564 2946 4629 Qui
2965 4580 3079 4616 cum
3110 4563 3357 4631 informa

1794 4659 1889 4713 Dei
1913 4670 2040 4711 esset
2070 4657 2115 4688 ⁸³
2139 4674 2153 4721 ;
2182 4666 2235 4711 et
2258 4672 2449 4713 rursus
2475 4675 2489 4711 :
2530 4656 2633 4722 Qui
2659 4666 2735 4712 est
2758 4658 2811 4709 in
2840 4657 3076 4710 omnibus
3109 4655 3244 4711 Deus
3267 4658 3355 4710 be-

1790 4750 2027 4802 nedictus
2069 4746 2133 4799 “.
2168 4748 2221 4800 Si
2250 4747 2419 4801 Filius
2448 4755 2533 4802 est
2558 4761 2717 4802 verus
2736 4747 2899 4811 Deus,
2931 4757 2985 4802 et
3011 4746 3123 4813 lux,
3159 4758 3214 4801 et
3252 4748 3354 4801 im—

1792 4841 2081 4901 mutabilis,
2116 4849 2169 4893 et
2205 4839 2394 4903 bonus,
2420 4848 2475 4895 et
2504 4849 2747 4903 sanctus,
2787 4848 2841 4893 et
2895 4838 3194 4895 Dominus:
3239 4840 3353 4895 haec

1796 4946 1972 4989 autem
2000 4944 2053 4989 et
2080 4934 2244 4989 Pater
2278 4949 2399 4989 cum
2435 4935 2528 4999 sit,
2556 4948 2662 4988 non
2686 4933 2937 4988 similiter
2964 4945 3069 4999 est,
3111 4935 3202 4989 sed
3235 4948 3350 4987 am-

1898 5051 1943 5084 ”
1964 5051 2120 5106 Joan.
2151 5066 2191 5117 ι,
2225 5049 2313 5105 18.
2413 5049 2457 5081 ⁸⁸
2484 5047 2639 5103 Joan.
2676 5062 2759 5115 ιιι,
2792 5047 2880 5103 15.
2956 5047 2999 5079 ⁸⁸
3026 5046 3193 5117 Apoc.
3230 5062 3247 5100 ι
3293 5045 3350 5101 8.

1781 5280 2132 5407 κοῖἓά)Ει1ἰιί
2164 5326 2257 5407 καὶ
2279 5326 2337 5407 ὃς
2365 5320 2453 5397 ἦν.
2499 5324 2656 5407 bene.
2684 5323 2758 5407 .At
2792 5335 2919 5375 mss.
2949 5333 3040 5373 sex
3069 5318 3163 5371 καὶ
3196 5316 3226 5371 ὃ
3253 5312 3345 5385 ἦν,

1787 5419 1887 5457 nec
1920 5400 2073 5453 aliter
2106 5400 2295 5466 legitur
2324 5400 2374 5449 in
2409 5404 2759 5466 sacrolexttl.

1853 5472 1962 5542 (55)
1995 5471 2129 5524 Editi
2156 5458 2342 5525 οὐσίας
2365 5459 2829 5542 ὑπερϐολῇ,ᾼάλλά
2861 5460 3142 5542 ποιότητος
3175 5458 3347 5542 ὑπερ-

1780 5530 1901 5614 οχῇ.
1934 5527 2003 5596 At
2071 5555 2203 5593 mss.
2242 5553 2337 5591 sex
2391 5527 2533 5588 utin
2562 5527 2842 5595 contextu,
2877 5532 3091 5583 inverso
3132 5527 3347 5579 ordine.

1781 5614 1895 5652 Ωμσ
1959 5614 2222 5652 cor-nmina
2282 5605 2467 5652 οὐσίας
2510 5600 2802 5652 ὐπεοογὴν.
2862 5599 2996 5652 ἀλλὰ
3061 5594 3345 5652 ποιότητος

1781 5600 1913 5682 Ξίῖἑᾲ.
1959 5614 2222 5665 secundus
2282 5605 2467 5668 οὐσίας
2510 5600 2802 5673 ὑπεροχὴν,
2830 5600 2996 5681 ,ἀλλὰ
3061 5600 3345 5665 ποιότητος

1781 5680 2127 5754 ὑπερϐολήν)
2162 5692 2278 5747 qua:
2322 5676 2503 5737 lectio,
2538 5668 2583 5753 si
2618 5681 2923 5754 praepositio
2958 5669 3101 5722 κατά
3147 5666 3345 5722 subau-

1783 5750 1979 5814 diatur,
2012 5760 2065 5806 et
2097 5750 2209 5812 ipsa
2235 5759 2445 5801 onouue
2477 5750 2638 5799 recio‘
2686 5751 2852 5794 noresl
