4088 6318
659 380 760 434 [⁵79

1945 375 2001 426 S.
2045 374 2288 428 BASILII
2330 372 2542 426 MAGNI

3791 367 3892 425 (580

655 493 828 560 ptius;
863 505 964 543 non
993 489 1308 544 substantiae
1347 491 1750 556 exsuperantia,
1789 494 1880 544 sed
1928 491 2210 557 qualitatis

2333 491 2480 544 )ὐσία
2527 492 2632 558 γὰρ
2674 491 2856 550 οὐσίας
2912 487 3110 556 μᾶλλον
3154 491 3212 542 οὖ
3277 488 3515 556 λέγεται,
3559 484 3787 555 ποιότης
3839 490 3894 542 δὲ

658 581 988 648 praestantia.
1016 580 1326 634 Substantia
1355 579 1495 634 enim
1528 581 1698 647 magis
1719 597 1880 651 quant
1909 584 2212 636 substantia

653 686 758 726 non
785 671 1001 735 dicitur,
1035 670 1130 726 sed
1164 673 1397 743 qualitas
1425 671 1688 740 qualitate
1720 693 1733 729 :
1782 675 1940 729 homo
1969 674 2111 728 enim
2138 676 2215 728 al-

652 772 772 819 tern
821 763 1038 818 homine
1071 765 1242 835 magis
1277 765 1436 818 homo
1489 778 1594 818 non
1629 765 1847 833 dicitur,
1900 765 1993 820 sed
2043 765 2218 822 bonus

651 857 796 912 bono
826 855 1039 920 melior,
1065 866 1118 912 et
1147 857 1326 927 justus
1352 854 1498 924 justo
1525 854 1742 923 justior.
1776 857 2095 914 Genitorum
2127 873 2218 913 ea-

654 953 777 1005 dem
804 959 887 1004 est
914 959 1128 1016 natura,
1163 965 1280 1018 qua:
1307 961 1392 1006 est
1421 951 1698 1021 genitoris,
1760 952 1968 1007 etiamsi
2005 952 2218 1021 genitus

654 1040 762 1097 alio
797 1043 955 1097 modo
979 1059 1090 1097 esse
1119 1043 1334 1096 habeat.
1388 1042 1573 1112 Neque
1606 1046 1749 1099 enim
1777 1044 1928 1105 Abel,
1975 1058 2040 1098 ex
2073 1046 2218 1099 coitu

656 1134 889 1205 genitus,
917 1137 983 1189 ab
1027 1135 1233 1189 Adamn
1273 1137 1520 1192 diversus
1555 1147 1658 1201 est,
1687 1136 2070 1192 licetAdamus
2109 1137 2222 1192 l'cr-

659 1237 835 1282 matus
876 1229 946 1282 sit
981 1227 1052 1291 ⁸⁵,
1087 1245 1192 1282 non
1227 1229 1459 1300 genitus.
1493 1227 1550 1282 Si
1599 1245 1758 1286 causa
1787 1239 2010 1286 causalo
2051 1230 2222 1300 major

654 1319 1067 1392 est,diﬂ‘ertque
1113 1323 1403 1377 secundum
1456 1322 1860 1377 substantiam:
1899 1325 2077 1379 omnis
2129 1341 2223 1379 au-

660 1423 766 1467 tem
817 1424 970 1483 pater
1002 1428 1158 1468 causa
1208 1421 1312 1473 est,
1341 1417 1395 1465 et
1437 1415 1610 1468 omnis
1638 1413 1777 1469 ﬁlius
1807 1426 2093 1481 causatus;
2131 1431 2224 1484 pa-

662 1519 771 1561 tres
808 1507 930 1561 liliis
973 1507 1204 1573 majores
1247 1515 1408 1571 sunt,
1440 1517 1494 1560 et
1531 1508 1597 1562 ab
1646 1509 1724 1562 eis
1768 1510 2064 1563 secundum
2095 1511 2220 1563 sub-

663 1599 914 1650 stantiam
958 1597 1233 1659 dillerunt,
1270 1611 1370 1651 nec
1401 1609 1525 1651 sunt
1561 1599 1717 1653 unius
1747 1599 2084 1654 substantiae.
2120 1599 2226 1656 Sed

661 1691 764 1744 hoc
814 1705 999 1745 verum
1039 1705 1142 1743 non
1171 1701 1274 1744 est.
1309 1691 1666 1760 luterrogant,
1689 1693 1768 1746 An
1799 1690 1982 1758 Pater,
2012 1705 2228 1760 postea-

659 1798 820 1851 quam
854 1782 1044 1838 Filium
1076 1785 1283 1853 genuit,
1315 1799 1435 1840 eum
1476 1786 1694 1854 gignere
1734 1787 2003 1841 destiterit
2032 1804 2046 1840 :
2102 1799 2156 1842 et
2182 1790 2225 1843 si

2317 580 2619 649 ποιότητος.
2652 581 2968 650 ’Ἄνθρωπος
2997 577 3102 646 γὰρ
3131 579 3413 649 ἀνῦρώπου
3448 575 3652 648 μᾶλλον
3687 577 3750 627 οὐ
3803 578 3894 632 λέ-

2317 688 2502 743 γεται’
2542 671 2744 739 ἀγαθὸς
2777 673 2830 723 δὲ
2861 669 3084 741 ἀγαυοῦ,
3134 672 3226 722 καὶ
3264 673 3469 736 δίκαιος
3500 669 3732 724 δικαίου.
3774 670 3895 723 Τῶν

2319 763 2590 834 γεννητῶν
2624 765 2656 832 ἡ
2689 764 2826 834 αὑτὴ
2859 766 3019 833 φύσις
3059 760 3195 832 πρὸς
3241 762 3330 813 τὸν
3381 767 3742 836 γεννήσαντα,
3796 760 3895 812 κᾶν

2321 858 2517 928 ἑτέρως
2569 857 2597 907 6
2641 853 2921 926 γεννηθεὶς
2972 856 3031 908 τὸ
3062 849 3214 907 εἶναι
3263 851 3360 922 έχῃ
3417 857 3552 927 (54).
3596 854 3732 908 Οὐδὲ
3789 851 3897 921 γὰρ

2326 950 2509 1015 Ἅϐελ,
2549 953 2661 1003 ὁὲκ
2697 949 3034 1020 συνδυασμοῦ
3070 945 3365 1017 γεννηθεὶς,
3398 946 3584 1016 ἕτερος
3621 946 3778 1019 παρὰ
3808 943 3898 995 τὸν

2334 1043 2524 1113 Ἀδὰμ,
2561 1043 2654 1097 τοῦ
2697 1043 2866 1112 Ἀδὰμ
2891 1045 2965 1113 μὴ
3005 1039 3351 1112 γεννηθέντος
3378 1036 3512 1090 ἀλλά
3540 1040 3896 1099 πλασθέντος.

2323 1140 2384 1192 Ei
2413 1137 2472 1189 τὸ
2501 1136 2672 1189 αἴτιον
2710 1134 2803 1188 τοῦ
2839 1135 3085 1188 αἰτιατοῦ
3127 1134 3307 1205 μεῖζον
3351 1133 3444 1183 καὶ
3481 1130 3743 1200 διάφορον
3781 1132 3898 1186 κατ’

2324 1229 2530 1293 οὐσίαν,
2561 1230 2668 1292 πᾶς
2701 1228 2757 1280 δὲ
2789 1225 2969 1297 πατὴρ
2993 1227 3183 1292 αἴτιος,
3219 1225 3311 1280 καὶ
3339 1225 3446 1286 πᾶς
3478 1223 3591 1288 υἱὸς
3631 1226 3900 1289 αἰτιατὸς,

2330 1322 2545 1396 μείζους
2593 1324 2684 1374 καὶ
2724 1322 2973 1390 διάφοροι
3021 1323 3140 1374 κατ’
3179 1320 3365 1374 οὐσίαν
3411 1317 3460 1368 οἱ
3511 1316 3754 1386 πατέρες
3798 1319 3904 1371 τῶν

2326 1418 2475 1479 υἱῶν,
2504 1415 2598 1468 καὶ
2627 1415 2685 1467 οὐ
2714 1417 2841 1485 μιᾶς
2866 1412 3072 1474 οὐσίας.
3105 1413 3242 1467 Ἀλλ’
3263 1413 3360 1466 οὑκ
3392 1409 3608 1481 ἀληθές.
3654 1408 3906 1479 Ἐρωτῶ-

2331 1526 2437 1564 σιν·
2465 1509 2547 1570 Ei,
2587 1509 2856 1576 γεννήσας
2892 1505 2920 1558 6
2959 1504 3148 1576 Πατὴρ
3185 1507 3274 1559 τὸν
3305 1504 3452 1567 Υἱὸν,
3487 1502 3772 1556 ἐπαύσατο
3813 1502 3905 1553 τοῦ

2328 1601 2521 1670 γεννᾷν
2556 1599 2716 1652 αὐτόν
2737 1618 2749 1628 ·
2789 1600 2890 1652 κᾶν
2925 1597 3185 1662 λάϐωσιν,
3224 1600 3307 1651 ὅτι
3339 1595 3636 1659 ἐπαύσατο,
3670 1594 3907 1661 ἐπάγου-

2332 1709 2414 1744 σιν
2438 1706 2450 1717 °
2482 1689 2691 1742 Οὐκοῦν
2731 1691 2821 1743 καὶ
2863 1687 3065 1761 ἤρξατο
3103 1692 3315 1760 γεννᾷν.
3357 1689 3467 1742 Πᾶν
3508 1687 3617 1757 γὰρ
3653 1688 3717 1740 τὺ
3755 1685 3907 1748 τέλος

2332 1782 2450 1852 ἔχον
2479 1782 2572 1834 καὶ
2600 1782 2772 1853 ἀρχὴν
2807 1781 2954 1852 ἔχει’
2986 1781 3084 1833 οὐκ
3105 1779 3211 1850 ἄρα
3240 1778 3331 1836 οὖν
3364 1780 3471 1849 (55)
3497 1775 3564 1849 ἦν
3587 1782 3677 1832 ἀεὶ
3707 1784 3734 1834 6
3758 1782 3906 1843 Υἱός.

664 1877 765 1929 hoc
792 1877 1153 1944 impetrannt,
1190 1877 1330 1946 quod
1363 1878 1689 1943 cessaverit;
1723 1877 1986 1932 inducunt
2015 1897 2027 1934 :
2063 1880 2227 1950 Igitur

2345 1873 2603 1946 Ἐροῦμεν
2642 1869 2768 1928 οὖν’
2806 1876 2866 1927 Ei
2902 1874 2962 1926 τὸ
2998 1872 3302 1943 παυόμενον
3346 1874 3555 1942 ἀνάγκη
3605 1875 3704 1926 καὶ
3736 1874 3909 1945 ἀρχὴν

659 1962 821 2022 etiain
857 1983 1119 2040 generare
1177 1969 1417 2036 increpit.
1452 1968 1722 2040 Quidquid
1759 1972 1904 2025 enim
1943 1972 2100 2028 linem
2137 1975 2231 2028 lia-

661 2059 770 2121 bet,
802 2059 963 2113 habet
1019 2074 1230 2129 quoque
1270 2059 1595 2127 principium
1635 2079 1650 2116 ι
1703 2076 1807 2114 non
1842 2076 2056 2130 semper
2102 2077 2229 2130 ergo

659 2165 782 2211 erat
803 2153 991 2208 Filius.
1028 2156 1272 2208 Dicemus
1307 2153 1490 2222 igitur,
1525 2154 1583 2208 Si
1624 2155 1676 2209 id
1709 2155 1849 2222 quod
1876 2156 2092 2220 desiuit,
2132 2172 2229 2210 nes

661 2248 902 2301 cessario
927 2248 1089 2301 etiam
1118 2246 1441 2315 principium
1475 2245 1660 2310 habet,
1701 2262 1887 2301 rursus
1919 2248 1962 2301 si
1999 2247 2048 2300 id
2086 2249 2228 2315 quod

661 2337 984 2406 principium
1021 2336 1203 2402 habet,
1238 2337 1543 2392 necessario
1589 2352 1804 2407 quoque
1833 2338 2033 2392 desinit
2065 2359 2076 2393 :
2135 2353 2230 2391 an-

662 2428 765 2500 geli
793 2430 954 2500 igitur
983 2437 1036 2485 et
1056 2439 1248 2484 cuncta
1283 2429 1605 2500 incorporea
1634 2446 1758 2486 cum
1790 2445 1912 2486 esse
1940 2433 2228 2501 coeperint,

663 2520 972 2578 necessario
1002 2520 1168 2575 etiam
1202 2535 1322 2576 esse
1367 2521 1650 2576 desistent.
1691 2522 1760 2576 At
1800 2521 1900 2578 hoc
1939 2523 2230 2577 absurdum

660 2623 767 2668 est.
808 2613 951 2668 Fieri
1001 2613 1168 2684 igitur
1218 2622 1414 2683 potest,
1453 2625 1509 2668 ut
1543 2616 1593 2668 id
1625 2617 1768 2684 quod
1799 2631 1920 2671 esse
1967 2616 2189 2686 iuccepit
2214 2659 2227 2683 ,

665 2720 770 2760 non
801 2706 1032 2768 desinat,
1067 2717 1120 2760 et
1155 2708 1204 2759 id
1243 2710 1383 2774 quod
1426 2706 1608 2772 desiit,
1650 2723 1753 2761 non
1799 2709 2100 2777 iucazperit.
2137 2710 2232 2764 Siti

665 2796 842 2863 aliter,
879 2806 933 2851 et
985 2796 1099 2866 ipse
1129 2796 1296 2850 Filius
1346 2797 1392 2851 si
1437 2797 1760 2867 principium
1795 2800 1997 2851 essendi
2032 2800 2229 2863 habet,

667 2888 830 2943 tinem
881 2888 1046 2942 etiam
1117 2889 1409 2943 secundum
1453 2888 1594 2959 ipsos
1647 2887 1806 2942 habet
1885 2889 2228 2954 necessario;

667 2982 1104 3051 quandoquidem
1133 2983 1392 3052 quidquid
1433 2982 1758 3053 principium
1788 2982 1966 3047 habet,
2013 2983 2064 3037 id
2097 2997 2229 3051 quo-

666 3087 772 3141 que
801 3071 962 3126 linem
998 3074 1200 3127 habere
1229 3073 1434 3128 volunt.
1467 3075 1531 3128 Et
1560 3076 1830 3144 quomodo
1860 3075 1961 3131 hoc
1984 3074 2232 3144 blasphe-

666 3181 814 3219 mum
851 3180 954 3219 non
985 3166 1113 3220 est?
1143 3164 1248 3220 Sed
1277 3174 1332 3219 et
1364 3165 1455 3219 Dei
1492 3169 1828 3235 praescientia
1862 3169 2110 3239 principii
2141 3184 2236 3224 ex-

2332 1967 2499 2037 ἔχειν,
2551 1965 2646 2019 καὶ
2692 1966 2752 2019 τὸ
2808 1966 2980 2038 ἀρχὴν
3019 1954 3148 2035 ⁵ἕχον
3199 1966 3410 2037 ἀνάγκη
3464 1965 3560 2018 καὶ
3593 1964 3906 2018 παύεσθαι·

2330 2056 2549 2127 ἄγγελοι
2577 2052 2669 2110 οὖν
2701 2059 2795 2112 καὶ
2828 2059 3002 2111 πάντα
3031 2055 3101 2108 τὰ
3127 2054 3394 2127 ἀσώματα
3436 2056 3608 2130 ἀρχὴν
3640 2055 3740 2108 τοῦ
3774 2054 3910 2109 εἶναι

2332 2153 2542 2222 ἔχοντα,
2581 2152 2796 2226 ἀνάγκῃ
2825 2154 2917 2206 καὶ
2949 2151 3104 2214 τέλος
3133 2150 3227 2203 τοῦ
3271 2147 3405 2206 εἶναι
3436 2151 3546 2216 ἕξει
3579 2148 3718 2221 (56).
3766 2149 3908 2201 Ἀ).λ“

2330 2245 2549 2298 ἄτοπον.
2587 2246 2821 2299 Δυνατὸν
2851 2243 2964 2317 οὖν,
3007 2244 3102 2298 καὶ
3141 2243 3449 2314 ἀρξάμενον
3481 2244 3576 2299 τοῦ
3613 2238 3782 2309 εἶναι,
3841 2245 3912 2314 μὴ

2331 2337 2663 2401 πεπαῦσθαι,
2709 2340 2799 2390 καὶ
2837 2340 3205 2408 παυσάμενον,
3263 2338 3336 2407 μὴ
3368 2334 3590 2410 ἧρχθαι.
3624 2339 3690 2392 Εἰ
3723 2336 3780 2390 δὲ
3818 2335 3911 2406 μὴ,

2331 2430 2428 2484 καὶ
2467 2429 2628 2489 αὐτὸς
2669 2433 2695 2482 6
2745 2429 2874 2492 Tib;
2905 2431 2952 2481 ei
2990 2427 3158 2498 ἀρχὴν
3189 2427 3282 2479 τοῦ
3315 2425 3606 2499 εἷναιὲχει
3649 2430 3792 2500 (57),
3828 2430 3915 2482 καὶ

2331 2523 2482 2587 τέλος
2511 2523 2628 2576 κατ’
2664 2521 2860 2583 αὐτοὺς
2906 2523 2963 2586 ἐξ
3013 2521 3257 2591 ἀνάγκης
3298 2521 3409 2590 ἔχει
3432 2540 3443 2551 ·
3486 2523 3679 2592 ἐπειδὴ
3714 2525 3822 2575 πᾶν
3859 2522 3916 2573 τὸ

2334 2615 2506 2687 ἀρχὴν
2541 2615 2659 2685 ἕχον
2697 2613 2791 2666 καὶ
2832 2612 2982 2674 τέλος
3024 2611 3167 2681 ἔχειν
3211 2611 3511 2680 βούλονται.
3559 2613 3672 2664 Καὶ
3710 2613 3828 2676 πῶς
3860 2613 3916 2664 οὐ

2336 2709 2689 2779 βλάσφημον;
2733 2706 2841 2760 Καὶ
2894 2706 2926 2774 ἡ
2979 2704 3286 2774 πρόγνωσις
3321 2702 3375 2755 δὲ
3418 2701 3508 2754 τοῦ
3551 2701 3713 2764 θεοῦ,
3747 2704 3917 2772 ἀρήν

2333 2801 2432 2853 οὐκ
2472 2801 2690 2869 ἔχουσα,
2720 2800 2857 2870 μετὰ
2881 2799 2940 2850 τὸ
2967 2797 3218 2866 γενέσθαι
3243 2795 3369 2867 περὶ
3397 2788 3469 2849 ὧν
3490 2796 3747 2866 προέγνω
3784 2796 3915 2866 (58),

2332 2891 2484 2954 τέλος
2507 2890 2640 2960 ἔχει.
2679 2891 2843 2942 Ὥστε
2873 2892 2932 2942 οὐ
2965 2891 3024 2942 τὸ
3049 2890 3199 2953 τέλος
3225 2888 3346 2960 ἕχον
3382 2889 3597 2960 ἀνάγκη
3632 2889 3730 2941 καὶ
3751 2889 3917 2961 ἀρχὴν

2334 2981 2500 3052 ἔχειν.
2527 2982 2600 3033 Τὸ
2627 2981 2684 3032 ἓν
2714 2982 2806 3033 ἐπὶ
2836 2981 2943 3033 τῶν
2976 2983 3306 3050 ἀσωμάτων,
3342 2982 3374 3052 ἦ
3413 2983 3691 3053 ἐνεργείᾳ,
3802 2982 3920 3051 βου-

2333 3073 2506 3146 λήσει,
2543 3071 2575 3142 ἢ
2609 3071 2769 3142 οὐσίᾳ
2806 3070 3044 3138 λέγεται.
3090 3071 3148 3123 Ὁ
3171 3071 3360 3140 Σωτὴρ
3399 3068 3491 3123 οὖν
3526 3071 3724 3123 εἰπών·
3773 3070 3916 3138 Ἐγὼ

2337 3165 2436 3220 καὶ
2458 3165 2565 3237 (59)
2586 3162 2789 3234 Πατὴρ
2805 3163 2874 3216 ἓν
2900 3163 3106 3232 ἐσμεν,
3129 3163 3320 3215 καθ’ἒν
3354 3179 3404 3214 τι
3427 3161 3535 3213 τῶν
3568 3177 3919 3232 προγεγραμ-

666 3269 813 3324 pers,
845 3266 1125 3326 postquam
1156 3256 1296 3311 facta
1328 3267 1595 3327 suntquae
1618 3235 1908 3328 pnescivit,
1949 3235 2108 3314 tiuem
2136 3261 2228 3314 ha-

2344 3235 2517 3332 μένων
2546 3260 2787 3331 εῐρηκεν.
2818 3256 3026 3311 Οὐκοῦν
3056 3258 3104 3309 εἰ
3148 3255 3246 3327 μὲν
3279 3258 3397 3309 κατ’
3429 3255 3718 3325 ἐνέργειαν
3740 3255 3920 3323 λέγον-

667 3349 777 3402 bet.
805 3347 918 3402 Non
946 3349 1131 3418 itaque
1154 3349 1296 3418 quod
1338 3350 1497 3404 tinem
1536 3352 1719 3416 habet,
1756 3353 1806 3406 id
1836 3353 1998 3406 etiam
2048 3366 2235 3407 neces-

666 3441 812 3494 sario
849 3440 1168 3509 principium
1195 3441 1377 3496 habet.
1411 3442 1582 3497 Unum
1625 3443 1677 3496 in
1714 3444 1872 3497 rebus
1901 3443 2236 3510 incorporeis

666 3531 890 3595 dicitur,
940 3532 1022 3584 vel
1053 3534 1388 3600 operatione,
1424 3533 1506 3586 vel
1541 3533 1836 3593 voluntate.
1873 3532 1954 3586 vel
1984 3532 2236 3585 substan-

667 3624 760 3676 tia.
788 3621 918 3677 Cutn
949 3624 1115 3692 igitur
1139 3622 1390 3678 Salvator
1412 3624 1644 3678 dixerit:
1669 3623 1780 3694 Ego
1810 3633 1857 3676 et
1888 3620 2050 3676 Pater
2073 3638 2234 3674 unum

665 3729 842 3765 sumus
884 3712 951 3778 “,
977 3713 1270 3767 secundum
1307 3713 1504 3782 aliquid
1546 3727 1732 3768 eorum
1764 3729 1884 3783 qua:
1913 3713 2070 3767 modo
2094 3713 2230 3768 scri-

667 3806 890 3872 psimus,
919 3805 1075 3860 dixit.
1104 3805 1293 3876 Itaque
1331 3806 1378 3861 si
1413 3808 1710 3860 secundum
1751 3806 2118 3875 Operationem
2148 3805 2235 3860 di-

664 3907 817 3961 cunt,
847 3912 1064 3953 necesse
1096 3909 1177 3954 est
1203 3908 1258 3954 et
1283 3900 1579 3955 secundum
1606 3899 1965 3954 substantiam
1995 3899 2176 3953 dicere
2213 3915 2226 3950 :

665 4004 892 4057 quorum
916 3993 1058 4046 enim
1095 3993 1305 4047 diversa
1328 3993 1630 4047 substantia
1655 4002 1763 4059 est,
1792 3993 1987 4048 horum
2016 4007 2121 4047 non
2154 4001 2239 4048 est

665 4079 855 4135 similis
882 4083 1145 4150 Operatio.
1180 4083 1236 4136 Si
1257 4099 1385 4138 vero
1404 4087 1699 4140 secundum
1724 4086 2050 4141 voluntatem
2074 4101 2239 4141 unum

664 4180 810 4237 sunt,
844 4187 949 4226 non
990 4173 1165 4228 solum
1213 4189 1551 4245 quaecunque
1581 4177 1742 4232 Pater
1765 4179 1898 4242 vult,
1928 4194 1991 4232 ea
2021 4193 2240 4233 necesse

2343 3352 2672 3422 σιν,ἀνάγκη
2705 3350 2799 3404 καὶ
2827 3349 3150 3404 κατόυσίαν
3178 3350 3356 3418 λέγειν
3376 3365 3388 3378 ο
3422 3349 3530 3400 τῶν
3565 3348 3677 3420 γὰρ
3710 3349 3920 3418 ἑτερου-

2344 3446 2471 3498 σίων
2501 3444 2600 3497 οὑκ
2630 3443 2694 3496 ἂν
2722 3444 2806 3512 εῐη
2831 3445 2862 3512 ἡ
2887 3443 3134 3513 ἐνέργεια
3161 3443 3350 3512 ὁμοία·
3389 3442 3436 3493 εἰ
3469 3441 3526 3494 δὲ
3560 3440 3707 3493 κατὰ
3738 3440 3921 3509 βούλη-

2345 3553 2428 3588 σιν
2453 3535 2538 3599 ἓν,
2566 3536 2666 3604 οὐχ
2699 3536 2800 3588 ὅσα
2833 3536 2860 3585 ὁ
2888 3535 3078 3605 Πατὴρ
3105 3533 3349 3604 βούλεται
3379 3535 3558 3604 μόνον,
3587 3533 3808 3603 ἀνάγκη

2340 3625 2430 3678 τὸν
2472 3626 2597 3678 Υἱὺν
2651 3625 2956 3695 βούλεσθαι,
2992 3626 3104 3678 ἀλλ’
3133 3627 3232 3678 ὅσα
3265 3627 3358 3679 καὶ
3401 3629 3429 3676 ὁ
3471 3625 3599 3690 Υἱὸς
3653 3625 3917 3695 βούλεται,

2341 3719 2554 3789 ἀνάγκη
2585 3719 2680 3770 καὶ
2707 3718 2796 3771 τὸν
2823 3719 3043 3789 Πατέρα
3077 3717 3377 3787 βούλεσθαι.
3410 3717 3691 3782 Ἐπιτάξει
3728 3714 3820 3772 οὖν
3837 3720 3921 3771 καὶ

2340 3811 2368 3862 6
2398 3809 2523 3872 Tib;
2557 3808 2632 3879 τῷ
2663 3809 2838 3878 Πατρὶ
2867 3810 2995 3880 περὶ
3023 3801 3096 3861 ὧν
3126 3807 3394 3878 βούλεται,
3414 3808 3550 3877 εἴγε
3581 3811 3677 3862 καὶ
3710 3810 3922 3862 ἐπιτάτ-

2343 3919 2515 3956 τεται.
2548 3904 2609 3955 Εἰ
2637 3901 2694 3954 δὲ
2724 3901 3072 3955 ὲπιτάττεται
3121 3903 3304 3972 μόνον,
3340 3903 3795 3974 ἀναγκαζόμενος
3839 3905 3920 3955 καὶ

2343 3995 2462 4065 οὐχὶ
2501 3993 2611 4066 (60)
2656 3994 2976 4066 βουλόμενος
3021 3995 3302 4066 ὑπηρετεῖ.
3345 3996 3406 4048 Ei
3434 3996 3492 4048 δὲ
3519 3995 3645 4048 οὗτε
3678 3995 3922 4065 ἐνεργείᾳ

2346 4085 2468 4140 οὔτε
2506 4086 2781 4159 βουλήσει,
2824 4087 3071 4140 λείπεται
3113 4090 3230 4140 κατ’
3269 4088 3466 4150 αὐτοὺς
3509 4088 3564 4139 ἓν
3599 4087 3918 4139 κατόὖσίαι.

2347 4174 2506 4245 εἶναι,
2535 4181 2811 4233 τουτέστιν
2844 4180 3128 4251 ὁμοούσιον
3154 4183 3371 4252 Πατέρα
3400 4183 3495 4234 καὶ
3525 4181 3679 4234 Υἱόν.

663 4278 746 4322 est
780 4276 834 4321 ct
883 4267 1076 4322 Filium
1109 4268 1287 4324 velle:
1345 4270 1439 4324 sed
1489 4284 1828 4340 quacunque
1872 4273 2033 4326 etiam
2098 4273 2267 4328 Filius
2305 4274 2438 4339 vult,
2505 4290 2565 4330 ea
2635 4291 2857 4330 necesse
2891 4287 2972 4330 est
3006 4285 3061 4330 et
3093 4277 3305 4330 Patrem
3336 4277 3487 4331 velle.
3524 4275 3812 4346 Praecipiet
3838 4276 3921 4345 igi-

667 4370 755 4414 tur
821 4371 875 4415 et
937 4361 1103 4417 Filius
1160 4360 1305 4416 Patri
1367 4377 1487 4432 quae
1519 4362 1670 4428 vult;
1715 4363 1979 4432 siquidem
2009 4373 2064 4418 et
2096 4365 2194 4433 ipsi
2259 4366 2586 4434 praecipitur.
2623 4364 2727 4419 Sed
2769 4365 2814 4419 si
2838 4366 2884 4419 ei
2915 4365 3086 4419 solum
3128 4367 3455 4435 praccipitur,
3495 4376 3724 4420 coactus
3757 4382 3818 4421 ac
3852 4370 3920 4419 iu-

664 4456 806 4510 vitus
857 4456 1098 4512 insert-it.
1155 4457 1307 4523 Quod
1363 4459 1409 4511 si
1479 4471 1650 4526 neque
1707 4457 2042 4526 operatione,
2100 4473 2272 4526 neque
2334 4458 2626 4524 voluntate,
2668 4463 2834 4511 restat
2887 4457 3181 4512 secundum
3231 4458 3420 4526 ipsos,
3481 4467 3540 4515 ut
3599 4475 3771 4514 unum
3826 4462 3922 4521 sint

663 4557 956 4608 secundum
985 4556 1363 4622 substantiam,
1403 4556 1504 4609 hoc
1524 4565 1626 4618 est,
1654 4563 1711 4608 ut
1739 4555 2216 4609 consubstantialis
2253 4554 2321 4609 sit
2359 4552 2525 4608 Filius
2550 4552 2720 4607 Patri.

665 4645 826 4716 283
864 4647 1013 4711 Quod
1054 4663 1175 4721 vox,
1208 4648 1499 4721 ingenitus,
1545 4649 1755 4721 modum
1790 4647 2068 4721 quemdam
2093 4647 2228 4700 exsi-

2345 4645 2466 4698 ’Ὀτι
2513 4645 2582 4700 τὸ
2611 4644 2908 4715 ἁγέννητος
2942 4644 3058 4721 (61.)
3094 4643 3403 4721 ὺτάρ-ξεώς
3438 4663 3604 4713 τινος
3639 4646 3913 4712 δήλωσις,

943 4720 1135 4782 standi,
1177 4734 1277 4770 non
1301 4716 1648 4771 substantiam
1672 4717 1958 4787 signiﬁcat.

736 4810 786 4862 1.
824 4806 878 4862 Si
915 4809 1062 4875 illud,
1095 4810 1379 4880 ingenitus,
1412 4811 1715 4864 substantia
1750 4819 1854 4876 est,
1882 4817 1936 4864 et
1973 4810 2121 4874 illud,
2150 4825 2234 4879 ge-

667 4903 830 4964 nitus,
858 4902 1180 4969 substantia,
1210 4904 1278 4958 ob
1301 4903 1465 4973 idque
1491 4902 1647 4958 Pater
1683 4914 1737 4956 et
1779 4901 1949 4958 Filius
2003 4905 2234 4957 consub-

668 4994 948 5054 stantiales
974 5010 1078 5050 non
1109 5005 1254 5061 sunt,
1282 4995 1592 5050 necessario
1607 4996 1779 5050 omnis
1796 4998 2043 5064 genitura
2078 4994 2236 5047 unius

742 5151 786 5182 "
809 5149 945 5206 Gen.
972 5167 1032 5220 it,
1069 5154 1119 5219 7,
1197 5153 1240 5183 ⁸⁸
1263 5151 1420 5207 Joan.
1450 5167 1501 5213 x,
1531 5149 1621 5202 30.

746 5335 858 5407 (54)
885 5333 1383 5407 Editiéxstucodex
1413 5345 1548 5407 unus
1578 5328 1695 5399 ἔχῃ.
1724 5327 1966 5407 Alii__d_uo
1992 5327 2126 5399 ἔχοι.

765 5398 853 5476 55f
882 5398 1136 5476 Voculaiit
1161 5399 1253 5456 οὖν
1284 5421 1348 5476 εξ
1379 5405 1551 5476 tribus
1586 5398 1720 5476 mss.
1749 5398 2072 5476 addidimus.

765 5409 852 5476 55)
882 5409 1136 5462 Voculam
1161 5409 1253 5456 οὐν
1284 5421 1348 5458 ex
1379 5409 1551 5456 tribus
1586 5415 1715 5452 mss.
1749 5409 2072 5452 addidimus.

738 5409 850 5548 (56)
874 5476 1012 5548 Editi
1039 5475 1200 5539 ἕξειν.
1229 5472 1445 5548 Antiqui
1474 5487 1569 5526 sex
1604 5469 1723 5548 libri
1750 5469 1881 5534 ἕξει,
1913 5483 1982 5548 ett
2007 5484 2119 5548 quo
2149 5467 2228 5528 lit,

671 5558 733 5601 ut
751 5539 860 5601 ‘vo's
886 5547 1099 5615 ἀνάγκη
1124 5561 1244 5614 quae
1275 5539 1432 5611 paulo
1463 5551 1588 5596 ante
1617 5540 1835 5610 legitur,
1862 5541 2021 5595 Scribi
2043 5539 2232 5593 debeat

669 5636 789 5671 cum
816 5637 832 5670 t
857 5618 1178 5684 subscripto,
1206 5616 1438 5685 ἀνάγκη.

746 5689 1024 5772 (Sil'liditi
1049 5676 1175 5772 Tib;
1200 5676 1372 5772 ἀρχῇν
1392 5676 1488 5772 τοξ
1516 5676 1656 5772 εἶναι
1889 5681 2102 5772 [antiqui
2129 5680 2233 5772 duo

688 5751 790 5812 ibri
822 5751 947 5823 Tib;
976 5758 1146 5828 ἀρχὴν
1177 5751 1430 5810 τοῦεῖναι
1465 5753 1594 5824 ἔχει.
1624 5753 1727 5808 Alii
1765 5761 1870 5807 tres
1902 5751 2025 5816 Υἱὸς
2055 5753 2101 5803 εἰ
2140 5752 2235 5823 ἀρ-

671 5830 767 5900 χὴν
793 5828 927 5883 εἶναι
960 5830 1090 5899 ἔχει.

2859 4716 2956 4769 καὶ
2977 4718 3087 4769 οὐκ
3123 4716 3355 4781 οὐσίας.

2411 4809 2462 4862 1.
2515 4810 2576 4862 Ei
2620 4809 2680 4862 τὸ
2710 4807 3040 4880 ἀγέννητος
3085 4806 3240 4860 οὐσία
3268 4807 3405 4871 ἐστὶ,
3430 4808 3525 4860 καὶ
3557 4808 3620 4860 τὸ
3637 4808 3916 4876 rem-11:6;

2341 4905 2518 4966 οὐσία.
2554 4907 2647 4958 καὶ
2678 4905 2765 4958 διὰ
2796 4904 2954 4956 τοῦτο
2988 4904 3086 4972 οὐχ
3118 4905 3392 4973 ὀμοούσιοι
3435 4905 3628 4974 Πατὴρ
3652 4907 3748 4958 καί
3781 4907 3909 4967 Υἱὸς,

2343 4997 2450 5049 πᾶν
2485 4998 2540 5063 ἐξ
2571 4999 2814 5068 ἀνάγκης
2848 4997 3097 5068 γέννημα
3124 4999 3250 5068 μιᾶς
3283 4999 3464 5060 οὐσίας
3485 5015 3499 5028 '
3533 4999 3804 5067 ὁμοούσια
3835 4997 3912 5052 οὖν

2411 5323 2523 5398 (58)
2558 5322 2884 5398 Editiéyvm.
2934 5324 3156 5398 Veteres
3189 5333 3417 5398 quatuor
3462 5325 3584 5380 libri
3637 5330 3904 5398 προέγνω.

2412 5396 2524 5465 (59)
2571 5395 2720 5449 Libri
2754 5396 2963 5465 antiqui
2997 5396 3107 5464 ἐγὼ
3138 5397 3233 5448 καὶ
3269 5398 3315 5450 6.
3363 5397 3523 5451 Deest
3569 5395 3841 5452 articulus
3872 5405 3909 5450 in

2340 5468 2596 5538 vulgatis.
2622 5467 2822 5520 Ibidem
2852 5467 2978 5520 editi
3008 5478 3061 5520 et
3092 5482 3222 5521 mss.
3251 5467 3355 5520 duo
3383 5467 3578 5538 Πατήρ
3614 5484 3740 5537 μου.
3767 5471 3836 5522 At
3869 5471 3907 5522 in

2340 5539 2463 5591 aliis
2488 5537 2721 5599 duobus,
2751 5552 2884 5605 quos
2908 5538 3206 5606 sequimur,
3243 5553 3344 5591 vox
3383 5554 3486 5606 μου
3532 5537 3702 5592 deest.

2411 5607 2522 5677 (60)
2555 5606 2796 5680 ΡιογὶΙΙο,
2819 5608 3079 5680 οὺ,(ιυρι1
3112 5609 3163 5660 in
3189 5609 3350 5663 editis
3384 5606 3607 5680 legitur,
3651 5609 3778 5679 οὐχί
3808 5610 3882 5663 edi

2341 5679 2520 5732 dimus
2545 5693 2610 5730 ex
2646 5677 2799 5731 libris
2821 5679 3077 5747 antiquis.

2414 5747 2770 5822 (tit)_Editi_et
2808 5763 2938 5802 mss.
2965 5749 3206 5806 nonnulli
3236 5750 3294 5804 τὸ
3316 5751 3638 5822 ἀγέννητον.
3670 5751 3772 5806 Alii
3810 5762 3906 5805 tres

2344 5817 2473 5875 mss.
2507 5818 2568 5870 τὸ
2604 5817 2915 5891 ἀγέννητος.
