4088 6318
212 343 321 397 681

1309 340 1676 396 ADVERSUS
1709 340 2073 398 EUNOMIUM
2114 345 2242 400 LIB.
2283 344 2364 398 IV.

3350 348 3445 401 68‘1

210 456 294 508 τά
328 459 642 528 γεννήματα
682 455 759 524 τῷ
796 451 906 522 Υίῷ
936 454 1028 506 τοῦ
1062 454 1216 508 Θεοῦ.
1259 456 1368 505 Καὶ
1401 454 1517 518 πῶς
1544 457 1603 507 οὐ
1635 455 1794 524 βλάσ-

1901 457 2213 509 substantia:
2234 469 2316 510 est
2350 474 2363 510 :
2391 456 2654 524 genitura:
2684 455 2846 524 igitur
2876 458 3010 513 Filio
3046 456 3136 508 Dei
3175 465 3300 510 sunt
3339 472 3438 510 con

211 565 434 620 φημον;
471 551 519 602 ει
553 551 580 602 6
623 548 914 615 ἀγέννητος
968 547 1102 617 πρὸς
1135 546 1225 598 τὸν
1255 544 1506 614 γεννητὸν
1545 547 1671 599 Υίὸν
1700 547 1790 597 ἀν-

213 641 715 708 τιδιαστελλόμενος
739 638 894 691 οὐσία
917 639 1027 708 (6‘2)
1055 639 1192 698 ἐστὶ,
1211 638 1304 688 καὶ
1331 638 1359 688 6
1380 636 1628 700 ἀκτιστος
1655 637 1791 707 πρὸς

211 732 323 803 τὴν
374 733 548 785 κτίσιν
600 728 1158 800 ἀντιδιαστελλόμενος
1201 727 1356 780 οὐσία
1395 730 1562 782 ἐστίν.
1598 727 1790 780 Ἔσται

213 820 315 877 οὖν
367 822 456 875 καὶ
505 820 794 889 ἀγέννητος
837 821 1012 883 οὐσία,
1046 820 1138 871 καὶ
1177 820 1427 884 ἀκτιστος
1473 817 1648 872 οὐσία.
1688 817 1791 870 Δύο

213 913 318 969 οὖν
351 916 376 965 6
406 913 537 975 Θεὸς
573 913 704 981 (65),
735 916 828 968 καὶ
852 917 912 968 οὐ
952 913 1048 984 μία
1072 913 1248 966 οὐσία.
1277 913 1397 966 Ἔτι
1423 913 1478 964 δὲ
1520 910 1613 964 καὶ
1641 912 1790 964 πᾶσα

211 1010 250 1076 ή
282 1005 459 1067 κτίσις
487 1005 636 1059 ἔσται
661 1008 816 1061 οὐσία
846 1008 960 1077 μία.
999 1005 1206 1068 Ψευδὲς
1237 1007 1293 1059 δὲ
1321 1005 1479 1058 τοῦτο
1515 1003 1625 1071 (64)
1650 1019 1662 1032 ⁸
1694 1002 1790 1076 μία

221 1091 330 1159 μὲν
365 1089 473 1162 γὰρ
503 1093 697 1155 κτίσις,
737 1094 984 1163 διάφοροι
1020 1092 1075 1145 δὲ
1106 1095 1302 1148 οὐσίαι.
1343 1092 1499 1145 Οὖτω
1528 1093 1583 1144 δὲ
1607 1092 1702 1146 καὶ
1729 1091 1791 1144 τὸ

214 1179 494 1250 ἄτρεπτον
527 1185 689 1237 αὐτοῦ
737 1186 870 1255 (65),
921 1184 1012 1237 καὶ
1061 1185 1122 1237 τὸ
1170 1187 1421 1256 ἄναρχον.
1478 1185 1570 1238 καὶ
1620 1183 1791 1237 πολλὰ

214 1273 390 1346 ’ἐτερα
431 1277 605 1330 οὐσίαι
640 1279 869 1330 ἔσονται.
913 1277 975 1328 El.
1005 1278 1298 1348 ἀγέννητον
1320 1276 1412 1328 τὸν
1442 1277 1661 1349 Πατέρα
1698 1277 1790 1328 καὶ

212 1367 476 1436 γεννητὸν
505 1367 595 1421 τὸν
637 1368 762 1418 Υἱὸν
807 1362 974 1418 εἰπών
1008 1383 1112 1432 τις,
1154 1367 1248 1428 τάς
1293 1364 1478 1427 οὐσίας
1532 1365 1788 1436 ἐδήλωσε,

211 1459 312 1511 τὸν
327 1460 523 1529 τρόπον
536 1460 630 1528 τῆς
646 1457 926 1528 ὑπάρξεως
943 1459 1116 1514 αὐτῶν
1132 1459 1302 1511 εἰπεῖν
1320 1472 1400 1518 τις
1415 1455 1521 1523 (66)
1536 1456 1790 1525 θελήσας,

212 1547 341 1611 πῶς
366 1549 429 1602 ἂν
463 1548 662 1618 ἑτέρως
695 1549 867 1602 εἰπεῖν
884 1549 1171 1620 δυνήσεται
1193 1548 1224 1616 ἢ
1243 1546 1441 1612 οὖτωςς
1476 1547 1792 1617 Ὑπάρξεως

209 1634 315 1691 οὖν
347 1639 543 1708 τρόπος
571 1639 632 1691 τὸ
658 1640 947 1711 ἀγέννητος
981 1641 1114 1712 (67),
1144 1639 1235 1691 καὶ
1257 1639 1355 1692 οὐκ
1388 1641 1572 1701 οὐσίας
1598 1639 1788 1709 ὄνομα.

212 1729 282 1780 Et
318 1727 385 1780 τὰ
417 1728 670 1800 διάφορον
706 1733 804 1803 τὴν
837 1731 1070 1802 ὓπαρξιν
1098 1728 1190 1783 τοῦ
1217 1727 1351 1784 εἶναι
1389 1731 1578 1802 ἔχοντα
1603 1731 1790 1797 διάφο-

1855 563 1862 580 ν
1898 549 2299 602 substantiales.
2323 550 2384 602 Et
2405 550 2675 618 quomodo
2695 550 2797 602 hoc
2823 564 2925 601 non
2946 549 3108 603 fuerit
3133 547 3455 602 absurduml

1900 641 1958 695 Si
1997 639 2315 706 ingenitusa
2349 639 2535 708 genito
2561 637 2696 693 Filio
2747 654 2810 693 ex
2864 638 3092 692 adverso
3131 639 3417 692 distinctus
3441 675 3459 703 ,

1898 731 2198 786 substantia
2223 739 2324 790 est,
2355 742 2406 784 et
2430 731 2703 783 increatus
2722 746 2748 782 a
2773 737 3021 784 creatura
3042 742 3105 781 ex
3133 729 3360 782 adverso
3381 725 3459 780 di-

1897 826 2152 886 stinctus,
2194 822 2495 875 substantia
2522 829 2625 874 est.
2657 819 2771 874 Erit
2792 837 2920 889 ergo
2953 830 3007 897 et
3033 817 3302 886 ingenitus
3328 817 3459 873 sub-

1897 915 2114 979 stantia,
2129 925 2180 968 et
2198 914 2463 966 increatus
2481 911 2794 964 substantia.
2812 911 3038 966 Proinde
3054 908 3338 971 Deusdum,
3355 922 3460 962 non

1896 1024 1999 1063 una
2022 1007 2317 1064 substantia
2335 1015 2434 1060 est.
2458 1006 2536 1057 Ad
2556 1005 2667 1058 bzec
2689 1013 2742 1058 et
2757 1013 2998 1056 creatura
3019 1005 3192 1058 omnis
3210 1001 3312 1056 crit
3329 1001 3459 1056 sub-

1898 1102 2099 1155 stantia
2134 1115 2258 1153 una.
2287 1100 2397 1152 lloe
2428 1108 2608 1152 autem
2643 1097 2833 1150 falsum
2858 1104 2942 1151 est
2971 1114 2983 1146 :
3019 1097 3280 1163 siquidem
3307 1108 3460 1149 crea-

1901 1203 2014 1246 tura
2052 1207 2157 1245 una
2206 1201 2308 1255 est,
2341 1191 2657 1246 substantiae
2701 1204 2829 1244 vero
2858 1190 3102 1243 diversae.
3157 1188 3246 1241 Sic
3279 1197 3458 1241 autem

1898 1291 1952 1338 et
1987 1283 2320 1337 immutabile
2356 1281 2496 1350 ejus,
2548 1292 2602 1337 et
2645 1280 2896 1352 principii
2932 1279 3181 1348 privatio,
3212 1288 3264 1333 et
3294 1279 3459 1332 multa

1899 1377 2002 1429 alia
2037 1385 2197 1429 erunt
2224 1375 2558 1429 substantiaz.
2593 1374 2648 1426 Si
2673 1373 2972 1443 ingenitum
3002 1371 3123 1440 quis
3157 1371 3368 1427 Patrem
3405 1378 3462 1424 et

1899 1468 2138 1538 genitum
2176 1467 2368 1520 Filium
2431 1465 2619 1519 dicens
2647 1506 2662 1530 ,
2717 1466 3034 1534 signiﬁcavit
3084 1463 3457 1526 substantias;

1899 1574 2019 1614 cum
2049 1558 2266 1612 modum
2295 1572 2400 1626 quo
2429 1557 2698 1611 exsistunt
2739 1557 2966 1610 voluerit
2989 1556 3108 1626 quis
3131 1555 3330 1617 dicere,
3367 1554 3459 1623 qui

1899 1651 2059 1706 aliter
2091 1667 2254 1720 quam
2312 1652 2391 1707 sic
2446 1652 2629 1707 dicere
2684 1650 2926 1719 paterit?
2980 1650 3256 1720 lngenitus
3299 1649 3460 1717 igitur

1897 1743 2196 1798 exsistendi
2232 1751 2316 1797 est
2369 1746 2580 1807 modus,
2631 1757 2737 1795 non
2786 1740 3099 1795 substantiae
3147 1755 3361 1796 nomen.
3400 1738 3456 1792 Si

215 1836 315 1890 ρον
338 1819 450 1889 ἔχει
472 1823 565 1876 καὶ
591 1826 688 1894 τὴν
717 1825 925 1883 οὐσίαν,
955 1821 1074 1874 οὐδὲ
1110 1825 1157 1876 οἱ
1185 1822 1462 1892 ἄνθρωποι
1496 1821 1791 1889 ὀμοούσιοι.

1898 1849 2015 1903 qua:
2044 1835 2315 1889 diversum
2365 1832 2657 1889 exsistendi
2693 1832 2971 1886 exordiunt
3015 1831 3237 1894 habent,
3275 1830 3453 1895 diver-

216 1911 393 1981 Ἀλλη
427 1913 537 1986 γάρ
570 1913 804 1986 ’ὐπαρξις
847 1914 1014 1984 Ἀδὰμ
1047 1917 1109 1969 ἐκ
1132 1917 1236 1987 γῆς
1261 1915 1612 1976 πλασθέντος,
1655 1913 1788 1982 ἄλλη

207 2000 274 2053 δὲ
306 2002 449 2067 Εὐας
481 2007 544 2060 ἐκ
572 2006 810 2071 πλευρᾶς
852 2007 1167 2078 γενομένης,
1217 2008 1348 2078 ἄλλη
1402 2005 1458 2058 δὲ
1506 2005 1692 2071 Ἅϐελ,
1729 2007 1792 2058 ἐκ

212 2096 564 2165 συνδυασμοῦ
586 2100 710 2167 γάρ·
733 2098 865 2169 ἄλλη
891 2099 948 2152 δὲ
974 2098 1066 2152 τοῦ
1098 2102 1162 2153 ὲκ
1178 2099 1419 2170 Μαρίας,
1436 2100 1499 2151 ἐκ
1518 2097 1789 2168 παρθένου

212 2189 409 2259 μόνης.
453 2191 724 2253 Ὡσαύτως
748 2191 804 2244 δὲ
838 2193 933 2244 καὶ
957 2193 1048 2243 ἐπὶ
1076 2193 1183 2244 τῶν
1220 2190 1435 2260 πτηνῶν
1481 2193 1574 2245 καὶ
1594 2209 1789 2264 τετρα-

210 2281 414 2334 πόδων.
451 2282 512 2334 Εἰ
539 2283 829 2351 ἀγέννητος
855 2286 882 2335 6
924 2284 1133 2353 Πατὴρ,
1152 2285 1229 2336 ὅτι
1266 2284 1339 2354 μὴ
1372 2285 1656 2354 ἐγεννήθη,
1680 2287 1708 2337 6
1734 2281 1789 2337 δὲ

209 2372 346 2434 Υἱὸς
376 2373 649 2444 γεννητὸς,
681 2375 768 2427 διὰ
806 2374 898 2427 τοῦ
930 2375 1272 2445 γεννηθῆναι,
1308 2376 1442 2444 μετά
1470 2375 1558 2428 τὸν
1597 2392 1790 2445 γεννη-

209 2465 378 2517 Θέντα
416 2467 444 2518 6
482 2466 792 2538 ἀγέννητος.
846 2469 920 2522 Οὐ
948 2468 1054 2540 γὰρ
1085 2464 1198 2539 εἶχε
1230 2467 1364 2536 πρὸς
1407 2468 1464 2520 ὃν
1498 2468 1793 2538 ἀγέννητος

209 2557 567 2630 κληθήσεται.
596 2562 715 2615 Τῶν
739 2566 846 2634 γὰρ
873 2563 1038 2616 ὄντων
1070 2564 1125 2617 αἱ
1155 2561 1570 2624 ἀντιδιαστολαὶ,
1601 2561 1662 2613 οὐ
1686 2560 1793 2612 τῶν

211 2652 295 2721 μὴ
329 2651 516 2708 ὄντων.
545 2655 606 2707 Εἰ
636 2656 766 2718 Θεὸς
792 2652 860 2726 ἦν
889 2673 1036 2718 ποτε,
1074 2656 1262 2725 Πατὴρ
1304 2657 1359 2708 δὲ
1389 2655 1487 2706 οὐκ
1524 2649 1614 2724 ἦν,
1651 2653 1796 2721 γενό-

213 2757 385 2810 μενος
437 2744 621 2814 Πατὴρ
673 2745 1004 2814 προσείληφε
1045 2745 1125 2811 τὸ,
1184 2744 1396 2811 πατήρ.
1448 2745 1608 2797 Ὥστε
1661 2743 1792 2807 Θεὸς

210 2832 319 2901 μὲν
365 2834 474 2902 (68)
505 2836 818 2904 ἀγέννητος,
855 2837 1112 2906 γεννητὸς
1162 2836 1218 2888 δὲ
1267 2838 1492 2908 Πατήρ·
1538 2837 1793 2908 γεννητὸς

203 2924 322 2992 ἄρα
361 2925 452 2976 καὶ
479 2925 769 2996 ἁγέννητος
803 2929 830 2979 ὁ
865 2927 1024 2991 αὐτὸς
1051 2929 1252 2991 ἁπλοῦς
1280 2929 1374 2982 ὧν.

204 3027 364 3084 pater
390 3020 700 3088 assumpsit.
730 3019 908 3086 Quare
939 3020 1076 3075 Deus
1118 3034 1201 3075 est
1247 3023 1462 3090 quidem
1498 3021 1728 3076 infactus

209 3122 302 3165 est
331 3110 506 3168 factus
533 3122 588 3169 et
612 3115 865 3170 inl‘aetus.

288 3247 342 3301 2.
377 3249 440 3301 El
471 3250 531 3302 τὸ
561 3251 818 3305 ἀδύνατον
836 3254 1076 3306 ἐναντίον
1107 3253 1217 3322 (60)
1247 3255 1324 3324 τῷ
1352 3254 1588 3324 δυνατῷ,
1618 3253 1792 3307 καὶτὸ
1826 3217 1868 3272 G

206 3340 414 3407 ἄσοφον
467 3339 543 3410 τῷ
579 3346 746 3412 σοφῷ,
803 3345 894 3395 καὶ
933 3343 1108 3396 πάντα
1143 3345 1208 3397 τά
1253 3344 1790 3413 ἀντιδιαστελλόμενα

209 3434 434 3485 ἐναντία
457 3434 726 3505 ἀλλήλοις,
765 3436 1005 3489 ἐναντίον
1031 3439 1124 3490 καὶ
1160 3437 1219 3489 τὸ
1245 3438 1536 3508 ἀγέννητον
1564 3437 1641 3507 τῷ
1663 3455 1790 3506 γεν-

207 3524 384 3595 νητῷ.
421 3526 688 3589 Ἐναντίος
737 3522 829 3581 οὖν
862 3531 889 3580 6
928 3529 1116 3599 Πατὴρ
1157 3528 1232 3598 τῷ
1272 3528 1384 3598 Υἱῴ
1426 3530 1544 3581 κατ’
1581 3529 1789 3591 οὐσίαν,

208 3620 265 3670 εἰ
285 3636 350 3686 γε
386 3619 458 3689 μὴ
483 3619 680 3690 τρόπος
713 3620 998 3691 ὑπάρξεως
1024 3623 1114 3673 τὸν
1135 3622 1447 3692 ἀγέννητον,
1479 3621 1592 3674 ἀλλ’
1613 3622 1788 3676 οὐσία.

211 3710 279 3762 Εἰ
312 3710 516 3781 κτίσμα
569 3712 663 3764 καὶ
696 3712 756 3764 οὐ
797 3715 1041 3783 γέννημα
1065 3714 1092 3764 6
1131 3714 1277 3776 Υἱὸς,
1312 3713 1405 3766 καὶ
1429 3715 1602 3768 πάντα
1635 3713 1690 3766 δὲ
1723 3713 1791 3766 τὰ

209 3802 348 3856 ὄντα
388 3805 684 3874 κτίσματα,
731 3805 909 3875 μάτην
948 3807 1238 3874 ἀγέννητος
1265 3807 1292 3858 6
1324 3805 1513 3878 Πατὴρ
1549 3805 1785 3873 λέγεται,

209 3895 319 3947 οὐκ
343 3895 492 3958 δντος
522 3897 656 3959 ὅλως
694 3899 1028 3967 γεννήματος
1069 3897 1204 3966 πρὸς
1234 3897 1261 3948 ὃ
1295 3898 1536 3950 καλεῖται
1563 3898 1789 3967 ἀγέννη-

209 4004 327 4049 τος.
359 3988 698 4058 Δικαιότερον
732 3984 824 4042 οὖν
868 3991 1120 4051 ἄκτιστος
1168 3988 1200 4058 ἢ
1251 3989 1541 4058 ἀγέννητος
1581 3987 1790 4056 λέγοιτο

213 4079 306 4131 ἄν.
349 4079 420 4130 Τὸ
464 4067 758 4150 ’ἀγέννητος
799 4083 845 4132 εί
890 4081 1090 4151 ὄνομα,
1142 4081 1239 4133 οὐκ
1291 4081 1467 4134 οὐσία.
1523 4079 1641 4132 Τῶν
1688 4079 1793 4149 γὰρ

212 4172 416 4224 οὐσιῶν
450 4172 758 4240 σημαντικά
803 4171 868 4223 τὰ
907 4172 1173 4242 ὀνόματα,
1219 4173 1318 4224 οὐκ
1355 4172 1491 4224 αὐτὰ
1521 4171 1697 4223 οὐσία.
1732 4171 1794 4222 Et

213 4263 274 4316 δὲ
314 4255 600 4316 αὐτοουσία
628 4261 686 4314 τὸ
708 4262 1055 4331 ἀγέννητος,
1078 4261 1384 4329 λεγέτωσαν
1403 4260 1463 4311 τὸ
1487 4259 1656 4329 ὄνομα
1694 4260 1793 4311 αὐ-

215 4353 338 4421 τῆς.
387 4353 460 4406 Οὐ
507 4351 615 4422 γὰρ
666 4354 726 4404 ἐκ
774 4351 881 4404 τῶν
924 4351 1141 4416 οὐσιῶν,
1191 4350 1407 4403 ἀλλ’.ἐκ
1459 4349 1568 4402 τῶν
1599 4349 1794 4420 ὀνομά-

213 4462 329 4497 των
363 4447 456 4497 καὶ
481 4447 588 4498 τῶν
619 4444 909 4516 ἐνεργειῶν
938 4443 1298 4515 γνωρίζομεν,
1329 4443 1420 4495 καὶ
1446 4441 1681 4513 μάλιστα
1725 4441 1794 4495 τὰ

294 4686 408 4758 (δὲ)
439 4685 578 4740 Editi
607 4685 1181 4758 ἀντιδιαστελλόμενος
1202 4684 1367 4758 γὲτέρα
1385 4683 1576 4758 οὐσία.
1598 4683 1794 4738 Vdecm

213 4756 316 4822 οὐ,
340 4756 566 4827 quodin
600 4756 838 4827 antiquis
873 4756 1147 4827 sexltbris
1181 4757 1340 4827 desit,
1365 4756 1644 4827 deletidani
1674 4771 1801 4827 cen-

218 4824 457 4884 suinius.
485 4826 689 4880 Rursus
715 4826 843 4896 editi
880 4824 1016 4896 πρὸς
1049 4824 1147 4894 τὴν
1197 4825 1372 4877 κτίσιν
1421 4824 1802 4896 κάντιδιαστελ-

219 4900 452 4968 λόμενος
485 4896 664 4968 ἑτέρᾳ.
687 4895 758 4968 Et
789 4897 890 4968 hic,
911 4894 1124 4963 quoque
1165 4910 1348 4968 \_'oc0m
1378 4894 1564 4968 οὐσίαν
1594 4911 1802 4968 expun-

219 4965 426 5031 ximus,
477 4965 786 5022 eorumdem
843 4965 1100 5018 librorum
1168 4965 1324 5016 {idem
1394 4967 1590 5020 secuti.
1671 4965 1801 5029 lleg.

221 5039 420 5108 tertius
452 5038 586 5107 πρὸς
613 5036 708 5108 τὴν
727 5035 903 5089 κτίσιν
929 5035 1493 5106 ἀντιδιαστελλόμενος
1541 5039 1598 5088 ὲν
1651 5037 1807 5106 οὐσίᾳ

220 5107 377 5163 ἐστὶν
402 5108 586 5178 ἑτέρᾳ.

303 5175 658 5259 (65).Δίιιίιιυί
693 5185 804 5232 tres
831 5176 952 5231 libri
986 5177 1014 5228 ὁ
1047 5175 1200 5238 Θεός.
1253 5177 1414 5232 Deest
1449 5176 1706 5231 articulus
1748 5177 1801 5230 in

222 5251 590 5392 vu£g23IEtliti
623 5317 717 5371 καὶ
746 5317 925 5371 τοῦτο.
949 5316 1148 5373 Vocula
1188 5317 1281 5369 καί
1335 5319 1387 5370 in
1409 5326 1644 5387 quatuor
1673 5332 1802 5370 mss.

225 5389 339 5447 non
371 5389 583 5460 legitur.

299 5460 410 5530 (65)
426 5455 585 5514 Ἑἀίιὶ
633 5467 688 5530 et
735 5455 1092 5530 Beggertius
1120 5457 1180 5530 τὸ
1211 5457 1477 5530 ἄτρεπτος
1509 5455 1677 5530 αξιτού
1714 5455 1806 5530 καί

223 5531 294 5587 τὸ
315 5526 820 5612 ἀναρχος...οὐσία.
851 5529 1031 5584 Codex
1063 5529 1215 5584 Colb.
1255 5526 1310 5582 et
1351 5529 1440 5580 alii
1489 5527 1596 5581 duo
1647 5527 1800 5595 Regii

229 5613 295 5658 υι
329 5611 380 5655 in
412 5611 690 5655 contextu.

305 5671 418 5753 (66ὶ
446 5671 641 5725 Addita
675 5684 759 5729 est
783 5669 971 5726 vocula
1001 5687 1084 5732 τις
1107 5683 1172 5723 ex
1207 5668 1448 5737 antiquis
1470 5669 1706 5736 quinque
1737 5666 1801 5721 li-

228 5748 422 5884 bristi7)
459 5811 641 5869 Codex
666 5811 815 5868 Colb.
863 5823 913 5868 et
963 5808 1095 5881 Reg.
1132 5817 1352 5880 quartus
1389 5809 1446 5862 τὸ
1491 5807 1801 5878 ἀγέννητὸς.

1898 1939 2012 1978 sam
2037 1925 2200 1978 etiam
2228 1923 2428 1978 habent
2451 1923 2840 1987 substantiam;
2876 1936 2941 1973 ne
2968 1919 3216 1974 homines
3243 1920 3456 1989 quidem

1898 2015 2042 2070 inter
2071 2030 2128 2070 se
2153 2023 2279 2070 sunt
2325 2016 2838 2072 consubstantiales.
2872 2013 3004 2065 Nam
3051 2014 3207 2067 aliter
3251 2010 3461 2068 exstitit

1895 2105 2067 2161 Adam
2105 2120 2172 2161 ex
2212 2115 2355 2161 terra
2386 2105 2673 2170 formatus,
2703 2105 2858 2160 aliter
2885 2105 2990 2157 Eva
3025 2103 3164 2158 facta
3196 2120 3260 2157 ex
3286 2113 3454 2162 costa,

1898 2199 2056 2255 aliter
2111 2199 2266 2265 Abel,
2317 2213 2384 2255 ex
2430 2200 2574 2254 coitu
2611 2198 2892 2262 videlicet,
2929 2196 3084 2250 aliter
3107 2193 3198 2264 qui
3227 2210 3291 2250 ex
3341 2191 3456 2249 sola

1897 2289 2065 2344 Maria
2098 2289 2309 2360 virgine
2335 2299 2494 2346 natus
2518 2297 2622 2344 est.
2655 2289 2916 2343 Similiter
2934 2296 3113 2340 autem
3149 2296 3203 2342 et
3231 2286 3282 2339 in
3313 2283 3460 2338 vola-

1901 2382 2085 2438 tilibus
2113 2391 2167 2437 et
2188 2384 2238 2436 in
2265 2381 2727 2452 quadrupedibus.
2757 2379 2811 2434 Si
2836 2380 3105 2449 ingenitus
3131 2378 3308 2441 Pater,
3327 2391 3461 2445 quo-

1902 2472 2047 2525 niam
2072 2473 2286 2541 genitus
2335 2488 2440 2526 non
2475 2482 2590 2536 est;
2624 2469 2792 2524 Filius
2837 2479 3016 2522 autem
3064 2469 3296 2537 genitus,
3325 2482 3459 2535 quo-

1901 2564 2048 2618 niam
2081 2564 2295 2633 genitus
2324 2573 2405 2618 est
2432 2581 2446 2630 ;
2498 2563 2768 2632 posterior
2814 2562 2997 2632 genito
3032 2561 3302 2632 ingenitus
3333 2571 3458 2622 est;

1898 2655 2334 2725 quandoquidem
2390 2671 2495 2709 non
2545 2654 2774 2709 habebat
2825 2669 3054 2723 quocqu
3112 2662 3462 2723 comparatus

1899 2747 2170 2818 ingenitus
2194 2756 2498 2802 vocaretur.
2522 2744 2655 2802 Nam
2675 2746 3076 2816 distinguuntur
3101 2745 3239 2800 inter
3255 2758 3313 2799 se
3341 2757 3463 2814 quae

1898 2848 2044 2903 sunt,
2071 2854 2177 2894 non
2210 2847 2390 2894 autem
2433 2854 2552 2907 quae
2600 2854 2702 2891 non
2732 2848 2877 2891 sunt.
2907 2836 2963 2891 Si
2999 2838 3139 2890 Deus
3177 2834 3464 2903 aliquando

1902 2941 2044 2993 erat,
2090 2945 2192 2983 nec
2235 2940 2413 2985 tamen
2452 2929 2608 2982 Pater
2644 2938 2793 2995 erat;
2836 2928 3012 2981 factus
3051 2927 3230 2990 Pater,
3266 2939 3462 2980 nomen

1775 3039 1787 3074 :
1831 3032 1886 3076 at
1938 3032 2022 3077 εει
2062 3021 2225 3078 Pater
2279 3021 2493 3078 factus:
2524 3021 2688 3092 igitur
2719 3023 2807 3093 qui
2840 3022 2978 3076 idem
3007 3031 3089 3075 est
3121 3031 3174 3075 et
3212 3021 3464 3090 simplex»

1977 3254 2030 3310 Ξ.
2073 3253 2128 3309 Si
2164 3253 2498 3322 impossibile
2528 3252 2768 3322 possibili
2799 3253 3130 3308 contrarium
3171 3262 3274 3318 est,
3301 3254 3342 3307 si
3376 3269 3462 3307 sa-

1896 3346 2061 3414 pienti
2097 3345 2374 3414 insipiens,
2418 3345 2462 3399 si
2510 3345 2692 3398 omnia
2733 3359 2852 3413 quae
2880 3359 2943 3398 ex
2983 3342 3210 3397 adverso
3262 3341 3462 3396 distin-

1897 3446 2136 3508 guuntur
2168 3435 2446 3492 contraria
2504 3435 2646 3490 inter
2671 3450 2732 3490 se
2771 3445 2918 3500 sunt,
2972 3435 3134 3489 etiam
3169 3433 3463 3505 ingenitum

1898 3531 2082 3600 genito
2106 3541 2188 3585 est
2231 3527 2585 3584 contrarium.
2622 3527 2787 3599 Igitur
2832 3524 3142 3581 contrarius
3188 3534 3270 3580 est
3303 3523 3464 3578 Pater

1899 3623 2033 3676 Filio
2052 3623 2345 3678 secundum
2365 3621 2745 3681 substantiam,
2775 3620 2818 3674 si
2853 3617 3008 3672 modo
3032 3617 3327 3686 ingenitum
3355 3630 3457 3668 non

1897 3715 1970 3769 sit
1993 3713 2287 3768 exsistendi
2320 3720 2535 3776 modus,
2565 3710 2660 3766 sed
2685 3710 3008 3766 substantia.
3039 3708 3209 3763 Filius
3241 3708 3287 3762 si
3310 3722 3462 3762 crea-

1895 3817 2015 3861 tura
2054 3815 2159 3872 est,
2189 3820 2293 3860 non
2324 3803 2597 3875 genitura,
2625 3811 2681 3858 et
2712 3811 2904 3856 cuncta
2959 3814 3079 3871 quae
3122 3808 3267 3863 sunt,
3315 3813 3462 3853 crea-

1895 3907 2028 3952 tura:
2051 3907 2196 3962 sunt,
2221 3897 2422 3951 frustra
2452 3897 2620 3950 Pater
2653 3895 2925 3964 ingenitus
2948 3893 3163 3956 dicitur,
3194 3907 3315 3946 cum
3347 3907 3452 3946 non

1894 3992 1967 4043 sit
1991 3990 2213 4043 omnino
2240 3989 2509 4059 genitura,
2543 3987 2696 4056 cujus
2733 3996 2978 4054 respectu
3002 3985 3296 4055 appelletur
3320 3985 3464 4054 inge-

1901 4081 2046 4134 nitus
2076 4097 2092 4145 ;
2126 4080 2288 4148 igitur
2314 4077 2506 4148 potiori
2536 4078 2658 4149 jure
2684 4078 2958 4131 inercatus
2992 4091 3152 4144 quant
3192 4075 3465 4145 ingenitus

1900 4171 2193 4226 diceretur.
2227 4169 2503 4238 lngenitus
2555 4169 2601 4225 si
2633 4184 2828 4224 nomen
2861 4176 2964 4233 est,
3019 4181 3124 4222 non
3161 4165 3463 4220 substantia

1895 4272 1994 4316 est.
2031 4262 2254 4316 Nomina
2296 4263 2442 4317 enim
2482 4259 2812 4318 substantias
2865 4257 3193 4329 signiﬁcant,
3234 4259 3325 4312 sed
3360 4273 3463 4311 non

1895 4362 2020 4407 sunt
2037 4353 2355 4407 substantia.
2377 4352 2432 4406 Si
2453 4367 2580 4406 vero
2599 4366 2721 4413 vox,
2739 4353 3017 4420 ingenitus,
3034 4352 3145 4418 ipsa
3168 4348 3466 4403 substantia

1906 4456 2009 4511 est,
2033 4445 2175 4499 illius
2208 4445 2392 4500 dicant
2430 4460 2648 4500 nomen.
2688 4443 2854 4514 284
2893 4441 3008 4497 Non
3049 4441 3193 4496 enim
3239 4457 3304 4495 ex
3346 4441 3467 4496 sub-

1909 4687 2007 4744 Alii
2045 4701 2174 4740 mss.
2207 4696 2261 4741 et
2302 4686 2426 4740 editi
2460 4686 2520 4737 τὸ
2559 4684 2872 4755 ἀγέννητον.

1977 4758 2091 4828 (68)
2125 4756 2238 4822 Illa,
2273 4757 2413 4809 ὥστε
2440 4755 2572 4818 Θεὸς
2588 4758 2730 4828 -μέν,
2765 4760 2841 4810 sic
2872 4755 3263 4828 Trapezunt-ius
3297 4756 3467 4811 inter-

1911 4826 2154 4898 pretatus
2192 4837 2276 4898 est
2310 4847 2322 4881 :
2369 4829 2545 4892 Quare
2577 4826 2718 4898 Deus
2749 4829 2954 4896 quidem
2995 4827 3253 4898 ingenitus
3281 4841 3297 4877 :
3332 4829 3470 4894 geni-

1913 4897 1996 4953 tus
2023 4907 2194 4951 autem
2228 4897 2388 4951 Pater
2418 4915 2437 4953 :
2483 4897 2739 4966 ingenitus
2769 4913 2890 4965 ergo
2942 4905 2991 4948 et
3036 4897 3261 4966 genitus,
3309 4898 3466 4959 idem,

1914 4986 2028 5022 cum
2056 4971 2121 5021 sit
2143 4969 2401 5032 simplex:
2429 4965 2550 5035 quaé
2590 4968 2776 5028 verba,
2829 4966 2928 5035 nisi
2969 4965 3326 5032 explicentur,
3372 4969 3469 5020 ob-

1915 5053 2068 5091 scura
2113 5039 2360 5090 videntur
2387 5034 2746 5089 et’intellectu
2798 5034 3055 5088 diﬂicilia.
3107 5036 3245 5088 Puto
3286 5046 3466 5092 autem

1914 5111 2256 5176 scriptorem,
2283 5108 2590 5172 quicunque
2627 5107 2840 5159 tandem
2871 5105 2960 5158 ille
2986 5106 3073 5168 sit,
3103 5106 3153 5156 in
3184 5106 3364 5176 verbis
3394 5107 3468 5159 lu-

1907 5175 2065 5239 dere,
2097 5186 2151 5230 et
2184 5177 2249 5228 ad
2286 5190 2470 5230 vocem
2507 5176 2818 5246 γενόμενος,
2845 5190 2963 5242 qum
2989 5175 3262 5244 praecedit,
3290 5191 3470 5244 respe-

1911 5263 2053 5299 xisse
2083 5266 2096 5300 :
2132 5257 2188 5298 ut
2228 5247 2296 5297 sit
2338 5261 2547 5307 sensus,
2607 5245 2746 5298 Deus
2793 5257 3077 5312 antequam
3117 5246 3292 5299 factus
3323 5256 3470 5298 esset

1909 5315 2088 5376 Pater.
2139 5331 2241 5371 non
2279 5329 2399 5369 erat
2438 5314 2613 5368 factus
2666 5315 2846 5385 Pater.
2907 5315 3069 5385 Igitur
3118 5315 3295 5379 Pater,
3343 5331 3468 5368 cum

1910 5388 2138 5455 simplex
2171 5387 2261 5451 sit,
2292 5385 2464 5440 factus
2490 5395 2544 5438 et
2585 5400 2690 5438 non
2728 5383 2901 5439 factus
2931 5383 3035 5440 dici
3058 5396 3250 5455 potest
3282 5408 3291 5439 :
3326 5385 3468 5453 quod

1912 5454 2094 5512 secum
2129 5471 2371 5524 pugnare
2416 5456 2666 5522 scriptori
2709 5457 2880 5509 visum
2918 5465 3022 5509 est.
3057 5454 3192 5509 Hinc
3221 5455 3471 5524 sequitur

1911 5541 2071 5580 voces
2090 5527 2383 5595 ἀγέννητος
2407 5537 2460 5578 ει
2493 5525 2746 5594 γεννητὸς
2778 5527 2880 5580 hoc
2905 5525 3025 5579 loco
3066 5537 3159 5580 aut
3203 5527 3342 5580 idem
3378 5540 3470 5577 va-

1911 5598 2020 5650 lere
2053 5599 2195 5664 quod
2223 5612 2384 5649 voces
2412 5597 2675 5664 ἀγένητος
2705 5605 2757 5648 ει
2794 5597 3042 5665 γενητός,
3079 5607 3170 5648 aut
3217 5597 3468 5649 utendum

1911 5682 2030 5721 esse
2052 5666 2415 5730 librariorum,
2445 5667 2540 5735 qui
2559 5667 2792 5720 litteram
2816 5683 2845 5718 ν
2871 5668 2988 5720 voci
3020 5669 3232 5736 utrique
3255 5670 3470 5721 incaute

1912 5737 2203 5790 addiderint

1980 5807 2089 5877 (69)
2116 5807 2251 5861 Editi
2277 5807 2543 5861 ἐναντίαν.
2578 5806 2646 5861 At
2681 5821 2808 5863 mss.
2843 5805 3101 5860 ἐναντίον.
