4088 6318
699 323 807 381 683

1991 336 2048 391 S.
2087 337 2173 392 BA
2182 338 2324 394 SILI]
2365 341 2576 399 MAGNI

3832 363 3933 417 6H

697 444 943 511 stantiis,
976 445 1069 500 sed
1105 460 1138 501 e
1181 447 1492 503 nominibus
1524 457 1578 502 et
1602 452 2012 520 Operationibus
2054 471 2224 527 cogun

2326 459 2644 528 ἀσώματα.
2691 463 2752 515 Ei
2783 462 2844 517 τὸ
2881 466 3207 536 ἀγέννητος
3241 473 3406 545 ὄνομα
3460 478 3560 548 τῆς
3599 479 3791 543 οὐσίας
3841 485 3931 534 τοῦ

695 537 915 600 scimus.
932 546 986 591 ct
1000 538 1295 605 praesertim
1311 538 1644 607 incorporea.
1659 539 1933 612 Ingenitus
1950 546 1994 598 si
2012 545 2258 600 substan-

695 627 784 680 tiae
814 626 909 682 Dei
949 643 1142 683 nomen
1194 640 1300 692 est,
1330 640 1424 684 aut
1460 631 1597 686 Deus
1625 648 1719 686 sua
1752 635 1922 703 ipsius
1951 637 2253 693 substantia

2357 548 2514 612 Θεοῦ,
2560 552 2592 621 ἢ
2626 552 2721 624 τὴν
2753 556 2938 610 οὐσίαν
2973 561 3070 631 τὴν
3108 562 3243 615 ίδίαν
3292 566 3448 631 εἰδὼς
3486 572 3513 622 ὁ
3554 571 3689 634 Θεὸς
3713 572 3776 624 τὸ
3807 572 3926 627 bvo-

2360 657 2434 710 μα
2460 641 2562 712 τῆς
2601 644 2790 708 οὐσίας
2819 648 3105 720 ἠγνόησεν,
3135 652 3167 722 ἢ
3196 654 3371 708 καὶτὸ
3403 659 3572 728 δνομα
3611 661 3769 725 εἰδὼς
3803 665 3930 727 τοὺς

692 719 908 787 cognita
935 735 1129 775 nomen
1161 722 1481 777 substantia:
1509 724 1805 794 ignoravit:
1843 729 2137 797 autetiam,
2165 747 2224 788 nc

2355 734 2645 801 ἀκούοντας
2695 719 3197 815 ἡπάτησε.Κύριος
3233 750 3340 818 γάρ
3363 719 3523 820 φησιν
3543 770 3554 779 ·
3583 719 3926 822 Παντοκρῶ

691 807 837 863 mine
857 812 1092 879 cognito,
1127 812 1409 866 audientes
1433 814 1660 882 det-epit.
1683 816 1938 873 Dominus
1965 821 2108 874 enim
2141 822 2248 876 ait:

2355 841 2464 892 τωρ
2504 826 2689 895 ὄνομά
2714 847 2830 898 μου
2854 831 2986 902 (70).
3010 835 3119 888 Καὶ
3145 838 3292 908 παρὰ
3329 840 3570 904 Μωσέως
3602 844 3923 914 ἐρωτηθεὶς,

690 895 1029 968 Omnipotens
1057 917 1241 954 nomen
1266 919 1435 956 meum
1458 905 1524 957 ".
1556 905 1622 958 Et
1650 922 1680 959 a
1716 906 1859 963 Mose
1890 910 2220 982 interrogatu

2351 914 2402 966 τί
2440 917 2610 987 ὄνομα
2641 895 2810 990 αὐτῷ,
2835 895 2998 993 (ρησίν
3019 941 3031 953 ·
3080 895 3365 996 Ἐγώιεὶμι
3397 933 3430 982 ό
3451 895 3567 982 ὧνῖ
3599 895 3696 984 καὶ

686 989 830 1058 quod
858 989 908 1045 ei
937 999 1084 1045 esset
1123 1007 1315 1047 nomen
1342 1009 1356 1046 :
1389 990 1523 1063 Ego,
1559 996 1752 1065 inquit,
1776 1013 1890 1051 sum
1917 1001 2006 1069 qui
2037 1018 2151 1055 sum
2181 1003 2246 1070 “;

683 1089 741 1135 et
768 1095 1014 1137 rursum:
1057 1081 1194 1138 Deus
1221 1085 1510 1153 Abraham,
1547 1098 1596 1142 et
1629 1087 1767 1144 Deus
1813 1090 1994 1155 Isaac,
2027 1103 2078 1146 et
2105 1093 2247 1149 Deus

681 1166 847 1223 Iacob
871 1188 890 1236 ,'
915 1171 1011 1225 hoc
1035 1173 1160 1226 milii
1183 1191 1367 1228 nomen
1395 1187 1649 1230 curuum
1682 1177 1751 1230 “.
1786 1177 1851 1232 Et
1881 1181 2050 1236 David
2081 1201 2096 1238 :
2139 1185 2248 1238 Do-

681 1263 854 1316 minus
888 1279 1071 1319 nomen
1105 1266 1201 1318 tibi
1237 1266 1304 1321 1°.
1351 1267 1422 1321 At
1455 1269 1554 1322 hoc
1582 1284 1798 1335 nomen,
1832 1271 2110 1342 ingenitus,
2145 1293 2246 1333 nec

681 1354 801 1426 ipse
828 1355 931 1411 sibi
963 1358 1235 1427 ascripsit,
1265 1375 1364 1416 nec
1395 1363 1682 1430 quisquam
1709 1376 2016 1420 sanctorum
2050 1369 2205 1422 dixit.

751 1449 808 1505 Si
843 1465 971 1504 vero
1002 1465 1099 1506 nec
1130 1451 1363 1522 decepit,
1394 1468 1493 1507 nec
1523 1453 1790 1524 ignoravit
1822 1456 2065 1527 (impium
2097 1463 2241 1516 enim

678 1551 760 1596 est
789 1541 984 1596 borum
1022 1543 1223 1614 aliquid
1257 1544 1484 1615 dicere),
1511 1547 1771 1615 ingenitus
1807 1549 1857 1603 ei
1893 1565 2088 1606 nomen
2133 1569 2238 1609 non

675 1645 782 1688 εει.
821 1633 1096 1706 Ingenitus
1121 1645 1215 1689 aut
1241 1637 1536 1691 substantia
1563 1647 1664 1705 est,
1693 1648 1787 1694 aut
1816 1643 2063 1699 accidens
2092 1643 2238 1705 (nam

675 1734 873 1795 praeter
909 1728 1021 1780 hac
1055 1725 1190 1780 nihil
1222 1742 1342 1782 esse
1378 1727 1579 1800 potest)
1613 1748 1627 1783 :
1659 1733 1754 1786 sed
1787 1733 2093 1789 substantia
2133 1752 2236 1791 non

671 1825 777 1880 est,
810 1831 932 1870 cum
966 1831 1071 1870 non
1097 1818 1167 1872 sit
1195 1817 1484 1887 quidquam
1514 1821 1655 1890 quod
1699 1821 1768 1877 ab
1805 1838 1869 1878 eo
1900 1839 1966 1879 ex
1997 1827 2239 1895 opposito

672 1907 1055 1978 distinguatur.
1086 1907 1184 1963 Est
1213 1909 1356 1964 enim
1395 1909 1562 1966 Filius
1599 1913 1838 1981 genitus.
1876 1923 1930 1967 at
1959 1928 2061 1968 non
2102 1930 2237 1985 qua-

673 2007 831 2054 tenus
873 2000 1172 2055 substantia
1205 2009 1308 2064 est,
1348 2003 1442 2055 sed
1478 2013 1744 2072 quatenus
1777 2005 1988 2074 genitus
2021 1999 2136 2061 fuit.
2177 2006 2237 2062 Si

667 2103 802 2146 vero
833 2091 1103 2154 accidens,
1142 2100 1236 2146 aut
1288 2102 1484 2146 natura
1533 2094 1753 2149 insitum
1793 2105 1897 2162 est,
1933 2105 2026 2152 aut
2061 2108 2237 2168 potest

668 2183 860 2236 adesse
887 2188 943 2237 et
972 2182 1184 2237 abesse.
1227 2180 1355 2248 Sed,
1383 2184 1427 2237 si
1472 2193 1662 2240 natura
1698 2186 1916 2241 insitum
1952 2197 2056 2256 est,
2093 2189 2233 2247 Deus

667 2271 980 2329 necessario
1008 2281 1063 2328 et
1087 2272 1390 2329 substantia
1419 2283 1473 2329 et
1500 2276 1751 2331 accidens
1782 2286 1884 2332 est.
1920 2277 2049 2344 Qute
2085 2280 2231 2334 enim

663 2370 792 2416 sunt
841 2362 1132 2431 ejusmodi,
1186 2365 1495 2419 necessario
1547 2366 1797 2420 accidunt
1847 2370 2042 2436 quibus
2094 2372 2233 2426 acci-

663 2453 822 2509 dunt.
857 2453 1013 2520 Quod
1062 2454 1108 2507 si
1162 2455 1540 2526 contingenter
1586 2456 1757 2524 adest,
1805 2459 1910 2512 erit
1964 2459 2231 2530 ingenitus

665 2544 958 2614 aliquando
983 2553 1040 2600 et
1064 2545 1295 2617 genitus.
1330 2546 1628 2617 ingenitum
1657 2549 1702 2603 si
1731 2549 1914 2604 dicunt
1948 2550 2138 2618 Deum,
2165 2568 2231 2609 eo

661 2641 804 2706 quod
834 2637 1047 2708 genitus
1074 2654 1182 2694 non
1215 2648 1318 2708 est,
1349 2655 1456 2696 non
1508 2642 1633 2710 quid
1669 2644 1740 2699 sit
1780 2645 2080 2700 substantia
2115 2647 2230 2715 ejus

659 2728 866 2794 dicunt,
892 2729 986 2784 sed
1034 2731 1161 2800 quid
1197 2745 1304 2786 non
1349 2733 1442 2786 sit.
1496 2733 1705 2804 Quippe
1747 2737 2052 2792 substantia
2084 2737 2226 2793 nulla

657 2834 725 2875 ex
765 2821 832 2876 iis
861 2837 981 2891 quae
1009 2838 1112 2878 non
1141 2831 1246 2891 est,
1276 2824 1370 2879 sed
1406 2839 1471 2878 ex
1506 2826 1575 2878 iis
1605 2841 1722 2894 qua:
1749 2837 1833 2882 est
1859 2830 2222 2898 cognoscitur.

657 2913 794 2970 Nam
819 2926 872 2970 et
900 2915 1048 2981 illud,
1078 2916 1415 2983 immortalis,
1443 2925 1497 2971 et
1526 2916 1678 2982 illud,
1715 2918 2148 2988 incorruptibilis,
2172 2931 2227 2976 et

658 3009 809 3076 illud,
839 3010 1204 3075 immutabilis,
1237 3025 1342 3065 non
1374 3009 1734 3065 substantiam
1761 3009 1924 3076 illius,
1955 3013 2048 3067 sed
2081 3013 2224 3082 quod

659 3114 759 3154 nec
807 3100 1091 3167 moriatur,
1131 3115 1230 3154 nec
1283 3109 1681 3171 corrumpatur,
1717 3115 1816 3156 nec
1861 3112 2224 3157 commutetur

658 3201 716 3244 ut
749 3198 1034 3255 creaturae,
1069 3165 1394 3260 significant.
1427 3165 1672 3248 Doceant
1712 3194 1873 3262 igitur
1917 3194 2045 3264 quid
2081 3194 2222 3249 Deus
2249 3165 2290 3223 ϐ

655 3284 748 3349 sit,
791 3298 895 3338 non
924 3281 1055 3352 quid
1087 3296 1191 3336 non
1225 3282 1313 3336 sit.
1351 3281 1407 3336 Si
1451 3286 1712 3353 ingenitus
1766 3302 1871 3341 non
1904 3288 2223 3342 substantia:

654 3388 850 3429 nomen
881 3382 989 3440 est,
1018 3373 1112 3430 sed
1140 3372 1371 3444 ipsamet
1407 3374 1740 3430 substantia:
1774 3393 1960 3433 rursus
1991 3380 2032 3433 si
2052 3379 2222 3435 Filius

651 3475 738 3521 est
766 3464 1092 3530 substantia,
1115 3467 1276 3521 etiam
1302 3463 1474 3520 Filius
1500 3465 1773 3537 ingenitus
1801 3478 1920 3533 est;
1957 3471 2064 3525 imo
2093 3487 2220 3528 vero

650 3556 954 3613 substantia
993 3556 1172 3612 omnis
1218 3559 1325 3612 erit
1375 3558 1639 3629 ingenita.
1673 3558 1728 3615 Si
1763 3560 2056 3630 ingenitum
2089 3565 2218 3619 sub-

651 3648 851 3704 stantia
884 3647 978 3705 Dei
1011 3657 1114 3715 est,
1145 3659 1198 3703 et
1231 3651 1477 3720 genitura
1507 3652 1807 3707 substantia
1847 3651 1970 3708 Filii
2007 3670 2020 3705 :
2062 3668 2216 3709 crea-

652 3749 772 3796 tura
820 3743 983 3812 igitur
1031 3751 1122 3798 aut
1165 3741 1374 3798 factura
1422 3759 1528 3800 non
1576 3755 1658 3800 est
1689 3746 1856 3816 ipsius
1895 3746 2214 3802 substantia.

649 3831 821 3892 Filius
847 3834 992 3889 enim
1023 3850 1152 3901 una,
1187 3851 1291 3890 non
1336 3836 1518 3890 multae
1561 3837 1896 3894 substantiae.
1930 3839 2063 3894 Cum
2094 3840 2217 3910 quis

650 3924 950 3989 hominem,
976 3932 1069 3978 aut
1114 3923 1367 3994 lapidem,
1398 3935 1490 3979 aut
1523 3927 1722 3994 lignum
1767 3928 1916 3992 dicit,
1953 3932 2213 3984 substan-

651 4017 780 4072 tiam
810 4018 1100 4087 quamdam
1153 4018 1356 4072 indicat
1389 4037 1406 4072 :
1435 4025 1490 4071 at
1537 4033 1659 4072 cum
1719 4019 2017 4088 genituram
2059 4022 2212 4089 dicit,

646 4123 755 4164 non
795 4109 1152 4164 substantiam
1191 4109 1512 4181 simpliciter
1558 4109 1858 4182 signiﬁcat;
1891 4111 2087 4182 alioqui
2119 4129 2214 4183 ge-

649 4202 828 4254 nitura
852 4201 1029 4255 omnis
1053 4211 1330 4256 esset/una
1358 4204 1679 4258 substantia.
1707 4204 1861 4272 Quod
1889 4205 1932 4259 si
1964 4205 2212 4274 genitura

646 4295 1004 4349 substantiam
1040 4297 1350 4365 quampiam
1385 4312 1489 4350 non
1525 4298 1811 4368 signiﬁcat,
1860 4315 2033 4369 neque
2070 4301 2213 4369 inge-

645 4385 783 4438 nitus
815 4385 1078 4454 profecto.
1113 4387 1252 4442 Deus
1281 4387 1326 4440 si
1361 4386 1631 4456 ingenitus
1663 4398 1766 4454 est,
1798 4405 1861 4445 eo
1889 4391 2029 4459 quod
2063 4392 2210 4462 geni-

2363 1007 2424 1059 ’0
2445 1011 2587 1076 Θεὸς
2611 1013 2873 1082 Ἀϐραὰμ,
2896 1016 2994 1067 καὶ
3017 1019 3049 1068 ὀ
3068 1018 3210 1083 Θεὸς
3232 1020 3341 1089 (71)
3364 1022 3590 1087 Ἰσαὰκ,
3609 1026 3706 1075 καὶ
3728 1028 3760 1077 ό
3781 1027 3924 1093 Θεὸς

2362 1099 2584 1156 Ἰακώϐ·
2620 1106 2796 1158 τοῦτό
2812 1125 2915 1175 μοι
2942 1108 3128 1175 ὄνομα
3149 1111 3386 1165 αἰώνιον
3405 1131 3416 1142 ·
3450 1115 3544 1167 καὶ
3573 1117 3738 1168 Δαϐίδ
3755 1135 3769 1147 ο
3806 1121 3922 1171 Κύ-

2339 1208 2471 1257 ριος
2489 1193 2673 1262 ὄνομά
2691 1214 2787 1250 σοι
2815 1199 2946 1267 (72).
2981 1201 3327 1269 Ἀγέννητον
3341 1205 3396 1256 δὲ
3419 1207 3586 1277 ὄνομα
3607 1207 3734 1262 οὔτε
3758 1210 3923 1274 αὐτὸς

2348 1283 2552 1353 ἑαυτῷ,
2605 1285 2727 1339 οὔτε
2779 1307 2861 1354 τις
2901 1291 3008 1343 τῶν
3069 1294 3235 1361 ἀγίων
3280 1297 3512 1367 εἴρηκεν.
3561 1301 3624 1352 Ei
3687 1301 3743 1353 δὲ
3797 1302 3921 1354 οὐτε

2346 1373 2646 1444 ἠπάτησεν,
2699 1377 2820 1431 οὐτε
2860 1381 3127 1452 ἠγνόησεν
3183 1384 3394 1454 (ἀσεϐὲς
3428 1388 3534 1459 γάρ
3591 1407 3644 1442 τι
3710 1393 3920 1445 τούτων

2345 1465 2580 1534 εἰπεῖν),
2623 1466 2683 1518 τὸ
2707 1468 3035 1538 ἀγέννητος
3079 1475 3179 1528 οὐκ
3209 1476 3377 1546 ὄνομα
3410 1479 3593 1533 αὐτοῦ.
3649 1485 3724 1536 Τὸ
3746 1486 3920 1554 ἀγέν-

2341 1557 2572 1628 νητοςῆ
2604 1558 2759 1612 οὐσία
2793 1563 2957 1628 ἐστὶν,
2983 1565 3016 1635 ἢ
3038 1567 3382 1640 συμϐεϐηκὸς
3400 1569 3573 1642 (παρὰ
3599 1574 3774 1628 ταῦτα
3808 1578 3918 1646 (75)

2341 1647 2449 1720 γὰρ
2474 1649 2623 1702 οὐδὲν
2657 1650 2721 1702 ἂν
2757 1653 2861 1723 εἴη)
2884 1672 2898 1684 ·
2945 1656 3056 1708 ἀλλ’
3110 1659 3267 1713 οὐσία
3315 1663 3412 1731 μὲν
3466 1663 3566 1716 οὐκ
3598 1664 3767 1730 ἔστιν,
3794 1669 3918 1721 οὔτε

2339 1742 2447 1811 γὰρ
2494 1741 2554 1794 τὸ
2604 1743 3160 1816 ἀντιδιαστελλόμενον
3206 1752 3380 1823 αὐτῷ·
3420 1755 3682 1825 γεννητὸς
3730 1760 3841 1829 γὰρ
3891 1764 3919 1814 ὁ

2271 1799 2313 1853 Β
2343 1799 2485 1895 Ῠὶὸς,
2519 1835 2579 1886 οὐ
2637 1833 2772 1886 καθὸ
2812 1799 3166 1899 οὐσία,ιά>.λά

2342 1924 2716 1996 συμϐεϐηκὸς,
2763 1926 2796 1997 ἦ
2843 1928 3223 1996 συμπέφυκεν,
3268 1933 3300 2003 ἦ
3345 1935 3616 2006 ἐνδέχεται
3647 1937 3917 2009 ὑπάρχειν

2339 2017 2432 2068 καὶ
2463 2017 2536 2089 μὴ
2587 2019 2867 2090 ὑπάρχειν.
2919 2019 3056 2072 Ἀλλ’
3086 2023 3134 2073 εἰ
3169 2023 3265 2093 μὲν
3297 2029 3671 2097 συμπέφυκεν,
3700 2031 3912 2101 ἀνάγκη

2335 2106 2413 2177 τῷ
2442 2108 2560 2179 Θεῷ
2606 2112 2699 2163 καὶ
2735 2112 2921 2166 οὐσίαν
2957 2111 3067 2181 (74)
3117 2114 3208 2166 καὶ
3244 2116 3584 2190 συμϐεϐηκὸς
3614 2117 3775 2174 εἶναι.
3829 2123 3915 2187 Ἐξ

2334 2200 2579 2271 ἀνάγκης
2611 2201 2719 2272 γὰρ
2755 2203 2824 2256 τά
2861 2204 3085 2258 τοιαῦτα
3122 2205 3404 2274 συμϐαίνει
3430 2207 3509 2273 οἷς
3538 2213 3910 2284 συμϐέϐηκεν.

2332 2294 2396 2346 Ei
2431 2293 2487 2346 δὲ
2527 2296 2889 2366 ἐνδεχομένως
2923 2297 3068 2367 (75),
3119 2298 3268 2350 ἔσται
3303 2301 3393 2352 κα)⁸
3438 2302 3740 2374 ἀγέννητὸς
3783 2324 3913 2360 ποτε

2332 2386 2424 2437 καὶ
2457 2387 2728 2457 γεννητὸς.
2769 2389 2829 2440 Εἰ
2855 2389 3146 2460 ἀγέννητον
3185 2389 3397 2459 λέγουσι
3431 2393 3519 2445 τὸν
3543 2395 3699 2460 Θεὸν,
3726 2400 3804 2450 ὅτι
3837 2401 3909 2470 μὴ

2331 2474 2610 2544 ἐγεννήθη,
2643 2477 2702 2527 οὐ
2737 2477 2788 2528 τί
2817 2480 2962 2530 ἐστιν
2996 2481 3029 2549 ὴ
3074 2479 3228 2532 οὐσία
3260 2480 3442 2546 αὐτοῦ,
3471 2482 3743 2552 λέγουσιν,
3776 2491 3910 2543 ἀλλὰ

2328 2565 2382 2616 τί
2415 2565 2511 2617 οὐκ
2543 2566 2708 2622 ἐστιν.
2755 2569 2993 2639 Οὐδεμία
3025 2571 3080 2624 δὲ
3108 2573 3260 2626 οὐσία
3291 2573 3348 2637 ἐξ
3380 2568 3454 2626 ὧν
3484 2577 3584 2628 οὐκ
3611 2577 3729 2630 ἐστι
3765 2597 3907 2647 γνω-

2331 2656 2557 2728 ρίζεται,
2593 2658 2705 2710 ἀλλ’
2738 2660 2796 2724 ἐξ
2823 2654 2896 2713 ὧν
2930 2663 3064 2715 ἐστι.
3099 2667 3208 2717 Καὶ
3236 2666 3293 2718 τὸ
3319 2668 3615 2734 ἀθάνατος
3646 2675 3778 2740 γὰρ,
3816 2676 3908 2725 καὶ

2327 2749 2384 2801 τὸ
2413 2748 2710 2818 ἄφθαρτος
2735 2751 2827 2803 καὶ
2853 2753 2913 2804 τὸ
2941 2753 3246 2822 ἄτρεπτος,
3282 2760 3342 2810 οὐ
3375 2760 3472 2829 τὴν
3500 2763 3690 2814 οὐσίαν
3715 2763 3904 2825 αὐτοῦ,

2324 2839 2436 2895 ἀλλ’
2471 2843 2550 2894 ὅτι
2580 2841 2652 2913 μὴ
2692 2841 3042 2914 ἀποθνήσκει,
3078 2846 3215 2914 μήτε
3261 2848 3559 2917 φθείρεται,
3615 2853 3755 2919 μήτε
3787 2853 3906 2922 τρέ-

2324 2952 2482 2988 πεται
2511 2936 2587 2999 ὡς
2618 2935 2688 2988 τά
2716 2936 3009 3008 κτίσματα,
3036 2937 3205 3007 δηλοῖ.
3241 2939 3650 2994 Διδασκέτωσαν
3680 2939 3775 2995 οὖν
3799 2946 3850 2996 τί
3878 2947 3904 2996 ὁ

2321 3025 2452 3089 Θεός
2491 3029 2658 3093 ἐστιν,
2708 3031 2767 3081 οὐ
2795 3029 2845 3081 τί
2895 3030 2995 3082 οὐκ
3042 3028 3206 3084 ἔστιν.
3258 3030 3319 3083 Ei
3351 3029 3412 3083 τὸ
3441 3031 3779 3100 ἁγέντητος
3804 3037 3900 3088 οὐκ

2323 3113 2490 3185 ὗνομα
2519 3119 2725 3181 οὐσίας,
2768 3119 2881 3172 ἀλλ’
2921 3121 3204 3174 αὐτοουσία
3259 3121 3394 3192 (76),
3445 3125 3605 3178 οὐσία
3637 3125 3695 3178 δὲ
3739 3128 3832 3180 καὶ
3876 3131 3901 3180 ὀ

2325 3199 2471 3263 Υἱός·
2502 3202 2789 3272 ἀγέννητος
2823 3206 2914 3258 καὶ
2943 3207 2970 3257 ὁ
2999 3205 3144 3268 Υἱὸς,
3173 3207 3266 3258 καὶ
3303 3210 3446 3260 πᾶσα
3475 3208 3530 3262 δὲ
3559 3210 3718 3262 οὐσία
3742 3212 3897 3279 ἀγέν-

2323 3307 2500 3361 νητος.
2546 3293 2606 3344 Ei
2636 3292 2695 3344 τὸ
2728 3294 3017 3364 ἀγέννητον
3050 3297 3206 3350 οὐσία
3238 3296 3327 3350 τοῦ
3359 3298 3515 3362 Θεοῦ,
3551 3302 3646 3353 καὶ
3676 3303 3739 3353 τὸ
3777 3303 3896 3370 γέν-

2322 3399 2466 3454 νημα
2504 3382 2659 3436 οὐσία
2690 3383 2782 3435 τοῦ
2816 3385 2943 3437 Υίοῦ
2966 3402 2980 3416 ο
3020 3388 3080 3440 τὸ
3123 3390 3325 3460 κτίσμα
3357 3387 3448 3444 οὖν
3494 3391 3526 3461 ἢ
3560 3392 3777 3463 ποίημα
3801 3395 3896 3446 οὐκ

2319 3459 2490 3528 obs-ia.
2523 3472 2707 3527 αὐτοῦ.
2763 3476 2875 3529 Μία
2901 3477 3004 3548 γὰρ
3046 3481 3138 3531 καὶ
3165 3481 3225 3532 οὐ
3260 3483 3447 3535 πολλαὶ
3479 3484 3659 3536 οὐσίαι
3688 3488 3717 3538 ὁ
3751 3486 3892 3549 Υἱός.

2324 3564 2639 3634 Ἀνθρωπόν
2665 3582 2750 3630 τις
2776 3566 2976 3631 εἰπὼν,
3009 3568 3040 3638 ἣ
3077 3569 3250 3634 λίθον,
3284 3573 3314 3642 ἢ
3352 3573 3524 3637 ξύλον,
3559 3576 3751 3628 οὐσίαν
3778 3578 3894 3630 τινὰ

2316 3655 2491 3726 δηλοῖ·
2527 3659 2772 3731 γέννημα
2814 3661 2871 3714 δὲ
2911 3661 3098 3726 εἰπὼν,
3127 3663 3224 3717 οὐκ
3263 3666 3449 3720 οὐσίαν
3485 3669 3672 3733 ἁπλῶς
3706 3670 3855 3741 δηλοί
3878 3693 3890 3704 υ

2317 3751 2437 3802 ἐπεὶ
2463 3752 2568 3804 πᾶν
2603 3751 2846 3823 γέννημα
2875 3753 3029 3806 οὐσία
3066 3755 3181 3823 μία.
3222 3756 3283 3809 Ei
3312 3756 3366 3807 δὲ
3399 3757 3498 3809 οὐκ
3531 3759 3722 3824 οὐσίας
3754 3764 3892 3828 τινὸς

2317 3841 2378 3893 τὸ
2410 3842 2652 3913 γέννημα
2695 3844 3053 3913 σημαντικὸν,
3085 3844 3205 3898 οὐδὲ
3233 3845 3296 3898 τὸ
3341 3847 3678 3919 ἀγέννητος
3703 3853 3888 3923 δηλον-

2315 3934 2414 3989 ὁτι.
2472 3936 2535 3987 Ei
2578 3935 2871 4006 ἀγέννητός
2915 3937 3059 3990 ἐστιν
3104 3939 3133 3990 ὁ
3174 3938 3325 4002 Θεὸς,
3359 3941 3439 3993 ὅτι
3476 3942 3551 4013 μὴ
3585 3947 3848 4016 ἐγεννήθη
3872 3963 3886 3976 ·

2314 4025 2452 4078 οὕτω
2475 4025 2566 4078 καὶ
2594 4026 2886 4098 ἄφθαρτος,
2924 4029 3004 4081 ὅτι
3033 4028 3105 4099 μὴ
3135 4029 3430 4101 φθείρεται.
3469 4034 3680 4105 Ὧστερ
3702 4031 3796 4088 οὖν
3827 4039 3883 4090 τὸ

2314 4114 2613 4181 ἄφθαρτον
2645 4117 2704 4168 τὸ
2743 4117 3091 4187 ἀτελεύτητον
3128 4121 3291 4172 αὐτοῦ
3319 4122 3496 4191 δηλοῖ,
3526 4125 3670 4177 οὕτω
3702 4129 3796 4180 καὶ
3829 4131 3885 4182 τὸ

2313 4204 2646 4273 ἀγέννητον
2668 4207 2728 4257 τὸ
2769 4209 3021 4278 ἄναρχον.
3083 4209 3144 4261 Ei
3196 4209 3252 4262 δὲ
3297 4212 3591 4282 ἀγέννητος
3638 4217 3760 4285 μὲν,
3791 4222 3883 4273 οὐκ

2311 4293 2583 4365 ἄφθαρτος
2607 4294 2685 4359 δὲ,
2713 4293 2860 4348 ἔσται
2891 4296 2987 4366 μὲν
3010 4297 3256 4369 ἄναρχος,
3289 4300 3387 4354 οὐκ
3409 4303 3764 4377 ἀτελεύτητος
3793 4311 3844 4364 δέ
3867 4330 3877 4342 ·

2311 4389 2446 4458 ὅπερ
2477 4387 2693 4441 ἄτοπον.
2713 4388 2823 4441 Οὐκ
2854 4389 3010 4444 οὐσία
3041 4387 3133 4444 οὖν
3164 4393 3223 4444 τὸ
3250 4393 3595 4463 ἀγέννητος,
3628 4400 3764 4453 ἀλὶά
3796 4403 3880 4472 δή.

644 4482 730 4529 tus
778 4489 883 4528 non
924 4483 1007 4529 est
1040 4493 1054 4528 :
1089 4475 1166 4528 sic
1209 4486 1263 4530 et
1309 4476 1757 4545 incorruptibilis,
1789 4493 1855 4532 eo
1907 4482 2047 4549 quod
2103 4496 2204 4534 non

2326 4491 2472 4540 ’.ωσις
2513 4477 2604 4531 τοῦ
2651 4478 2726 4550 μὴ
2771 4481 3145 4552 γεγεννῆσθαι.
3201 4483 3262 4534 Ei
3321 4483 3477 4551 φύσει
3524 4487 3818 4559 ἀγέννητος
3855 4495 3878 4542 ὁ

641 4566 1029 4636 corrumpitur.
1083 4562 1539 4631 Quemadmodum
1600 4569 1763 4639 igitur
1807 4570 2207 4639 incorruptibile

640 4672 764 4710 eum
796 4659 912 4710 sine
938 4658 1044 4711 line
1083 4656 1319 4711 futurum
1350 4658 1618 4728 signiﬁcat
1656 4680 1672 4711 .-
1711 4663 1784 4714 ita
1818 4671 1865 4714 et
1894 4661 2204 4730 ingenitum,

639 4749 890 4818 principii
926 4749 1090 4822 285
1135 4761 1410 4822 expertem
1459 4767 1597 4806 esse.
1655 4752 1710 4807 Si
1757 4769 1884 4807 vero
1934 4755 2201 4826 ingenitus

2313 4571 2519 4642 Πατὴρ,
2549 4570 2706 4641 φύσει
2744 4572 3000 4642 γεννητὸς
3033 4573 3124 4624 καὶ
3151 4576 3178 4626 ὸ
3202 4574 3345 4636 Υἱός.
3388 4576 3447 4626 ΕΞ
3481 4576 3537 4629 δὲ
3574 4579 3736 4645 φύσει
3765 4583 3878 4647 γέν-

2310 4681 2478 4732 νημα,
2514 4663 2694 4716 οὐκέτι
2725 4661 2946 4732 κτίσμα.
2983 4663 3168 4725 Ὀντος
3195 4660 3287 4716 οὖν
3314 4663 3404 4716 τοῦ
3431 4666 3586 4732 φύσει
3613 4671 3874 4739 γεννήμα-

2304 4772 2394 4817 τος
2427 4754 2562 4825 (77),
2594 4756 2807 4824 ἀνάγκη
2840 4754 2933 4808 καὶ
2957 4754 3044 4808 τὸν
3077 4758 3412 4825 γεννήσαντα
3438 4751 3576 4811 εἶναι
3594 4773 3608 4786 ·
3637 4761 3873 4833 γέννημα

712 4868 755 4899 ⁸⁷
782 4867 957 4925 Exod.
988 4883 1081 4935 xv,
1114 4868 1168 4922 5.
1253 4870 1296 4902 ⁸⁸
1318 4870 1490 4927 Exod.
1526 4885 1610 4930 tu,
1640 4869 1728 4922 14.
1803 4871 1848 4904 ⁸⁸
1883 4870 2010 4925 ibid.
2042 4871 2130 4924 l5.
2204 4869 2224 4901 "

2326 4870 2413 4926 sal.
2448 4887 2658 4937 Lxxxtt,
2695 4869 2778 4924 i9.

707 5005 820 5077 (70)
847 5007 1024 5064 Codex
1052 5009 1206 5082 CQIb.
1232 5013 1623 5082 παντοκράτωρ
1657 5010 1978 5082 βνομάνμοι,
2014 5011 2203 5082 Omni-

635 5087 814 5153 potens
849 5093 1032 5132 nomen
1056 5080 1211 5153 mihi.
1237 5083 1390 5153 Apud
1416 5080 1556 5153 LXX
1589 5080 1791 5153 Κῷριος
1828 5080 1996 5153 ὄνομα
2028 5081 2196 5151 αὐτῷ,

635 5145 895 5228 Dominus
939 5163 1121 5204 nomen
1173 5145 1300 5206 illi.’
1330 5152 1578 5223 Vulgata,
1628 5145 1969 5222 omnipotens
2011 5145 2199 5207 nomen

632 5232 772 5286 ejus.

706 5285 820 5355 (71)
847 5288 1144 5344 Articulum
1175 5300 1302 5346 ante
1338 5307 1522 5346 vocem
1547 5293 1679 5355 Θεός
1703 5299 1784 5344 ter
1801 5291 2102 5346 addidimus
2129 5308 2196 5347 ex

635 5355 788 5411 libris
812 5359 1092 5429 antiquis:
1128 5363 1268 5430 quod
1307 5363 1447 5418 idem
1488 5363 1674 5419 eadem
1704 5363 2028 5417 auctoritate
2059 5361 2194 5417 feci-

634 5441 756 5480 mus
784 5440 909 5483 ante
926 5443 1108 5484 vocem
1136 5431 1314 5486 Δαϐίδ.

706 5494 816 5567 (⁷2)
852 5499 989 5554 Editi
1013 5501 1250 5574 etliegii
1281 5512 1512 5572 quatuor
1539 5503 1742 5574 Κύριος
1768 5501 1938 5574 ὄνομά
1953 5519 2059 5574 σοι..
2080 5501 2191 5554 Do-

632 5568 806 5644 minus
824 5584 1007 5644 nomen
1036 5568 1432 5644 tibi._Alii'dtto
1460 5574 1608 5644 Regii
1632 5568 1765 5644 'cunt
1797 5568 1949 5627 Colb.
1983 5572 2188 5644 Κύριος

628 5635 799 5712 δνομα
825 5637 993 5711 αὐτῷ.
1027 5640 1293 5712 Dominus
1325 5660 1509 5698 nomen
1539 5635 1687 5712 Vipsi.
1725 5641 1822 5696 Hic
1861 5645 2002 5712 apud
2046 5635 2187 5696 LXX

629 5705 803 5782 ϐψ»μά
828 5726 909 5763 σοι
945 5705 1184 5782 Κύριος,
1240 5710 1444 5767 Nomen
1491 5705 1595 5768 tibi
1627 5705 1910 5766 Dominus:
1942 5713 2184 5782 Aquilus,

631 5780 992 5852 Symmachus
1020 5793 1073 5838 et
1108 5781 1430 5851 Theodotio,
1451 5783 1656 5840 Nomen
1679 5783 1793 5842 tibi.
1822 5780 2058 5838 Domine.

2384 5011 2495 5085 (75)
2527 5009 2668 5066 Editi
2695 5017 2752 5065 et
2774 5025 2908 5066 mss.
2934 5010 3174 5067 nonnulli
3214 5012 3342 5080 παρ’
3381 5011 3540 5067 αὐτὰ.
3588 5013 3697 5066 Alii
3727 5016 3868 5085 παρὰ

2306 5098 2498 5134 ταυτα.

2379 5151 2490 5220 (74)
2520 5149 2664 5222 Editi
2689 5157 2742 5205 et
2767 5149 2972 5220 aliquot
3000 5165 3134 5206 mss.
3169 5150 3265 5206 καὶ
3290 5149 3464 5205 οὐσία.
3492 5151 3622 5222 Reg.
3651 5163 3870 5220 quartus

2305 5222 2398 5274 καὶ
2419 5221 2627 5284 οὐσίαν,
2662 5229 2821 5274 recte.

2375 5292 2487 5362 (75)
2513 5291 2689 5362 Illud_,
2717 5291 3080 5362 ἐνδεχομένως
3100 5334 3113 5353 ,
3145 5292 3373 5360 positum
3406 5291 3496 5346 hic
3526 5291 3743 5346 videtur
3774 5295 3868 5350 hac

2301 5358 2569 5414 sententia
2603 5378 2616 5410 :
2647 5358 2940 5416 Taliter'ut
2970 5358 3360 5428 possit—adesse
3384 5373 3477 5414 aut
3512 5363 3729 5418 abesse.

2363 5431 2479 5501 (76)
2513 5431 2691 5485 Editio
2715 5430 2877 5485 Basil.
2909 5445 2964 5486 et
2993 5443 3226 5499 quatuor
3251 5446 3378 5485 mss.
3403 5431 3557 5500 Regii
3601 5433 3719 5486 ἀλλ’
3744 5435 3867 5486 αὐτὸ

2289 5501 2446 5556 οὐσία
2477 5501 2685 5556 duabus
2714 5503 2956 5560 vocibus.
2992 5503 3082 5554 sed
3113 5504 3283 5570 ipsum
3319 5503 3642 5557 substantia.
3695 5505 3862 5556 Editio

2290 5573 2634 5640 Stephanaaa,
2655 5579 2709 5624 ut
2740 5580 2891 5625 notat
2913 5571 3160 5633 Ducaeus,
3190 5581 3246 5625 et
3269 5574 3437 5626 codex
3461 5570 3617 5628 Colb.
3647 5574 3859 5626 αὐτοου-

2290 5643 2377 5694 σία
2409 5641 2711 5706 coniuncte,
2744 5642 2832 5694 sed
2865 5643 3082 5704 ipsumet
3104 5641 3419 5694 substantia.

2356 5712 2465 5782 (77)
2503 5711 2643 5764 Editi
2685 5711 2775 5766 τὸν
2816 5711 2973 5782 φύσει
3029 5712 3383 5782 γεννήσαντα.
3441 5711 3555 5770 Vox
3605 5712 3761 5781 φύσει
3807 5714 3852 5767 iu

2288 5799 2416 5839 mss.
2461 5785 2631 5841 deest.-
