4088 6318
202 374 316 430 683)~

1300 376 1674 434 ADVERSUS
1715 371 2090 431 EUNOMIUM-
2120 375 2249 430 LIB.
2293 374 2381 433 IV.

3345 370 3452 430 636

203 494 320 564 γὰρ
347 493 511 562 χωρὶς
543 493 897 561 γεννήσαντος
949 493 1049 544 οὐκ
1079 491 1143 545 ἂν
1189 493 1296 562 εἴη.
1340 495 1657 562 Λεγέτωσαν
1689 493 1780 550 οὖν

1901 493 2100 561 ιυίιΙθηι
2150 504 2253 557 est,
2284 508 2392 546 non
2443 501 2622 549 autem
2673 490 3097 561 incorruptibilis
3132 508 3146 544 :
3184 491 3451 560 principii.

200 583 302 637 τὸν
323 584 675 653 γεννήσαντα,
709 585 754 634 εἰ
782 584 808 634 6
835 584 1024 654 Πατὴρ
1045 585 1143 637 οὐκ
1170 585 1477 655 ἐγέννησεν.
1512 588 1574 640 Εἰ
1600 592 1627 642 6
1651 590 1782 652 Θεὸς

202 677 495 746 ἀγέννητος
524 675 699 744 οὐσία,
735 676 827 729 καὶ
853 678 881 728 6
916 677 1039 739 Υἱὸς
1068 677 1178 746 (78)
1212 679 1464 747 γεννητὸς
1489 679 1663 752 οὐσίᾳ,
1692 682 1784 734 καὶ

203 770 233 820 6
268 767 619 838 Παράχλητος
644 766 846 839 κτίσμα
875 768 1053 838 οὐσία,
1085 770 1163 832 τὸ,
1197 769 1384 841 Πατὴρ
1418 770 1510 822 καὶ
1538 772 1660 836 Tib;
1690 771 1783 825 καὶ

206 859 364 926 ἅγιον
400 857 620 926 Πνεῦμα
641 896 654 920 ,
682 859 919 930 ὀνόματα
951 860 1107 929 μόνον
1139 862 1304 930 χωρὶς
1333 861 1548 915 οὐσιῶν.
1580 863 1782 916 Βαπτι-

204 949 450 1012 ζέτωσαν
472 945 563 1000 οὖν
582 953 658 1012 εἰς
679 951 988 1020 ἀγέννητον,
1029 948 1120 1001 καὶ
1143 953 1415 1023 γεννητὸν,
1445 952 1534 1004 καὶ
1561 954 1780 1025 κτίσμα.

206 1042 295 1092 Τὰ
321 1040 428 1110 γὰρ
456 1041 751 1112 πράγματα
780 1043 884 1095 τῶν
911 1043 1186 1111 ὀνομάτων
1217 1043 1535 1114 ἰσχυρότερα
1553 1085 1567 1108 ,
1596 1046 1687 1098 καὶ
1717 1045 1784 1096 τὰ

203 1131 342 1180 ὅντα
381 1128 488 1181 τῶν
529 1131 837 1201 λεγομένων
878 1132 1011 1202 πρὸς
1054 1135 1328 1204 ἐνέργειαν
1372 1133 1780 1206 ὠφελιμώτερα.

208 1223 279 1273 Εἰ
310 1222 602 1295 ἀγέννητος
627 1265 642 1288 ,
672 1226 853 1293 φασιν,
888 1226 917 1276 6
952 1225 1167 1297 Πατὴρ,
1205 1226 1457 1294 γεννητὸς
1488 1228 1543 1280 δὲ
1577 1231 1604 1281 6
1639 1228 1782 1289 Υἱὴς,

206 1314 276 1365 οὐ
316 1314 413 1384 τῆς
446 1318 617 1387 αὐτῆς
647 1319 855 1379 οὐσίας.
897 1318 1212 1388 Ἀγὲννητος
1251 1317 1358 1388 γὰρ
1396 1321 1487 1372 καὶ
1532 1320 1786 1390 γεννητὸς

209 1406 316 1458 οὐκ
340 1408 402 1460 ἂν
430 1409 513 1478 εἴη
550 1412 675 1478 μιᾶς
696 1409 894 1470 οὐσίας.
947 1411 1082 1463 Ἀλλ’
1106 1412 1204 1462 οὐκ
1230 1410 1413 1472 οὐσίας
1436 1412 1595 1481 ἡμεῖς
1616 1412 1785 1465 ταῦτα

211 1493 465 1566 λέγομεν,
501 1498 735 1565 ὀνόματα
780 1498 834 1551 δὲ
879 1499 1136 1570 δηλοῦντα
1184 1498 1282 1570 τὴν
1335 1499 1562 1552 ἑκάστου
1608 1503 1786 1556 αὐτῶν

212 1585 468 1656 ὕπαρξιν.
513 1585 674 1640 Οὐδὲν
719 1587 775 1642 δὲ
807 1591 1002 1643 κωλύει
1051 1589 1320 1662 διαφόρων
1353 1589 1628 1661 ὀνομάτων
1661 1594 1785 1662 μίαν

210 1679 403 1729 οὐσίαν
433 1673 587 1742 εἶναι,
617 1681 692 1742 ὡς
720 1681 814 1733 καὶ
843 1682 902 1733 τὸ
924 1682 1159 1735 ἐναντίον
1181 1682 1448 1754 διαφόρων
1473 1682 1669 1736 οὐσιῶν
1690 1689 1788 1756 τῆς

212 1766 449 1830 κτίσεως
474 1765 530 1818 ἓν
559 1768 747 1839 ὖνομα.

1888 600 1990 636 non
2022 584 2144 637 llnis
2171 584 2276 637 erit
2301 597 2524 651 expers;
2558 584 2700 654 quod
2750 583 3042 636 absurdqu
3079 590 3180 635 est.
3224 581 3455 635 Proinde

1885 675 2152 743 ingenitus
2190 672 2491 726 substantia
2527 689 2631 729 non
2663 684 2740 730 est
2773 691 2785 727 :
2818 671 2911 726 sed
2944 671 3175 740 genitum
3208 686 3310 726 non
3339 683 3458 723 esse

1886 765 2172 836 signiﬁcat.
2231 763 2288 818 Si
2337 775 2534 818 natura
2596 765 2869 833 ingenitus
2913 775 2997 818 est
3045 762 3239 826 Pater,
3289 759 3459 815 Filius

1890 872 2102 927 quoque
2134 867 2328 910 natura
2359 866 2442 912 est
2467 857 2682 926 genitus
2720 900 2732 912 .
2776 861 2868 915 sed
2898 857 2942 914 si
2974 855 3220 926 genitura
3252 859 3336 907 est
3363 868 3460 906 na-

1893 961 2035 1015 tura,
2063 964 2401 1018 nequaquam
2433 959 2519 1004 est
2543 958 2810 1005 creatura.
2849 953 3035 1020 Itaque
3065 963 3187 1001 cum
3211 943 3458 1014 genitura

1891 1044 1962 1097 sit
1995 1055 2212 1110 natura,
2247 1059 2466 1098 necesse
2496 1055 2580 1098 est
2611 1055 2666 1098 et
2701 1044 2994 1115 genitorem
3027 1059 3178 1108 esse;
3213 1039 3461 1112 quando-

1892 1137 2108 1203 quidem
2161 1137 2408 1207 genitura
2465 1135 2583 1190 sine
2638 1133 2882 1205 genitore
2937 1149 3055 1188 esse
3101 1151 3205 1187 non
3261 1137 3456 1202 potest.

1895 1224 2083 1278 Dicant
2138 1228 2303 1294 igitur
2354 1225 2676 1296 genitorem,
2717 1225 2762 1280 si
2811 1223 2974 1277 Pater
3019 1237 3122 1276 non
3166 1223 3366 1292 genuit.
3400 1218 3458 1274 Si

1896 1317 2034 1370 Deus
2067 1320 2337 1387 ingenitus
2363 1328 2446 1372 est
2471 1319 2796 1383 substantia,
2823 1326 2876 1371 et
2914 1315 3078 1369 Filius
3102 1315 3312 1382 genitus
3341 1312 3461 1366 sub-

1893 1413 2111 1472 stantia,
2157 1421 2211 1464 et
2261 1411 2574 1466 Paracletus
2627 1422 2874 1466 creatura
2921 1407 3246 1469 substantia,
3277 1403 3461 1467 Pater,

1893 1512 1943 1555 et
1974 1502 2158 1567 Filius,
2182 1513 2234 1555 et
2263 1503 2494 1571 Spiritus
2516 1511 2732 1556 sanctus
2757 1503 2969 1557 nomina
2997 1498 3167 1555 solum
3195 1506 3319 1552 sunt
3346 1495 3464 1550 sine

1895 1593 2229 1648 substantiis.
2260 1594 2541 1663 Baptizent
2572 1609 2700 1664 ergo
2723 1595 2776 1647 in
2807 1595 3061 1662 ingenito,
3092 1604 3145 1645 et
3181 1589 3376 1660 genito,
3410 1596 3466 1642 et

1895 1695 2163 1742 creatura.
2197 1687 2303 1741 Res
2344 1687 2486 1740 enim
2527 1687 2833 1742 nominibus
2861 1695 2985 1739 sunt
3010 1684 3246 1756 potiores
3276 1699 3288 1735 :
3319 1695 3372 1735 et
3399 1696 3465 1734 eu

1817 1772 1860 1829 Β
1893 1791 2013 1846 qua:
2049 1789 2285 1843 exstant,
2324 1786 2448 1832 sunt
2500 1777 2564 1830 ad
2607 1777 2973 1846 operationem
3027 1775 3265 1839 utiliora,
3302 1788 3465 1840 quam

213 1872 342 1925 qua:
383 1861 747 1913 nominantur.
794 1858 849 1912 Si
883 1858 1064 1924 Pater,
1095 1860 1365 1929 inquiunt,
1411 1865 1704 1935 ingenitus,
1733 1868 1939 1935 genitus
1979 1883 2107 1924 vero
2141 1869 2332 1936 Filius,
2363 1887 2468 1926 non
2498 1881 2625 1924 sunt
2657 1869 2893 1939 ejusdem
2946 1865 3282 1923 substantiae.
3330 1863 3465 1917 Nam

215 1949 490 2017 ingenitus
545 1961 598 2004 et
654 1954 863 2020 genitus
911 1953 1068 2007 unius
1124 1955 1441 2009 substantia!
1493 1973 1614 2011 esse
1667 1973 1771 2012 non
1814 1968 2055 2025 possunt.
2129 1961 2198 2014 At
2237 1977 2336 2016 nos
2412 1963 2526 2017 bzec
2567 1977 2671 2017 non
2724 1961 3072 2023 substantias,
3107 1959 3199 2014 sed
3245 1957 3466 2012 nomina

216 2040 468 2103 dicimus,
539 2042 731 2110 quibus
785 2042 1088 2097 nominibus
1135 2045 1447 2098 exsisteutia
1498 2047 1919 2118 uniuscujusque
1976 2066 2164 2106 earum
2230 2049 2587 2119 signiﬁcatur.
2663 2050 2834 2106 Unam
2903 2061 3082 2103 autem
3130 2051 3464 2104 diversorum

216 2134 498 2187 nominum
546 2136 898 2189 substantiam
944 2151 1067 2190 esse
1112 2138 1360 2206 prohibet
1437 2138 1617 2202 nihil,
1694 2142 2147 2209 quemadmodum
2199 2145 2400 2212 etiam,
2441 2145 2557 2200 vice
2606 2158 2800 2212 versa,
2839 2144 2971 2198 nihil
3023 2151 3167 2198 vetat
3220 2144 3465 2197 diversa-

217 2241 341 2280 rum
398 2225 822 2282 substantiarum
879 2246 1040 2282 unum
1097 2246 1290 2283 nomen
1348 2246 1468 2286 esse
1523 2233 1576 2286 in
1636 2237 1921 2293 creaturis.

290 2347 344 2399 5.
383 2346 444 2396 Εἰ
470 2346 751 2414 ὁμοούσιος
771 2385 784 2407 ,
819 2346 998 2412 φασὶν,
1028 2347 1054 2397 6
1083 2346 1208 2408 Υἱὸς
1236 2347 1310 2416 τῷ
1336 2349 1509 2418 Πατρὶ
1557 2351 1586 2401 6
1614 2349 1802 2420 Πατὴρ

215 2437 282 2490 δὲ
310 2437 600 2506 ἁγέννητος
623 2477 635 2498 ,
670 2439 696 2487 6
724 2437 777 2490 δὲ
810 2437 934 2500 Υίῢς
959 2439 1237 2506 γεννητόςο
1271 2443 1302 2508 ἡ
1343 2439 1478 2510 αὐτὴ
1513 2441 1618 2509 ἄρα
1645 2442 1801 2496 οὐσία

218 2530 516 2600 ἀγέννητος
565 2532 657 2583 καὶ
688 2533 943 2603 γεννητη.
987 2531 1124 2582 Ἀλλ’
1154 2532 1213 2582 οὐ
1271 2531 1434 2601 μέρος
1483 2532 1661 2600 φαμὲν
1710 2533 1798 2585 τὸν

219 2622 354 2677 Υίὸν
383 2623 475 2677 τοῦ
507 2625 716 2696 Πατρὸς
737 2665 749 2687 ,
780 2625 853 2687 ὡς
897 2623 1277 2694 διαιρουμένην
1303 2623 1399 2695 τὴν
1426 2624 1610 2676 οὐσίαν
1637 2625 1796 2692 ἀγέν-

218 2731 385 2784 νητον
439 2718 529 2768 καὶ
565 2717 818 2785 γεννητὸν
865 2712 999 2769 εἶναι
1025 2756 1038 2778 ,
1079 2717 1190 2767 ἀλλ’
1221 2717 1339 2767 ὅλον
1385 2717 1506 2768 ὃλού
1541 2717 1796 2786 γεννητὸν

219 2805 288 2870 ἐξ
323 2809 640 2877 ἀγεννήτου,
671 2809 849 2858 τέλεια
889 2808 1014 2866 δύο,
1058 2809 1146 2858 καὶ
1194 2809 1252 2858 οὐ
1304 2809 1395 2859 δύο
1427 2810 1562 2878 μέρη
1594 2809 1652 2872 ἐξ
1679 2810 1794 2873 ἑνός

219 2913 391 2958 τινος.
420 2898 479 2948 Εἰ
501 2900 557 2948 ὲν
584 2897 659 2966 τῷ
675 2898 896 2965 ὀνόματι
921 2895 1013 2948 τοῦ
1034 2897 1239 2967 Πατρὸς
1264 2897 1512 2966 ﬁgi-603v
1537 2900 1564 2949 6
1586 2900 1794 2968 Σωτὴρ,

223 2991 304 3052 ὡς
339 2991 496 3052 αὐτός
531 3007 710 3060 φησιν,
753 2990 899 3059 Ἐγὼ
923 2988 1190 3054 ἐλήλυθα
1226 2991 1294 3043 ἐν
1320 2988 1397 3054 τῷ
1428 2991 1668 3058 oratam
1693 2990 1797 3043 τοῦ

226 3083 459 3148 Πατρός
503 3097 654 3149 μου·
717 3080 891 3132 πάντα
947 3081 1045 3132 ὅσα
1094 3083 1121 3133 6
1176 3081 1364 3152 Πατὴρ
1415 3081 1629 3149 λέγεται
1663 3080 1796 3152 (79),

1972 2354 2024 2407 5.
2069 2354 2124 2408 Si
2161 2351 2659 2419 consubstantialis,
2691 2352 2960 2420 inquiunt,
2986 2351 3155 2406 Filius
3179 2349 3325 2404 Patri
3359 2356 3465 2414 est,

1902 2443 2065 2500 Pater
2095 2458 2272 2500 autem
2308 2445 2598 2514 ingenitus,
2626 2444 2792 2499 Filius
2818 2459 2945 2496 vero
2988 2445 3197 2511 genitus
3235 2465 3246 2498 :
3279 2441 3466 2496 eadem

1902 2537 2066 2605 igitur
2097 2539 2404 2591 substantia
2445 2536 2679 2606 ingenita
2723 2545 2778 2590 et
2821 2535 3020 2604 genita.
3068 2535 3172 2589 Sed
3203 2550 3306 2587 non
3333 2534 3469 2588 dicis-

1901 2641 2021 2679 tnus
2051 2624 2244 2679 Filium
2277 2625 2458 2681 Patris
2479 2636 2691 2696 partem
2721 2641 2862 2690 esse,
2893 2624 2971 2678 sic
3006 2634 3062 2678 ut
3091 2624 3387 2692 ingenitum
3414 2631 3472 2676 et

1901 2717 2142 2788 genitum
2175 2718 2288 2772 sint
2322 2719 2622 2773 substantia
2653 2719 2822 2772 divisa
2853 2735 2874 2772 ε
2899 2717 2992 2772 sed
3030 2725 3196 2771 totum
3224 2714 3469 2783 genitum

1899 2825 1965 2864 ex
2013 2819 2124 2864 toto
2168 2809 2430 2879 ingenito,
2463 2809 2698 2877 perlecta
2729 2809 2855 2874 duo,
2880 2824 2984 2862 non
3023 2816 3206 2872 partes
3234 2805 3371 2858 duas
3401 2817 3470 2857 ex

1901 2901 2082 2970 aliquo
2126 2916 2255 2955 uno.
2278 2900 2334 2953 Si
2364 2899 2623 2954 Servatur
2662 2899 2713 2951 in
2753 2898 2973 2950 nomine
3003 2895 3179 2948 Patris
3206 2894 3373 2956 venit,
3412 2901 3472 2945 ut

1902 2994 2016 3059 ipse
2067 2993 2180 3045 ait:
2217 2991 2328 3058 Ego
2362 2993 2478 3044 veni
2517 2994 2574 3042 in
2607 2991 2813 3042 nomine
2847 2987 3023 3041 Patris
3053 2987 3258 3051 mei";
3313 2985 3471 3053 quid-

1903 3081 2029 3150 quid
2057 3080 2217 3135 Pater
2253 3081 2474 3148 dicitur,
2513 3082 2566 3136 id
2610 3079 2804 3135 Filium
2845 3095 3060 3150 quoque
3096 3078 3205 3134 dici
3243 3091 3470 3133 necesse

226 3173 445 3243 ἀνάγκη
461 3172 651 3226 καὶτὸν
669 3173 792 3226 Υἱὸν
815 3173 935 3239 λέγε
945 3171 1421 3242 σΘαι.Δεχοήσεται
1440 3170 1530 3226 οὖν
1546 3175 1636 3227 καὶ
1653 3173 1797 3242 ιίιγέν⁴

1904 3181 2006 3226 est.
2041 3172 2272 3229 Proinde
2299 3173 2510 3228 dicetur
2549 3173 2714 3227 etiam
2755 3172 3046 3240 ingenitus,
3079 3170 3125 3224 si
3154 3169 3335 3224 ethoc
3365 3183 3471 3222 no-

227 3280 408 3334 νητος,
435 3267 482 3316 εἰ
514 3265 778 3317 καὶτοῦτο
807 3266 974 3335 ὄνομα
1000 3265 1091 3317 τοῦ
1117 3264 1344 3336 Πατρός.
1369 3263 1432 3317 Εἰ
1459 3267 1513 3318 δὲ
1532 3268 1644 3334 (80)
1667 3266 1799 3337 τιμὴ

226 3353 328 3407 τοῦ
361 3355 572 3425 Πατρός
601 3357 713 3407 ἐστι
743 3357 800 3406 τὸ
825 3357 1152 3424 ἁγέννητος
1177 3357 1362 3426 ὄνομα,
1398 3357 1596 3426 ὁμοίως
1621 3358 1674 3408 δὲ
1709 3359 1800 3410 καὶ

225 3445 324 3498 ’τὸν
354 3446 476 3498 Υίὸν
506 3447 667 3516 τιμᾷν
691 3446 789 3507 δεῖ,
822 3446 960 3498 κατὰ
987 3448 1084 3516 τὴν
1117 3447 1276 3500 αὐτοῦ
1300 3450 1480 3518 φωνὴν
1497 3449 1594 3521 τὴν
1619 3448 1802 3516 λέγου-

233 3554 373 3590 σαν·
409 3538 532 3590 "Ira
560 3538 781 3602 πάντες
814 3537 1019 3604 τιμῶσι
1053 3538 1158 3590 τὸν
1181 3541 1334 3604 Υἱὸν,
1368 3542 1560 3607 καθὼς
1594 3540 1802 3611 τιμῶσι

232 3629 343 3680 τὸν
358 3628 612 3695 Πατέρα·
649 3628 858 3697 ἀνάγκη
896 3629 985 3679 καὶ
1017 3627 1106 3679 τὸν
1134 3627 1258 3680 Υἱὸν
1289 3629 1575 3698 ἀγέννητον
1603 3629 1799 3698 λέγειν,

234 3719 327 3770 ῖνα
364 3719 460 3788 μία
488 3718 619 3790 τιμὴ
670 3717 882 3788 Πατρὸς
912 3718 1004 3770 καὶ
1039 3716 1166 3769 Υἱοῦ
1205 3717 1460 3788 σώζηται.
1513 3720 1574 3771 Εἰ
1615 3719 1803 3789 ἐφανέ-

240 3825 414 3879 ρωσεν
445 3814 472 3863 6
511 3810 635 3873 Υἱὸς
667 3810 729 3862 τὸ
771 3811 939 3880 ὄνομα
971 3809 1066 3862 τοῦ
1095 3810 1307 3882 Πατρὸς
1337 3813 1448 3873 τοῖς
1479 3811 1800 3881 ἀνθρώποις,

236 3901 316 3962 ὡς
367 3901 526 3963 αὐτός
559 3919 740 3972 φησιν,
787 3901 1159 3970 Ἐφανέρωσά
1194 3918 1307 3956 σου
1343 3901 1409 3954 τὸ
1458 3902 1641 3971 ὄνομα
1684 3904 1806 3966 τοῖς

235 3991 606 4060 ἀνθρώποις,
637 3994 822 4064 κύριον
850 3996 907 4048 δὲ
955 3995 1052 4063 τῆς
1099 3995 1282 4057 οὐσίας
1332 3995 1493 4046 αὐτοῦ
1549 3996 1715 4065 ὄνομα
1747 3997 1807 4047 τὸ

236 4085 584 4152 ἁπέννητος·
613 4085 970 4138 δεικνύτωσαν
1003 4086 1104 4138 ποῦ
1135 4087 1422 4156 ἀγέννητον
1446 4086 1602 4139 αὐτὸν
1632 4088 1658 4139 6
1694 4086 1805 4138 Σω-

237 4175 346 4246 τὴρ
371 4177 606 4248 εἴρηκεν.
658 4177 720 4229 Εἰ
756 4177 953 4247 μείζων
988 4177 1202 4230 πάντων
1231 4179 1375 4230 ἐστὶν
1418 4179 1445 4230 6
1475 4178 1625 4240 Θεὸς,
1656 4178 1810 4231 πότε-

243 4269 394 4340 ρονῆ
421 4269 575 4340 οὐσίᾳ
624 4269 736 4339 (81)
769 4269 970 4340 μείζων
999 4272 1164 4335 ἐστὶν,
1209 4271 1240 4340 ἢ
1293 4270 1368 4340 τῷ
1399 4271 1612 4324 πάντων
1649 4271 1810 4323 αὐτὸν

237 4358 411 4410 αἴτιον
444 4354 601 4422 εἶναι,
631 4359 791 4412 αὐτὸν
819 4358 874 4411 δὲ
921 4359 1143 4431 μηδενὸς
1186 4359 1574 4429 γεγεννῆσθαι;
1616 4361 1678 4416 ΕΞ
1715 4362 1809 4431 μὲν

238 4450 354 4520 γὰρ
442 4451 617 4514 οὐσία,
649 4452 742 4505 καὶ
773 4455 918 4506 πᾶσα
943 4455 973 4522 ἡ
1003 4453 1156 4504 οὐσία
1182 4453 1377 4524 μείζων
1402 4453 1616 4506 πάντων
1642 4455 1806 4507 ἐστίν’

1906 3281 2026 3319 men
2061 3263 2238 3320 Patris
2270 3275 2370 3320 est.
2405 3266 2557 3332 Quod
2585 3264 2630 3319 si
2659 3279 2852 3318 nomen
2882 3263 3142 3332 ingenitus
3182 3262 3356 3317 honor
3386 3268 3473 3314 est

1902 3358 2108 3423 Patris,
2132 3357 2383 3412 similiter
2412 3369 2592 3411 autem
2639 3358 2682 3410 si
2725 3355 2920 3410 Filium
2953 3368 3163 3424 quoque
3204 3354 3474 3408 honorare

1903 3458 2136 3520 oportet,
2188 3450 2484 3505 secundum
2547 3449 2712 3519 ipsius
2769 3461 2977 3512 vocem,
3023 3461 3143 3516 qua
3191 3445 3319 3500 dicit
3357 3464 3371 3499 :
3403 3441 3473 3497 ιί

1905 3557 2080 3593 omnes
2126 3543 2379 3593 honorent
2424 3537 2647 3602 Filium,
2679 3539 2812 3591 sicut
2859 3537 3117 3590 honorant
3144 3533 3354 3588 Patrem
3385 3535 3471 3599 7';

1907 3647 2128 3686 necesse
2172 3642 2255 3686 est
2302 3640 2355 3684 et
2389 3629 2587 3683 Filium
2639 3629 2933 3698 ingenitum
2990 3627 3192 3693 dicere,
3226 3636 3283 3681 ut
3334 3642 3474 3680 unus

1905 3723 2084 3779 Patris
2137 3731 2192 3777 et
2241 3722 2361 3777 Filii
2417 3723 2594 3776 honor
2648 3733 2917 3775 servetur.
2953 3717 3009 3773 Si
3058 3717 3226 3773 Filius
3274 3732 3475 3771 nomen

1907 3817 2082 3872 Patris
2129 3815 2437 3872 hominibus
2483 3813 2871 3874 manifestavit.
2908 3822 2966 3866 ut
3005 3811 3119 3881 ipse
3151 3812 3322 3866 dicit:
3359 3808 3478 3864 Ma-

1907 3909 2146 3978 nifestavt’
2179 3925 2361 3961 nomen
2393 3919 2537 3960 tuum
2583 3905 2878 3958 hominibus
2907 3903 2976 3968 ⁷³,
3004 3902 3262 3972 ingenitus
3293 3911 3477 3955 autem

1908 4017 2103 4055 nomen
2142 4010 2228 4055 est
2271 4000 2587 4054 substantiae
2628 3997 2798 4068 ipsius
2847 3998 3156 4067 proprium;
3190 3996 3480 4051 ostendant

1908 4092 1997 4145 ubi
2033 4092 2282 4146 Salvator
2311 4091 2486 4160 ipsum
2522 4088 2818 4158 ingenitum
2868 4087 3188 4142 nominavit.
3237 4085 3295 4141 Si
3336 4085 3478 4142 Deus

1910 4183 2160 4236 omnibus
2188 4180 2358 4249 major
2380 4189 2488 4248 est,
2515 4179 2764 4251 majorne
2780 4190 2862 4235 est
2889 4179 3217 4243 substantia,
3248 4193 3315 4231 an
3346 4191 3483 4245 quo-

1910 4273 2053 4328 niam
2087 4273 2200 4342 ipse
2233 4289 2392 4328 causa
2431 4281 2508 4328 est
2552 4271 2815 4336 omnium,
2848 4285 2946 4324 nec
2975 4285 3005 4324 a
3032 4284 3300 4339 quoquam
3330 4268 3481 4337 geni.

1914 4375 1995 4419 tus
2028 4368 2154 4421 est?
2188 4365 2244 4421 Si
2286 4367 2428 4421 enim
2471 4375 2741 4434 quatenus
2780 4363 3108 4425 substantia,
3144 4362 3306 4416 etiam
3355 4358 3482 4414 sul»

1910 4459 2107 4511 stantia
2144 4458 2320 4512 omnis
2359 4456 2610 4510 omnibus
2657 4452 2827 4521 major
2861 4463 2945 4507 est
2972 4470 2987 4509 :
3014 4453 3095 4507 sin
3137 4460 3314 4505 autem
3344 4466 3479 4520 qua-

239 4543 292 4594 εἰ
327 4541 382 4593 δὲ
480 4544 768 4614 ἀγέννητος
789 4583 803 4606 ,
833 4547 891 4597 οὐ
921 4545 1110 4598 ταύτὸν
1140 4545 1245 4617 ἄρα
1274 4544 1426 4597 οὐσία
1461 4546 1551 4598 καὶ
1577 4546 1797 4616 ἀγέννη-

1915 4557 2067 4602 tenus
2093 4549 2398 4618 ingenitus;
2438 4546 2600 4616 igitur
2630 4544 2938 4601 substantia
2963 4552 3018 4599 et
3045 4543 3311 4615 ingenitus
3337 4543 3480 4599 idem

238 4650 336 4696 τος
359 4633 488 4703 (82).
517 4635 579 4686 Εἰ
609 4636 671 4686 τὸ
701 4635 1028 4703 ἀγέννητον
1066 4636 1181 4689 ἐστι
1217 4654 1286 4698 τι,
1323 4637 1498 4691 καὶτὸ
1526 4637 1808 4699 ἀθάνατον,

236 4725 340 4780 καὶ
371 4725 428 4777 τὸ
454 4726 824 4792 ἀτελεύτητον,
870 4728 962 4779 καὶ
1012 4729 1074 4780 τὸ
1116 4729 1321 4788 ἄνοσον,
1365 4729 1456 4780 καὶ
1505 4728 1565 4779 τὸ
1592 4728 1809 4797 ἀγήρων

238 4817 360 4888 (85)
389 4816 536 4870 ἔσται
568 4835 640 4872 τι.
689 4819 893 4871 Οὐκοῦν
925 4818 1000 4890 τῷ
1027 4819 1124 4889 μὲν
1150 4820 1442 4889 ἀγέννητος
1470 4814 1607 4871 εἶναι
1644 4820 1810 4888 ὑπερ-

319 4978 360 5007 ⁷¹
392 4975 544 5031 Joan.
576 4992 630 5044 ν,
666 4977 752 5031 45.
828 4979 874 5009 ⁷³
902 4977 1028 5032 ibid.
1063 4979 1151 5033 23.
1227 4979 1273 5010 ⁷³
1301 4979 1453 5034 Joan.
1489 4993 1620 5042 xm,
1653 4977 1705 5033 6'.

322 5089 432 5160 (78)
461 5088 648 5166 (ΖοιίιειΔ
665 5107 802 5166 unus
823 5099 876 5166 et.
904 5093 1054 5166 editi,
1079 5095 1169 5147 καὶ
1192 5096 1221 5146 6
1243 5093 1494 5166 Χριστός.
1517 5093 1618 5166 A_|ii
1647 5095 1806 5164 quin-

241 5175 356 5227 que
383 5175 534 5233 mss..
571 5162 661 5215 καὶ
681 5162 710 5211 6
737 5161 886 5224 Υἱός.
918 5161 1213 5232 Utramque
1235 5161 1516 5220 leetiunem
1536 5161 1810 5233 Reg.sex-

241 5241 338 5284 tus
367 5229 604 5300 praefert.
633 5233 855 5285 alteram
892 5233 945 5285 in
994 5229 1267 5300 contextu,
1316 5235 1537 5286 alteram
1572 5229 1644 5286 in'
1662 5250 1806 5287 mar-

243 5301 394 5366 gine.
429 5298 548 5352 Mox
584 5315 764 5354 vocem
803 5302 960 5354 οὐσία
1010 5298 1268 5358 edendam
1301 5303 1607 5358 curavimus
1631 5318 1754 5359 cum
1789 5320 1805 5354 t

243 5369 575 5442 subscripta,
612 5372 756 5438 quod
788 5372 978 5442 melius
1004 5373 1383 5442 judicavimus.

327 5437 436 5516 (79)
469 5440 558 5493 Sic
585 5437 714 5516 nt’ss.
741 5441 928 5516 nostri.
962 5437 1158 5516 Deerat
1185 5443 1449 5516 articulus
1479 5445 1531 5499 in
1560 5446 1812 5516 vulgatis.

245 5505 364 5562 Nec
408 5509 481 5562 ita
526 5511 692 5565 multo
725 5520 846 5581 post
886 5510 1036 5567 Colb.
1087 5524 1140 5568 et
1181 5513 1312 5583 Reg.
1350 5517 1569 5583 quintus
1596 5505 1689 5570 οὖν
1723 5515 1816 5569 καὶ

243 5575 314 5631 τὸ
341 5577 645 5631 ἀγέννητος.

377 5594 645 5644 γεννητος,

287 5596 314 5628 ο
341 5596 645 5648 αγεννητος,

287 5647 696 5769 ὣςξζϐοάἱοοε
725 5665 828 5704 non
865 5653 1016 5719 pauci
1046 5654 1093 5704 εί
1124 5654 1198 5706 δέ.
1235 5653 1432 5710 Vocula
1459 5655 1515 5708 δέ
1560 5655 1628 5709 ab
1655 5654 1813 5708 editis

247 5729 462 5770 δορί-ιιι.

327 5786 435 5854 (81)
470 5788 607 5843 Editi
632 5800 681 5844 et
721 5806 848 5845 mss.
877 5791 1025 5845 multi
1059 5793 1277 5862 πότερον
1307 5795 1398 5848 καὶ
1425 5794 1598 5852 οὐσεα,
1633 5805 1807 5849 utrum

1915 4654 2021 4694 non
2050 4649 2193 4694 sunt.
2229 4639 2285 4694 Si
2323 4641 2608 4710 ingenitum
2644 4649 2729 4694 est
2764 4637 2965 4707 aliquid
2987 4677 3002 4702 ,
3050 4639 3212 4692 etiam
3258 4636 3484 4691 immoro

1917 4733 2054 4796 tale,
2115 4732 2223 4788 ﬁne
2275 4749 2506 4798 carens,
2554 4735 2866 4788 morborum
2913 4747 3138 4795 exsors,
3185 4730 3483 4785 senectutis

1916 4823 2182 4890 nescium,
2216 4823 2417 4894 aliquid
2459 4833 2638 4880 erunt.
2683 4823 2918 4880 Proinde
2965 4823 3222 4896 quoniam
3267 4823 3478 4893 ingeni-

1915 5093 2217 5146 substantiu
2237 5108 2440 5162 quoque
2470 5092 2647 5162 major
2667 5102 2768 5162 est,
2798 5090 2876 5144 sic
2911 5098 3101 5162 utvon
3121 5089 3276 5142 οὐσία
3323 5087 3477 5162 sit-nt

1915 5159 2263 5216 nominativo.
2295 5159 2473 5216 codex
2504 5159 2655 5218 COlb.
2685 5160 2962 5231 πότερονᾼῆ
2984 5159 3140 5231 οὐσία
3162 5173 3283 5213 eum
3311 5176 3328 5210 ι
3349 5159 3482 5231 sub-

1915 5233 2401 5371 ;gtrijilto,ﬁrectius.
2437 5232 2514 5286 Ita
2543 5233 2687 5287 enim
2720 5228 2877 5296 illud,
2899 5228 2931 5300 ἢ
2953 5228 3134 5296 ἡούσία,
3177 5228 3479 5299 responde-

1956 5320 1968 5355 l
2033 5319 2046 5355 t
2093 5319 2126 5363 I,
2223 5319 2320 5365 τῳ.

1956 5319 1995 5355 ιι
2033 5319 2126 5363 IIII,
2153 5319 2185 5363 η
2223 5319 2320 5363 τῳ.

2362 5369 2516 5426 Colb.
2583 5372 2738 5425 οὐσία
2783 5373 2876 5427 καὶ
2930 5370 3242 5441 ἀγέννητον.
3280 5367 3480 5423 Ibidem

1914 5444 2042 5512 editi
2076 5451 2130 5495 et
2164 5457 2293 5495 mss.
2329 5441 2568 5495 nonnulli
2600 5444 2648 5494 ει
2677 5443 2736 5495 τὸ
2759 5443 3073 5512 ἀγέννητος.
3095 5442 3196 5495 Alii
3217 5450 3325 5494 tres
3347 5453 3479 5492 mss.

1910 5511 2224 5582 ἀγέννητον,
2251 5512 2461 5582 melius.
2502 5512 2577 5565 Ita
2615 5514 2758 5566 enim
2792 5511 2955 5573 illud,
2977 5512 3269 5581 ἀγέννητον
3288 5523 3481 5582 ,Δροπι-

1911 5577 2157 5653 cordabit
2187 5596 2308 5653 eum
2349 5580 2416 5634 iis
2455 5596 2574 5648 qua:
2629 5593 2932 5653 sequuntur
2983 5577 3225 5646 vocibus,
3275 5577 3479 5632 ἀθάνα-

1909 5668 2019 5714 τον,
2050 5649 2263 5704 ἀτελεύτ
2277 5667 2422 5720 ητον,
2457 5661 2562 5705 etc.

1920 5791 1932 5808 9
1980 5720 2091 5808 ς85)
2127 5721 2266 5777 Editi
2296 5715 2382 5774 ’τὸ
2435 5721 2661 5791 ἄγηρον.
2711 5722 2933 5778 Veteres
2983 5723 3220 5792 quinque
3252 5719 3374 5775 libri
3418 5715 3483 5772 τὸ

1908 5806 2012 5865 αγη
2021 5809 2150 5864 ρων.
