4088 6318
611 295 715 348 687

1907 294 1965 347 S.
2010 294 2252 348 BASILII
2297 292 2508 344 MAGM

3749 281 3856 336 688

609 409 696 456 tus
728 410 834 465 est,
865 403 1140 470 superabit
1167 417 1398 458 omnes:
1435 413 1488 458 at
1532 403 1586 457 in
1621 406 1842 476 reliquis
1883 405 2023 459 idem
2067 409 2170 462 erit

2281 405 2378 467 έξει
2404 407 2636 464 πάντων,
2659 407 2768 465 τοῖς
2885 401 3062 464 ἄλλοις
3082 403 3272 456 ταύτὸν
3306 397 3454 452 ἔσται
3488 397 3742 465 ἀγγέλοις
3764 397 3856 452 καὶ

610 506 734 546 cum
787 493 996 560 angelis
1057 493 1447 564 spiritibusque
1500 504 1554 549 et
1603 497 1902 552 animabus.
1954 497 2087 552 Nam
2124 509 2179 554 et

614 581 728 634 haec
755 580 1080 637 immortalia
1105 594 1253 649 sunt,
1275 593 1329 638 ει
1363 583 1482 637 linis
1508 589 1768 653 expertia.
1815 585 1966 650 Quod
1997 588 2041 641 si
2073 605 2176 644 non

615 685 709 740 per
739 685 825 738 ea,
856 686 976 742 qua:
1016 688 1120 729 non
1154 684 1254 739 est,
1286 676 1378 727 sed
1427 689 1520 744 pcr
1562 690 1625 731 ea
1670 695 1786 750 qua:
1835 687 1935 741 est,
1969 680 2180 732 excedit

614 765 811 832 (neque
835 765 980 820 enim
1016 766 1174 822 homo
1205 768 1303 819 hoc
1332 770 1675 834 praestantior
1709 781 1790 824 est
1834 771 2008 833 bruto,
2035 771 2175 837 quod

611 854 806 906 anima:
850 864 942 908 aut
977 870 1166 909 sensus
1201 870 1394 924 expers
1431 873 1533 909 uou
1570 859 1670 925 sit;
1703 873 1822 912 cum
1868 857 1978 910 hrcc
2015 858 2174 911 etiam

612 937 683 987 sit
718 937 1064 1004 irrationale;
1089 938 1183 993 sed
1212 941 1334 1003 hoc,
1357 941 1494 1009 quod
1527 940 1803 996 rationalis
1831 943 1934 1010 εει)
1963 959 1976 994 :
2011 941 2088 994 sic
2125 951 2179 994 et

612 1023 752 1082 Deus
798 1044 902 1082 non
949 1030 1090 1098 quod
1144 1031 1418 1100 ingenitus
1468 1031 1558 1096 sit,
1600 1033 1690 1088 sed
1740 1032 1883 1100 quod
1935 1031 2175 1086 omnium

609 1135 775 1172 causa
810 1122 903 1181 sit.
941 1121 1111 1190 major
1145 1124 1268 1177 erit.
1306 1124 1361 1178 Si
1398 1123 1668 1192 ingenitus
1699 1139 1726 1177 a
1761 1124 1941 1190 genito
1973 1141 2040 1179 ex
2081 1124 2176 1177 ad-

609 1226 770 1266 verso
799 1213 1170 1280 distinguitur,
1208 1216 1475 1284 ingenitus
1507 1227 1690 1270 autem
1717 1216 2018 1272 substantia
2044 1216 2175 1270 sim-

609 1304 731 1372 plex
761 1315 874 1370 est;
907 1308 1068 1362 etiam
1117 1325 1182 1364 eo
1231 1308 1374 1377 quod
1418 1308 1786 1374 immutabilis,
1812 1319 1862 1362 et
1895 1309 2176 1361 immorta-

609 1395 677 1451 lis
705 1408 758 1450 et
793 1395 977 1467 ﬁgurae
1002 1414 1186 1453 exsors
1209 1407 1316 1463 est,
1351 1409 1404 1452 et
1433 1401 1500 1452 ob
1534 1399 1756 1467 reliqua,
1785 1414 1851 1453 cx
1891 1399 2119 1454 adverso
2146 1416 2177 1455 a

609 1487 794 1557 genito
825 1479 1206 1556 distinguetur.
1250 1490 1304 1544 Si
1345 1491 1488 1544 enim
1521 1489 1700 1558 aliquo
1738 1489 1952 1558 quidem
1985 1490 2176 1546 distin-

609 1583 812 1654 guitur,
843 1583 1007 1654 286
1052 1582 1275 1652 reliquis
1316 1597 1442 1640 vero
1484 1597 1858 1653 nequaquam;
1903 1585 2176 1653 composi-

612 1684 732 1738 tus,
768 1687 873 1727 non
924 1674 1152 1743 simplex
1208 1685 1312 1729 est.
1364 1674 1420 1728 Si
1479 1675 1524 1728 is
1571 1673 1661 1742 qui
1707 1674 1958 1742 cognovit
2010 1675 2174 1730 Deum

609 1778 732 1820 esse
777 1765 1115 1834 ingenitum,
1167 1767 1295 1836 quid
1351 1769 1563 1820 tandem
1617 1766 1689 1820 sit
1742 1767 1882 1821 Deus
1923 1775 2176 1823 accurate

605 1857 883 1927 cognovit,
913 1873 1126 1927 rursus,
1173 1860 1217 1913 si
1275 1858 1408 1912 nihil
1458 1856 1631 1925 majus
1680 1868 1765 1912 est
1802 1874 1962 1931 quam
2010 1858 2176 1912 Deum

607 1949 905 2018 secundum
936 1959 1183 2004 naturam
1237 1951 1407 2019 ipsius
1454 1965 1806 2020 cognoscere,
1845 1953 1950 2006 imo
1977 1951 2022 2006 si
2063 1951 2178 2008 haec

608 2050 692 2094 est
737 2041 848 2095 vita
898 2051 1100 2097 aeterna
1136 2065 1147 2096 :
1179 2043 1268 2110 qui
1324 2057 1423 2097 nos
1476 2043 1661 2098 docuit
1715 2045 2009 2112 ingenitum
2058 2058 2178 2098 esse

607 2133 800 2197 Deum,
840 2133 887 2188 is
923 2134 1094 2203 major
1124 2133 1431 2188 invenietur
1474 2135 1541 2190 iis
1583 2150 1702 2203 quae
1739 2137 1880 2189 Deus
1911 2134 2180 2203 diligenti-

606 2223 708 2278 bus
737 2226 908 2293 ipsum
937 2227 1286 2294 praeparavit.
1308 2226 1441 2279 Nam
1473 2228 1586 2281 fieri
1617 2241 1716 2279 non
1739 2235 1916 2292 potest
1937 2235 1994 2279 ut
2017 2227 2179 2280 homo

607 2314 900 2384 quidquam
948 2325 1240 2385 cognoscat
1278 2331 1486 2377 eorum,
1519 2331 1636 2384 qua:
1667 2332 1766 2370 nec
1803 2319 1989 2372 oculus
2019 2317 2176 2384 vidit,

607 2419 710 2460 nec
745 2406 894 2460 auris
930 2406 1158 2470 audivit,
1188 2421 1307 2476 quae
1359 2421 1457 2461 uec
1493 2408 1543 2460 in
1584 2421 1673 2462 cor
1715 2407 1952 2463 hominis
1991 2425 2179 2465 ascen-

609 2497 804 2551 derunt
828 2497 899 2552 ".
933 2498 1092 2568 Atqui
1125 2510 1440 2568 peccatores
1479 2501 1640 2555 etiam
1688 2516 1882 2556 nomen
1914 2503 2178 2573 ingenitus

608 2590 886 2642 audivere.
944 2590 1096 2655 Quod
1152 2591 1315 2656 igitur
1369 2593 1543 2658 majus
1589 2603 1690 2656 est,
1727 2595 1776 2647 id
1830 2603 1921 2648 aut
1977 2608 2073 2662 per
2122 2609 2180 2648 se

608 2679 785 2749 ipsum
813 2691 905 2735 aut
937 2696 1032 2750 per
1058 2681 1222 2735 alium
1258 2683 1396 2736 Deus
1426 2692 1744 2750 peccatores
1776 2685 1955 2738 docuit
1992 2700 2006 2738 :
2037 2687 2180 2752 quod

607 2786 740 2826 vero
771 2773 950 2828 minus
975 2782 1080 2840 est,
1108 2773 1350 2843 nihilque
1374 2773 1440 2827 ad
1471 2775 1636 2827 vitam
1658 2785 1914 2829 aeternam
1947 2776 2176 2837 confert,

610 2863 664 2924 id
698 2864 864 2932 justis
899 2865 1156 2921 servavit.
1190 2865 1257 2920 Et
1288 2866 1561 2936 quomodo
1593 2866 1696 2921 hoc
1735 2867 2024 2922 absurdum
2074 2883 2176 2922 non

610 2959 728 3027 est?
757 2957 1030 3028 lugenilus
1061 2974 1236 3028 neque
1269 2959 1530 3024 deﬁnitio,
1569 2975 1743 3030 neque
1773 2960 2049 3029 proprium
2087 2961 2177 3016 Dei

607 3055 712 3101 est.
745 3046 869 3102 Haec
900 3050 1044 3102 enim
1079 3057 1472 3103 convertuntur
1499 3062 1622 3102 cum
1668 3051 1755 3111 iis,
1789 3065 2016 3118 quorum
2053 3061 2177 3104 sunt

611 3138 852 3193 definitio
880 3148 972 3192 aut
1006 3140 1304 3209 proprium.
1339 3140 1508 3195 Homo
1543 3141 1685 3195 enim
1725 3152 1807 3196 εει
1846 3142 2042 3196 animal
2090 3158 2176 3196 ra-

610 3226 834 3290 tionale,
878 3229 1128 3292 mortale,
1169 3229 1536 3301 intelligentia:
1574 3245 1638 3285 ac
1684 3231 1924 3286 scientiae
1968 3247 2173 3302 capax;

603 3323 663 3368 et
695 3315 740 3369 si
772 3316 901 3385 quid
947 3317 1146 3373 animal
1196 3319 1482 3385 rationale,
1520 3322 1767 3388 mortale,
1807 3323 2177 3394 intelligentiae

608 3422 672 3461 ac
713 3409 953 3465 scientia:
997 3425 1189 3480 capax,
1231 3415 1331 3469 hoc
1371 3414 1533 3469 homo
1579 3427 1689 3480 est;
1746 3418 2017 3484 proprium
2051 3432 2179 3472 vero

608 3500 842 3558 hominis
885 3513 973 3559 est
1019 3506 1249 3570 risibile;
1287 3518 1341 3561 et
1383 3510 1427 3562 si
1464 3509 1590 3578 quid
1630 3507 1833 3564 risibile
1881 3519 1985 3576 est,
2021 3510 2181 3565 homo

610 3601 711 3647 est.
744 3591 1041 3663 Inqem’tum
1085 3605 1263 3650 autem
1304 3598 1347 3650 si
1385 3603 1509 3668 quis
1553 3599 1813 3654 concedet
1841 3599 1946 3654 dici
1972 3599 2037 3654 de
2066 3600 2181 3654 solo

2280 497 2548 566 πνεύμασι
2584 497 2676 548 καὶ
2701 496 2918 564 ψυχαῖς.
2962 495 3070 546 Καὶ
3120 496 3226 565 γὰρ
3262 492 3430 548 ταῦτα
3477 489 3720 542 ἀθάνατα
3765 493 3858 544 καί

2277 587 2623 658 ἀτελεύτητα.
2654 589 2714 640 Εἰ
2743 587 2798 638 δὲ
2829 586 2902 656 μὴ
2937 587 3027 653 ἀφ’
3061 577 3134 635 ὧν
3163 586 3270 656 (84)
3298 587 3397 638 οὐκ
3424 581 3588 640 ἐστιν,
3617 579 3730 632 ἀλλε
3764 582 3856 649 ἀφ’

2275 673 2350 730 ὧν
2389 681 2533 730 ἐστιν
2568 677 2817 748 ὑπερέχει
2861 677 3003 742 (οὐδὲ
3050 673 3157 744 γὰρ
3199 675 3478 746 ἄνθρωπος
3512 671 3705 737 ἀλόγου
3740 669 3861 736 βελ-

2277 772 2407 824 τίων
2431 773 2506 840 τῷ
2538 773 2610 841 μὴ
2641 768 2778 825 εἶναι
2809 769 3010 839 ἄψυχος
3045 769 3136 822 καὶ
3164 766 3480 839 ἀναίσθητος
3500 787 3512 797 ·
3541 765 3714 820 ταῦτα
3748 762 3857 831 γὰρ

2281 863 2373 913 καὶ
2398 863 2456 914 τὸ
2488 862 2697 930 ἄλογον,
2733 859 2865 912 ἀλλά
2887 860 2962 929 τῷ
2989 860 3098 929 (85)
3124 851 3261 908 εἶναι
3286 856 3521 926 λογικός)
3548 873 3561 887 ·
3596 855 3738 910 οὕτω
3765 854 3857 903 καὶ

2279 955 2306 1006 6
2335 952 2488 1016 Θεὸς,
2515 954 2574 1006 οὐ
2609 951 2685 1022 τῷ
2718 951 3040 1022 ἀγέννητος,
3073 948 3207 1004 ἀλλά
3235 948 3308 1016 τῷ
3339 949 3554 1001 πάντων
3583 949 3759 1008 αἴτιος
3783 937 3860 994 εἴ·

2281 1063 2386 1109 ναι,
2413 1043 2562 1098 ἔσται
2599 1044 2815 1116 μείζων.
2856 1044 2917 1095 Et
2957 1039 3438 1097 ἀντιδιαστέλλεται
3479 1041 3508 1090 6
3561 1041 3859 1107 ἀγέννητος

2279 1134 2357 1204 τῷ
2382 1136 2622 1205 γεννητῷ
2646 1134 2754 1205 (86)
2780 1149 2792 1162 ·
2825 1135 2852 1186 6
2877 1133 2932 1185 δὲ
2958 1135 3246 1204 ἀγέννητος
3272 1129 3426 1181 οὐσία
3454 1128 3598 1195 ἀτελῆ
3620 1145 3634 1158 ·
3664 1129 3762 1182 καὶ

2282 1227 2393 1298 (87)
2441 1225 2705 1297 ἄτρεπτος
2749 1225 2842 1277 καὶ
2877 1225 3142 1289 ἀθάνατος
3181 1223 3273 1276 καὶ
3301 1220 3727 1290 ἀσχημάτιστος,
3764 1220 3857 1271 καὶ

2283 1321 2445 1373 πᾶσιν
2475 1316 3004 1386 ἀντιδιασταλήσεται
3050 1318 3184 1388 πρὸς
3215 1315 3302 1366 τὸν
3343 1313 3620 1381 γεννητόν.
3657 1311 3718 1360 Ei
3748 1311 3858 1379 γὰρ

2279 1411 2386 1465 τινὶ
2418 1411 2516 1480 μὲν
2546 1407 3055 1472 ἀντιδιαστέλλεται,
3089 1413 3201 1472 τοῖς
3233 1407 3288 1461 δὲ
3316 1405 3520 1468 λοιποῖς
3545 1403 3628 1466 οὒ,
3664 1400 3856 1453 σύνθε-

2279 1517 2371 1563 τος
2397 1501 2488 1552 καὶ
2514 1501 2612 1570 οὐχ
2645 1497 2866 1560 ἀτελοῦς.
2899 1498 2962 1549 Εἰ
2997 1499 3024 1549 6
3059 1499 3237 1565 γνοὺς,
3269 1498 3346 1548 ὅτι
3388 1493 3680 1564 αγέννητὸς
3711 1492 3858 1542 ἐστιν

2280 1592 2309 1643 6
2333 1591 2483 1652 Θεὸς,
2517 1591 2545 1642 ὃ
2577 1609 2630 1642 τι
2673 1588 2800 1642 ποτέ
2844 1588 2991 1640 ἐστιν
3023 1589 3050 1639 6
3080 1589 3211 1652 Θεὸς
3253 1584 3490 1656 ἀκριϐῶς
3537 1587 3698 1652 ἔγνω,
3736 1583 3852 1652 μεῖ-

2284 1680 2372 1745 ζον
2394 1682 2448 1733 δὲ
2479 1683 2629 1735 οὐδέν
2653 1684 2766 1734 ἐστι
2800 1679 2893 1731 τοῦ
2922 1679 3013 1731 τὸν
3037 1679 3166 1733 Θεὸν
3201 1680 3337 1734 κατά
3365 1676 3460 1745 τὴν
3496 1676 3664 1729 αὑτοῦ
3699 1673 3858 1744 φύσιν

2276 1773 2497 1842 γνῶναι,
2537 1776 2650 1829 ἀλλ’
2684 1775 2821 1842 αὕτη
2855 1773 3002 1824 ἐστὶν
3049 1773 3080 1841 ἡ
3129 1773 3344 1834 αἰώνιος
3387 1766 3520 1837 ζωὴ,
3569 1771 3597 1820 6
3644 1767 3858 1832 διδάξας

2275 1869 2423 1937 ἡμᾶς
2453 1869 2583 1938 (88),
2622 1870 2703 1920 ὅτι
2732 1864 3019 1934 ἀγέννητὸς
3053 1867 3197 1917 ἐστιν
3224 1868 3251 1918 6
3276 1863 3427 1926 Θεὸς,
3469 1861 3674 1930 μείζων
3703 1861 3858 1929 εὑρε-

2278 1959 2502 2028 Οήσεται
2542 1955 2615 2013 ὧν
2662 1961 2689 2010 6
2722 1958 2853 2020 Θεὸς
2899 1957 3161 2026 ἡτοίμασε
3209 1961 3316 2019 τοῖς
3358 1953 3646 2021 ἀγαπῶσιν
3680 1951 3854 2004 αὐτόν.

2289 2049 2540 2102 Ἐκείνων
2574 2048 2678 2116 γὰρ
2714 2045 2865 2098 οὐδὲν
2898 2046 3118 2098 δυνατὸν
3151 2047 3428 2116 ἄνθρωπον
3453 2043 3584 2094 ὄντα
3615 2041 3821 2106 γνῶναι
3843 2056 3855 2068 ·

2274 2133 2348 2192 ὧν
2383 2140 2504 2193 οὔτε
2543 2137 2818 2208 ὀφθαλμός
2859 2154 2941 2200 τις
2974 2133 3133 2200 εἶδεν,
3167 2137 3286 2190 οὕτε
3325 2133 3416 2198 οὖς
3446 2135 3708 2204 ἤκουσεν,
3737 2133 3860 2185 οὕτε

2277 2232 2369 2285 ἐπὶ
2399 2233 2622 2302 καρδίαν
2664 2229 2950 2302 ἀνθρώπου
2996 2230 3182 2300 ἀνέϐη.
3222 2229 3380 2282 Ἀλλά
3417 2227 3521 2298 μὴν
3553 2228 3652 2280 καὶ
3688 2228 3861 2295 ἀμαρ-

2276 2323 2434 2376 τωλοὶ
2460 2323 2520 2374 τὸ
2551 2320 2882 2389 ἀγέννητος
2902 2321 3072 2391 ὸνομα
3101 2321 3360 2391 ἤκουσαν.
3381 2320 3452 2371 T6
3489 2319 3678 2388 μεῖζον
3705 2313 3794 2369 οὖν
3827 2315 3856 2382 ἦ

2277 2418 2342 2470 δι’
2374 2413 2563 2468 ἑαυτοῦ
2595 2415 2626 2484 ἦ
2671 2415 2738 2467 δι’
2768 2415 2956 2484 ἐτέρου
2983 2415 3010 2466 6
3034 2414 3165 2476 Θεὸς
3196 2415 3320 2476 τοὺς
3343 2412 3705 2483 ἁμαρτωλοὺς
3727 2408 3861 2462 διδά-

2280 2509 2394 2574 ξας,
2425 2507 2483 2560 τὸ
2526 2502 2686 2576 ἦττον
2719 2507 2811 2558 καὶ
2846 2505 3010 2574 μηδὲν
3047 2507 3126 2567 εἰς
3156 2504 3298 2574 ζωὴν
3328 2503 3542 2555 αἰώνιον
3576 2500 3860 2554 συντελοῖιν

2277 2605 2388 2663 τοῖς
2414 2599 2640 2658 δικαίοις
2673 2595 2921 2664 ἐφύλαξε.
2949 2596 3056 2647 Καὶ
3077 2594 3191 2656 πῶς
3213 2596 3311 2646 οὐκ
3335 2594 3531 2646 ἄτοπον
3556 2609 3572 2655 ;
3598 2592 3666 2643 Tt.)
3687 2591 3859 2658 ἀγέν-

2279 2711 2461 2759 νητος
2477 2692 2599 2744 οὔτε
2625 2693 2746 2762 ὅρος
2775 2689 2892 2741 ἐστὶ
2914 2687 3070 2751 Θεοῦ,
3096 2686 3220 2739 οὔτε
3249 2686 3397 2738 ἴδιον.
3426 2684 3613 2739 Ταῦτα
3637 2685 3748 2755 γὰρ
3775 2684 3862 2736 ἀν-

2277 2785 2553 2852 τιστρέφει
2587 2783 2812 2844 ἐκείνοις
2843 2774 2915 2834 ὧν
2936 2782 3060 2853 ὅρος
3166 2779 3293 2834 ἴδιον
3316 2779 3696 2849 τυγχάνουσιν.
3734 2779 3859 2828 Ἀν-

2279 2873 2493 2945 Θρωπος
2521 2873 2626 2944 γὰρ
2653 2873 2789 2936 ζῶον
2815 2872 3050 2940 λογικὸν,
3083 2872 3295 2942 θνητὸν,
3321 2871 3413 2924 νοῦ
3440 2871 3533 2924 καὶ
3554 2871 3858 2939 ἐπιστήμης

2276 2965 2552 3018 δεκτικόν
2609 2964 2702 3016 καὶ
2737 2965 2790 3015 εἴ
2830 2982 2882 3016 τι
2913 2963 3049 3028 ζῶον
3092 2964 3328 3032 λογικὸν,
3382 2961 3595 3030 θνητὸν,
3632 2959 3726 3014 νοῦ
3770 2958 3859 3012 καὶ

2280 3057 2586 3125 ἐπιστήμης
2619 3054 2890 3117 δεκτικὸν,
2935 3053 3219 3124 ἄνθρωπος
3256 3051 3411 3103 τοῦτο
3442 3050 3551 3118 (89)
3576 3066 3589 3078 ⁸
3636 3049 3770 3100 [διον
3806 3047 3859 3101 δὲ

2280 3143 2566 3215 ἀνθρώπου
2610 3144 2670 3197 τὸ
2712 3144 3064 3210 γελαστικὸν,
3096 3142 3188 3193 καὶ
3221 3141 3346 3192 εἴτι
3381 3138 3700 3207 γελαστικὸν
3721 3178 3736 3201 ,
3770 3138 3858 3191 ἀν-

2280 3234 2515 3308 θρωπος.
2548 3237 2619 3289 Τὸ
2655 3237 2712 3289 δὲ
2736 3235 3058 3303 ἀγέννητος
3087 3233 3240 3294 εἴτις
3271 3233 3613 3304 συγχωρήσει
3643 3232 3738 3283 ἐπὶ
3773 3229 3861 3299 μό-

2283 3346 2374 3381 νου
2409 3329 2540 3381 Θεοῦ
2573 3326 2845 3394 λέγεσθαι,
2878 3324 2974 3393 οὐχ
3031 3323 3147 3394 ἅμα
3193 3325 3286 3378 καὶ
3330 3325 3382 3377 εἴ
3415 3343 3466 3377 τι
3507 3323 3662 3387 Θεὸς,
3709 3323 3860 3375 τοῦτο

2287 3422 2592 3488 ἀγέννητον.
2649 3417 2707 3472 ’0
2753 3412 2844 3470 οὖν
2893 3417 3040 3480 Υἱὸς,
3091 3418 3222 3481 Θεὸς
3270 3415 3367 3480 ὢν,
3418 3416 3517 3468 οὐκ
3572 3415 3858 3484 ἀγέννητὴ

2287 3513 2452 3563 ἐστιν.
2483 3507 2619 3561 Οῠτε
2649 3507 2778 3577 γοῦν
2810 3508 2933 3578 ὅρος
2969 3507 3077 3578 (90)
3103 3507 3224 3560 οὔτε
3259 3507 3384 3559 ἴδιον
3411 3505 3468 3557 τὸ
3498 3503 3854 3572 ἀγέννητος·

2286 3601 2344 3652 οὑ
2376 3600 2483 3670 γὰρ
2509 3599 2851 3670 ἀντιστρέφει
2885 3599 3015 3668 (91).

612 3685 746 3749 Deo,
771 3702 872 3741 non
900 3687 1156 3741 continuo
1198 3689 1240 3742 si
1271 3689 1398 3758 quid
1443 3691 1605 3745 etiam
1633 3692 1772 3746 Deus
1792 3702 1894 3756 est,
1928 3693 2027 3746 hoc
2049 3693 2221 3760 ipsum
2257 3703 2338 3747 est
2385 3694 2698 3764 ingenitum.
2742 3693 2926 3760 Itaque
2963 3691 3150 3754 Filius,
3190 3705 3499 3760 quanquam
3573 3688 3722 3742 Deus
3759 3689 3856 3741 est.

609 3793 791 3837 tamen
838 3784 1107 3857 ingenitus
1154 3801 1260 3840 non
1309 3798 1409 3842 est.
1460 3785 1736 3858 lngenilus
1789 3787 1954 3856 igitur
2000 3802 2178 3858 neque
2211 3789 2472 3855 definitio,
2541 3803 2713 3859 neque
2773 3786 3048 3856 proprium
3074 3794 3156 3840 est
3184 3786 3272 3841 Dei
3304 3785 3541 3855 :quippe
3583 3797 3694 3838 non
3731 3792 3856 3832 con-

607 3879 857 3935 vertitur.

939 3969 1095 4034 Ωιιοά
1127 3967 1303 4022 Filius
1342 3976 1586 4021 creatura
1628 3985 1731 4022 non
1769 3977 1866 4023 est.

681 4062 734 4117 1.
777 4059 834 4116 Si
875 4059 1046 4114 Filius
1082 4068 1335 4115 creatura
1360 4059 1456 4112 Dei
1480 4067 1584 4119 est,
1607 4059 1782 4113 omnis
1814 4068 1993 4116 autem
2023 4074 2181 4116 crea-

609 4163 732 4208 tura
762 4151 1026 4207 creatoris
1070 4166 1256 4216 serva;
1294 4149 1542 4205 Christus
1578 4149 1670 4204 Dei
1715 4165 1906 4206 servus
1948 4160 2050 4216 est,
2078 4167 2184 4206 non

608 4244 802 4302 Filius.
832 4244 944 4298 Non
973 4243 1136 4314 igitur
1160 4241 1388 4312 sumpsit
1425 4239 1657 4294 formam
1687 4241 1854 4303 servi,
1882 4257 2002 4295 cum
2039 4253 2184 4296 esset

609 4335 907 4397 Dominus,
966 4334 1059 4388 sed
1111 4342 1228 4387 erat
1281 4346 1490 4388 servus.
1536 4329 1781 4386 Potestas
1834 4333 2020 4384 eadem
2075 4347 2179 4384 nou

609 4427 912 4482 communis
961 4435 1043 4482 est
1093 4425 1317 4480 factum
1389 4439 1510 4478 cum
1570 4425 1772 4480 factore
1811 4441 1825 4478 :
1868 4423 2002 4478 nihil
2051 4439 2180 4494 ergo

607 4534 894 4575 commune
921 4527 1001 4573 est
1023 4516 1171 4572 Patri
1201 4533 1322 4572 cum
1356 4516 1516 4582 Filio,
1546 4533 1612 4571 ne
1643 4516 1850 4571 creatio
1871 4517 2108 4584 quidem,
2133 4516 2175 4569 si

2708 3969 2836 4021 Ὅτι
2865 3969 2935 4021 οὺ
2958 3966 3176 4033 κτίσμα
3209 3965 3240 4017 ὁ
3277 3963 3425 4029 Υἱός.

2357 4062 2410 4114 1.
2447 4060 2510 4113 Εἰ
2555 4060 2758 4130 κτίσμα
2793 4058 2926 4112 Θεοῦ
2956 4061 2984 4112 6
3013 4056 3160 4120 Υἱὸς,
3191 4056 3295 4107 πᾶν
3326 4054 3380 4105 δὲ
3421 4054 3631 4123 κτίσμα
3680 4053 3855 4106 δοῦλον

2286 4152 2378 4206 τοῦ
2413 4153 2626 4205 κτίστου
2647 4169 2659 4183 ο
2692 4151 2873 4215 δοῦλος
2902 4151 3012 4218 (92)
3043 4151 3071 4202 6
3097 4147 3346 4220 Χριστὸς,
3381 4147 3473 4199 καὶ
3495 4147 3593 4216 οὐχ
3617 4146 3744 4208 Υἱὸς
3770 4145 3855 4198 τοῦ

2287 4242 2443 4295 Θεοῦ.
2500 4245 2613 4296 Οὐκ
2655 4243 2845 4296 ἐλαϐεν
2890 4239 2982 4295 οὖν
3019 4241 3230 4311 μορφὴν
3265 4238 3482 4297 δούλου,
3518 4237 3725 4308 Κύριος
3766 4235 3852 4296 ὢν,

2286 4333 2399 4384 ἀλλ’
2426 4330 2492 4402 ἦν
2539 4334 2736 4394 δοῦλος.
2775 4334 2845 4384 Τὸ
2879 4334 3083 4401 ποίημα
3115 4330 3413 4399 τῷποιητῇ
3446 4329 3543 4398 τῆς
3580 4329 3750 4397 αὐτῆς
3779 4328 3855 4379 δυ-

2285 4425 2499 4494 νάμως
2541 4427 2599 4476 οὔ
2640 4428 2910 4478 κοινωνεῖ·
2964 4423 3113 4474 οὐδὲν
3167 4422 3273 4491 ἄρα
3319 4421 3492 4472 κοινόν
3549 4423 3696 4471 ἐστιν
3733 4419 3854 4472 Υἱοῦ

2285 4517 2377 4568 καὶ
2411 4517 2647 4589 Πατρός·
2673 4519 2792 4571 οὐδὲ
2823 4521 2855 4588 ἡ
2883 4517 3077 4578 κτίσις,
3112 4514 3267 4583 εἴπερ
3297 4513 3504 4580 ποίημα
3533 4512 3629 4562 καὶ
3660 4513 3720 4563 οὺ
3752 4511 3858 4578 γέν-

608 4613 816 4669 Iactura
860 4626 964 4667 non
1007 4611 1253 4680 genitura
1282 4607 1452 4665 Filius
1488 4619 1590 4664 est.
1635 4607 1692 4664 Si
1729 4606 1895 4662 Filius
1925 4608 2172 4677 genitura

2281 4626 2426 4678 νημα
2466 4613 2492 4662 6
2541 4610 2686 4672 Υἱός.
2707 4609 2767 4662 El
2807 4610 3048 4679 γέννημα
3073 4605 3268 4667 ὁΥἱὸς,
3307 4605 3379 4666 ὡς
3435 4603 3492 4654 ἓν
3531 4601 3643 4654 τῶν
3672 4619 3855 4671 γεννη·

681 4731 728 4768 ’δ
759 4729 926 4786 lCor.
958 4745 1019 4796 ιι,
1050 4728 1105 4783 9.

683 4886 799 4956 (ει)
825 4885 964 4940 Editl
1021 4886 1084 4939 Et
1128 4885 1184 4938 δὲ
1220 4884 1295 4956 μὴ
1330 4885 1422 4954 ἀφ’
1464 4876 1557 4940 ὧν.
1589 4883 1789 4939 Vocula
1819 4882 1893 4952 μή
1937 4883 2086 4938 deest
2127 4883 2179 4935 in

611 4957 811 5011 nostris
836 4967 1038 5024 septem
1067 4957 1364 5009 codicibus.

705 5026 795 5091 85)
830 5022 1189 5095 ϐόιίἱεεεηοιι
1221 5025 1372 5095 pauci
1408 5023 1542 5078 ἀλλά
1565 5025 1661 5095 τῷ.
1704 5023 1841 5095 Etliti
1877 5022 2009 5076 ἀλλά
2030 5023 2106 5095 το.

827 5096 972 5176 ἔξιΙίιί
1006 5094 1113 5146 τῶν
1139 5094 1433 5176 γεννητῶν.
1465 5097 1535 5176 ι
1567 5093 1704 5176 ‘uiss:
1849 5094 2109 5176 γεννητῷ.

684 5165 796 5236 (87)
827 5166 1053 5219 Veteres
1080 5166 1247 5236 nostri
1281 5166 1401 5218 libri
1428 5165 1518 5217 καὶ
1545 5165 1623 5218 τό.
1665 5166 1811 5236 Editi
1833 5165 1925 5217 καὶ
1954 5165 2055 5236 τῷ,
2095 5178 2181 5217 re-

612 5235 718 5293 cte.
753 5235 960 5291 Etenim
992 5249 1094 5288 vox
1127 5235 1316 5298 πᾶσιν,
1351 5251 1470 5302 qua:
1504 5250 1625 5288 mox
1666 5235 1931 5303 sequitur,
1975 5235 2186 5287 videtur

612 5308 686 5362 ita
719 5307 958 5375 exigere.
982 5303 1115 5372 Reg.
1151 5305 1416 5375 secundus
1435 5304 1527 5360 καὶ
1557 5303 1618 5356 τὸ
1642 5305 1908 5373 ἄτρεπτον
1932 5306 2026 5358 καὶ
2050 5303 2183 5375 ἀθά-

612 5395 770 5430 νατον
800 5373 892 5431 καὶ
917 5375 1343 5446 ἀσχημάτιστον.
1370 5373 1571 5430 Ibidem
1603 5390 1730 5429 mss.
1769 5376 2010 5429 nonnulli
2052 5373 2188 5444 πρὸς

609 5448 673 5501 τὸ
697 5447 972 5501 γεννητόν.

736 5465 824 5501 ενν
862 5465 972 5500 τον.
1833 5514 1844 5525 θ

683 5465 800 5596 (ξὸ)
827 5465 977 5596 ἲς(ιὶιὶ
999 5514 1414 5596 βιδάξαςὺμᾶς.
1442 5514 1514 5569 At
1548 5529 1677 5568 mss.
1713 5513 1959 5584 plerique
1996 5527 2187 5570 onmes

610 5589 785 5661 ἡμᾶς,
809 5596 868 5661 ει
897 5588 968 5661 ita
999 5587 1204 5661 legerat
1229 5589 1514 5661 interpres:

685 5659 796 5727 (89)
836 5659 970 5712 Etlili
1009 5652 1390 5727 Ga'mz6v._§ul
1419 5654 1703 5725 ἄνθρωπος
1735 5655 1910 5727 τοῦτο,
1950 5652 2186 5727 καὶτοῦ-

611 5744 672 5784 το
697 5725 1001 5798 ’ἄνθρωπος
1023 5745 1034 5757 '
1098 5728 1241 5780 ἴδιον.
1276 5725 1494 5781 Veteres
1527 5727 1742 5794 quidam
1777 5725 1896 5780 libri
1948 5726 2185 5792 bl'eVius,

2287 4881 2554 4946 δεκτικὸν,
2614 4879 2897 4948 ἄνθρωπος
2951 4876 3124 4929 τοῦτο’
3175 4875 3321 4928 ἴδιον.
3373 4871 3520 4941 Regii
3560 4872 3770 4938 primus
3811 4878 3858 4922 et

2289 4953 2636 5023 quartusuli
2656 4951 2942 5023 edidimus.

2361 5021 2473 5093 (90)
2499 5021 2640 5076 Editi
2663 5018 2797 5074 Οῠτε
2830 5018 2959 5089 γοῦν
2983 5019 3126 5089 ὄρος.
3157 5017 3226 5070 At
3262 5028 3388 5068 mss.
3424 5011 3576 5067 multi
3605 5008 3732 5063 οὔτε
3757 5026 3855 5079 γαρ

2289 5094 2432 5156 ὄρος.

2322 5111 2477 5233 ρῖξιὶ)
2500 5162 2555 5217 In
2581 5162 2786 5216 nostris
2819 5167 3022 5233 septem
3045 5155 3320 5233 codicibus
3345 5161 3465 5233 post
3504 5151 3732 5233 verbum
3769 5166 3854 5233 av:

2291 5217 2571 5305 τιστρέφει
2597 5217 2893 5305 sequuntur
2926 5229 3033 5305 illa,
3061 5228 3106 5305 εξ
3137 5223 3270 5305 τιμὴ
3293 5217 3626 5305 τοῦλῃμτρὸς
3653 5222 3777 5305 ἐστὶ
3799 5217 3856 5305 τὸ

2287 5289 2582 5376 ἀγέννητος
2611 5289 2802 5376 ὄνομα,
2834 5289 3036 5370 ὁμοίως
3063 5297 3120 5376 δε
3150 5289 3359 5376 xiii-fw
3389 5289 3709 5376 rib'vjtpijiv

2284 5358 2346 5429 et.
2371 5379 2451 5430 δεῖ
2477 5358 2578 5429 ἐι’
2604 5358 2807 5440 reliqua
2857 5358 3028 5438 usque
3056 5368 3120 5420 ad
3178 5366 3400 5442 verbum
3433 5358 3726 5442 σῴζῃ-ξαρ
3767 5358 3850 5410 sed

2284 5448 2398 5501 hac
2420 5446 2602 5500 omnia
2629 5432 2875 5511 sup'erius
2905 5432 3254 5511 nitniatertio
3277 5451 3304 5488 a
3335 5434 3589 5511 quolibet.
3609 5432 3708 5500 legi
3736 5443 3848 5507 pos-

2283 5526 2427 5575 sunt.
2458 5515 2568 5570 Cur
2598 5504 2776 5568 autem
2816 5526 2847 5565 a
2877 5509 3114 5564 librariis
3143 5506 3228 5561 bis
3254 5507 3456 5575 scripta
3485 5504 3619 5568 sint,
3653 5504 3850 5555 nescire

2285 5603 2370 5642 tne
2407 5587 2600 5639 fateor.

2356 5657 2466 5728 (9‘2)
2496 5656 2714 5725 Antiqui
2747 5663 2854 5708 tres
2883 5649 3004 5705 libri
3032 5646 3212 5710 δοῦλος
3238 5646 3361 5718 ἄρα.
