4078 6316
190 369 303 428 689

1285 369 1658 427 ADVERSUS
1696 369 2062 428 EUNOMIUM
2104 372 2230 426 LIB.
2274 369 2363 424 IV.

3316 370 3420 424 680

197 487 388 558 μάτων
409 527 425 550 ,
458 487 564 540 πᾶν
595 488 650 542 δὲ
685 488 930 557 γέννημα
965 487 1189 558 κτίσμα,
1231 488 1289 540 οὐ
1326 490 1526 558 κτίσμα
1553 491 1580 542 6
1609 490 1762 550 Υἱός·

1871 500 1975 553 εει,
2010 507 2114 546 non
2163 501 2417 558 umquam
2472 500 2574 540 una
2619 500 2648 540 e
2689 483 2979 555 genituris;
3031 481 3204 536 omnis
3243 492 3425 538 autem

192 579 317 632 οὐδὲ
343 577 449 650 γάρ
481 581 721 650 γέννημα
746 579 820 641 ὼς
851 581 1049 634 ἐκεῖνα.
1093 583 1152 650 Εἰ
1185 579 1436 633 ἐλάττονα
1461 582 1488 632 6
1518 583 1647 645 Θεὸς
1671 581 1764 650 δη-

196 671 479 738 μιουργεῖν
512 673 610 722 οὐκ
640 666 871 736 ἠδύνατο
896 671 988 722 τοῦ
1017 671 1132 733 ἐνὸς
1160 669 1288 722 Υἱοῦ
1319 669 1447 741 (95),
1481 670 1566 725 διὰ
1593 673 1654 725 τὸ
1691 671 1765 740 μὴ

192 761 494 828 πεφυκέναι
516 779 528 790 ο
575 759 693 813 οὐδὲ
724 763 751 814 6
784 761 909 825 Υἱὸς
939 764 1044 833 ἄρα
1079 762 1188 832 (94)
1230 763 1460 834 διάφορα
1505 765 1764 837 δημιουρ-

191 855 377 923 γήσει,
407 853 540 906 ἀλλά
575 853 632 905 ἒν
675 872 748 906 τι.
785 855 846 906 EE
880 855 946 907 τὰ
990 856 1193 908 ὲλάττω
1230 856 1334 907 ὑπὸ
1369 856 1643 922 ἐλάττονος
1670 858 1767 927 δη-

195 947 558 1015 μιουργεῖται,
611 947 703 999 καὶ
750 945 817 996 τά
867 946 1085 1016 μείζονα
1136 947 1193 999 δὲ
1227 947 1329 999 ὑπὸ
1365 949 1633 1017 μείζονος·
1679 947 1768 1002 διὰ

193 1036 406 1089 πολλῶν
435 1037 594 1109 ἄραή
622 1039 814 1099 κτίσις,
851 1039 971 1090 ἐπεὶ
1001 1039 1061 1092 οὐ
1100 1041 1246 1092 πᾶσα
1279 1041 1386 1109 ἴση.
1421 1042 1481 1093 Εἰ
1507 1042 1767 1113 δημιουρ-

191 1125 351 1192 γικὸς
379 1126 563 1191 ὁΘεὸς
609 1127 786 1194 φύσει,
836 1131 932 1197 οὐχ
983 1129 1099 1192 ἐνὸς
1147 1129 1318 1190 ἔσται,
1354 1130 1488 1183 ἀλλά
1540 1132 1765 1184 πολλῶν.

194 1217 270 1268 Ἣ
306 1217 412 1289 γὰρ
445 1219 692 1286 ἀσθενείᾳ
733 1218 860 1270 ἄλλο
905 1219 964 1270 οὐ
1011 1220 1345 1291 δημιουργεῖ.
1395 1221 1426 1290 ἢ
1473 1221 1648 1292 φθόνῳ
1677 1222 1769 1274 καὶ

190 1306 485 1381 βασκανίᾳ.
519 1309 578 1360 EE
603 1307 688 1359 διὰ
718 1307 846 1360 Υἱοῦ
870 1310 1076 1382 Πατρὸς
1096 1313 1320 1381 δύναμις
1352 1311 1765 1382 ἐδημιούργησε,

188 1401 387 1472 Πατὴρ
421 1402 511 1454 καὶ
556 1401 652 1469 οὐχ
681 1401 805 1464 Υἱὸς
852 1405 879 1457 6
920 1404 1265 1476 δημιουργὸς,
1318 1403 1504 1473 ὥσπερ
1546 1403 1663 1455 οὐδὲ
1708 1403 1769 1455 τὸ

189 1493 478 1562 ἐργαλεῖον
505 1494 533 1544 6
563 1493 810 1564 τεχνίτης
861 1497 972 1547 Οὐκ
999 1498 1104 1566 ἄρα
1141 1493 1232 1549 οὖν
1257 1495 1627 1567 ταπεινότερον
1659 1495 1768 1564 (95)

188 1585 225 1654 ἢ
257 1584 398 1636 κατὰ
427 1584 518 1636 τὸν
539 1585 752 1657 Πατέρα
785 1587 844 1639 τὸ
881 1587 1229 1655 δημιουργεῖν
1273 1590 1340 1641 τὰ
1379 1589 1483 1641 ὑπὸ
1517 1587 1609 1641 τοῦ
1644 1588 1768 1640 Υίοῦ

188 1675 491 1742 γενόμενα.
552 1677 613 1728 Εἰ
683 1678 780 1747 τὴν
846 1676 1205 1746 δημιουργίαν
1266 1679 1365 1747 τῆς
1430 1680 1593 1749 οὔσης
1656 1681 1772 1733 κτί-

191 1782 338 1827 σεως
371 1768 677 1839 ἐπῃσχύνθη
722 1767 787 1819 δι’
827 1768 1015 1820 ἐαυτοῦ
1057 1770 1276 1840 ποιῆσαι
1302 1774 1329 1823 6
1353 1770 1504 1834 Θεὸς,
1540 1772 1632 1826 καὶ
1672 1772 1769 1844 τὴν

188 1857 504 1926 δοξολογίαν
545 1859 714 1927 αὐτῆς
746 1859 806 1910 οὐ
845 1861 1147 1930 προσίεται.
1187 1864 1250 1916 "A
1294 1864 1401 1934 γὰρ
1430 1866 1649 1936 ποιῆσαι
1672 1867 1768 1919 ἐπ-

188 1950 482 2019 ῃσχύνετο,
539 1950 803 2019 γενόμενα
846 1951 952 2006 ἴδια
991 1956 1308 2024 νομισθῆναι
1349 1958 1408 2009 οὺ
1441 1956 1673 2029 θελήσει.
1704 1960 1766 2010 Εἰ

188 2041 391 2093 ταύτὸν
424 2040 626 2104 κτίζειν
656 2044 749 2097 καὶ
787 2047 978 2113 γεννᾷν
1007 2045 1095 2096 τὸν
1128 2046 1277 2107 Θεὸν,
1313 2048 1496 2118 ἐπειδὴ
1526 2049 1728 2110 ἁπλοῦς
1751 2065 1764 2077 ·

190 2131 392 2186 ταύτὸν
450 2133 544 2187 καὶ
594 2135 654 2188 τὸ
711 2136 904 2200 σώζειν
963 2138 1121 2189 αὑτὸν
1178 2139 1269 2189 καὶ
1323 2140 1629 2202 ἀπολλύειν,
1674 2139 1768 2191 καὶ

189 2220 480 2291 ζωογονεῖν
520 2226 610 2276 καὶ
636 2225 995 2276 ἀποκτείνειν.
1039 2225 1100 2278 Εἰ
1131 2225 1185 2277 δὲ
1212 2224 1366 2277 τοῦτο
1408 2225 1542 2292 (96),
1574 2225 1767 2278 ταύτὸν

188 2313 306 2384 ἄρα
348 2315 585 2384 σωτηρία
616 2316 706 2366 ml.
737 2315 996 2378 ἀπώλεια,
1029 2317 1119 2368 καὶ
1147 2315 1256 2386 ζωὴ
1295 2316 1388 2367 καὶ
1431 2314 1673 2377 θάνατος.
1705 2316 1766 2366 El

189 2403 332 2455 Θεοῦ
381 2404 608 2472 Χριστὸς
637 2405 862 2477 δύναμις
904 2408 994 2459 καὶ
1025 2407 1201 2470 σοφία,
1242 2407 1410 2461 ταῦτα
1444 2407 1499 2460 δὲ
1537 2408 1765 2460 ἄκτιστα

192 2494 294 2546 καὶ
329 2494 568 2570 πναϊρια
600 2496 716 2566 Θεῷ
747 2498 826 2566 (οὐ
876 2496 982 2566 γὰρ
1017 2493 1083 2566 ἦν
1122 2515 1250 2550 ποτε
1280 2499 1478 2566 ἄσοφος
1513 2501 1605 2551 καὶ
1634 2498 1764 2551 ἁδύ-

190 2585 420 2653 ναμος)·
464 2586 714 2648 ἄκτιστος
746 2588 840 2639 καὶ
869 2589 1130 2650 συναΐδιος
1163 2590 1391 2660 Χριστὸς
1418 2591 1535 2660 Θεῴ
1554 2608 1566 2620 ·
1608 2593 1655 2642 εί
1685 2590 1761 2655 δὲ,

191 2675 335 2727 καθὸ
367 2675 633 2748 ἐνέργεια,
660 2677 906 2748 δύναμις,
938 2681 1028 2731 καὶ
1066 2681 1223 2749 σοφία
1243 2679 1374 2730 Θεοῦ
1403 2678 1638 2747 λέγεται,
1673 2682 1766 2734 καὶ

192 2769 359 2837 ἡμεῖς
389 2771 614 2841 δύναμις
647 2772 738 2824 καὶ
783 2771 938 2839 σοφία
971 2773 1173 2842 Κυρίου
1213 2771 1503 2840 λεγοίμεθα
1532 2771 1597 2825 ἂν
1631 2773 1762 2843 (97),

191 2859 273 2922 ὡς
302 2862 463 2924 αὐτὸς
493 2863 644 2916 Θεοῦ.
701 2864 836 2915 Ἀλλ’
863 2866 1076 2917 ἄτοπον.
1120 2865 1182 2914 EI
1231 2863 1303 2935 μὴ
1352 2863 1516 2928 ἀΐδιος
1564 2864 1696 2929 Θεὸς
1736 2868 1765 2918 ὀ

193 2949 349 3010 Υίὸς,
379 2951 436 3013 ἐξ
471 2952 711 3021 ἀνάγκης
755 2953 1062 3023 πρόσφατος
1084 2969 1095 2980 ·
1125 2954 1171 3004 εί
1203 2954 1275 3023 μὴ
1312 2953 1580 3024 ἀληθινὸς,
1632 2953 1764 3023 ψευ-

1868 582 2114 652 genitura
2143 591 2395 638 creatura
2429 587 2532 641 est,
2563 591 2669 632 non
2713 587 2962 630 creatura
2993 575 3157 629 Filius
3192 585 3293 639 est,
3329 592 3426 631 ne-

1867 688 1972 742 que
1996 673 2137 727 enim
2169 677 2414 742 genitura
2445 679 2530 724 est
2559 681 2617 722 ut
2649 669 2756 722 illa.
2788 666 2843 721 Si
2875 668 3012 721 Dens
3040 668 3292 736 pauciora
3323 683 3428 721 uno

1867 766 2004 821 Filio
2039 766 2267 820 condere
2309 783 2414 821 non
2458 772 2696 834 poterat,
2732 761 2871 830 quod
2920 771 3126 814 naturae
3172 775 3282 815 Sua:
3322 774 3428 813 non

1869 856 2164 911 convenit:
2202 855 2364 922 igitur
2412 870 2510 911 nec
2553 852 2719 908 Filius
2780 851 2975 907 condet
3017 850 3228 904 diversa
3254 891 3269 916 ,
3315 851 3428 906 "sed

1868 965 2033 1005 unum
2061 946 2204 1016 quid.
2236 945 2294 1000 Si
2325 948 2531 1004 minora
2563 963 2593 1001 a
2627 946 2830 999 minore
2852 954 3124 1008 creantur,
3149 950 3201 997 et
3225 943 3431 1010 majora

1868 1059 1898 1098 a
1931 1040 2163 1110 majore;
2214 1054 2310 1108 per
2372 1042 2565 1096 multos
2611 1053 2740 1110 ergo
2787 1047 2914 1092 sunt
2964 1045 3259 1099 creaturae,
3306 1050 3430 1090 cum

1867 1149 2056 1190 omnes
2096 1147 2201 1185 non
2235 1131 2344 1184 sint
2389 1133 2639 1198 aequales.
2687 1132 2828 1186 Deus
2875 1128 2918 1181 si
2958 1129 3202 1182 conditor
3228 1137 3312 1181 est
3339 1143 3433 1179 na-

1870 1237 2010 1289 tura,
2039 1239 2143 1278 non
2181 1223 2339 1276 unius
2370 1220 2492 1284 erit,
2525 1221 2618 1274 sed
2644 1224 2955 1276 multorum.
2980 1219 3112 1274 Nam
3144 1220 3284 1272 aliud
3326 1234 3435 1273 non

1869 1329 2017 1372 creat
2045 1327 2136 1370 aut
2161 1313 2550 1379 imbecillitate,
2576 1321 2666 1365 aut
2707 1313 2900 1367 invidia
2938 1323 2992 1368 et
3033 1311 3216 1368 livore.
3247 1311 3301 1365 Si
3335 1309 3436 1363 Pa-

1873 1406 1972 1458 tris
2000 1406 2236 1474 potentia
2271 1417 2368 1474 per
2395 1401 2586 1456 Filium
2625 1400 2847 1466 creavit,
2888 1400 3045 1456 Pater
3083 1409 3299 1458 creator
3329 1409 3432 1464 est,

1872 1511 1976 1550 non
2032 1494 2237 1558 Filius,
2290 1490 2740 1564 quemadmodum
2795 1506 2971 1560 neque
3017 1493 3436 1549 instrumentum

1872 1588 2064 1641 artifex
2106 1596 2205 1642 est.
2251 1589 2367 1643 Non
2410 1596 2493 1644 est
2541 1586 2704 1656 igitur
2749 1601 2835 1639 res
2881 1587 3135 1640 humilior
3172 1605 3331 1657 quam
3375 1598 3436 1642 ut

1872 1681 2017 1734 Patri
2068 1681 2384 1746 conveniat,
2436 1693 2623 1735 creare
2668 1694 2786 1747 quae
2830 1678 2970 1732 facta
3015 1690 3140 1734 sunt
3194 1695 3224 1733 a
3277 1682 3428 1736 Filio.

1873 1772 1927 1827 Si
1989 1781 2358 1826 creaturarum
2405 1771 2734 1827 creationem
2787 1785 2880 1839 per
2937 1786 2996 1825 se
3053 1771 3234 1826 facere
3292 1771 3434 1829 Deus

1869 1864 2118 1928 erubuit,
2177 1863 2339 1917 etiam
2409 1862 2697 1932 glorilieari
2753 1861 2820 1913 ab
2873 1860 2977 1916 illis
3032 1877 3138 1916 non
3186 1864 3432 1918 sustinet.

1868 1959 1999 2024 Qua:
2071 1956 2212 2012 enim
2291 1954 2466 2008 facere
2545 1955 2933 2018 erubescebat,
2999 1966 3067 2008 ea
3138 1955 3226 2009 ubi
3295 1955 3438 2010 facta

1870 2049 2102 2111 fuerint,
2165 2064 2261 2102 sua
2323 2045 2499 2116 putari
2556 2046 2720 2100 nolet.
2781 2045 2834 2100 Si
2890 2046 3028 2101 idem
3085 2057 3202 2108 est,
3269 2048 3434 2101 Deum

1867 2153 2057 2196 creare
2101 2147 2154 2192 et
2206 2151 2484 2209 generare,
2534 2137 2787 2206 quoniam
2838 2124 3063 2204 simplex
3113 2147 3241 2191 est:
3293 2137 3434 2191 idem

1865 2232 2026 2286 etiam
2060 2231 2183 2292 erit,
2218 2244 2438 2284 servare
2485 2239 2537 2282 et
2586 2227 2835 2297 perdere,
2867 2228 3140 2282 viviﬁcare
3180 2238 3234 2283 et
3271 2228 3434 2298 287

1866 2325 2131 2377 occidere.
2163 2322 2314 2389 Quod
2367 2323 2408 2376 si
2455 2323 2524 2375 ita
2565 2331 2668 2386 εει,
2726 2320 2890 2390 igitur
2927 2319 3068 2374 salus
3101 2329 3154 2374 et
3185 2321 3433 2388 perditio,

1866 2425 1918 2467 et
1958 2417 2062 2466 vita
2094 2423 2146 2466 et
2187 2430 2330 2467 mors
2361 2415 2498 2466 idem
2530 2426 2672 2469 sunt.
2710 2412 2763 2467 Si
2795 2412 3043 2468 Christus
3087 2411 3325 2479 potentia
3365 2425 3430 2463 ac

1866 2502 2128 2570 sapientia
2182 2502 2272 2554 Dei
2307 2511 2388 2554 est
2429 2504 2496 2564 ⁷⁸,
2547 2503 2659 2555 haec
2694 2512 2872 2555 autem
2915 2502 3151 2554 increata
3201 2508 3327 2552 sunt
3371 2513 3435 2554 ac

1867 2604 2130 2649 coteterna
2160 2593 2266 2647 Deo
2295 2596 2422 2660 (non
2450 2594 2590 2647 enim
2636 2593 2733 2646 fuit
2780 2607 3013 2658 unquam
3054 2592 3316 2660 insipiens
3339 2599 3432 2643 aut

1867 2684 2152 2761 impotens)
2187 2704 2201 2739 :
2235 2688 2504 2740 inereatus
2529 2694 2608 2738 est
2637 2683 2902 2746 Christus,
2941 2693 2993 2737 et
3035 2697 3136 2736 una
3166 2695 3283 2737 eum
3323 2680 3434 2735 Deo

1865 2791 2099 2834 aeternus
2127 2796 2138 2830 :
2163 2780 2244 2832 sin
2291 2787 2495 2839 autem,
2529 2787 2792 2844 quatenus
2822 2784 2901 2828 est
2944 2774 3206 2844 operatio,
3233 2773 3434 2827 dicitur

1864 2870 2101 2938 potentia
2149 2879 2202 2922 et
2236 2868 2496 2938 sapientia
2549 2867 2636 2920 Dei
2668 2885 2680 2920 :
2717 2881 2813 2920 nos
2859 2881 3072 2933 quoque
3105 2864 3342 2933 potentia
3378 2872 3432 2916 et

1867 2962 2125 3031 sapientia
2167 2961 2373 3014 Domini
2426 2959 2529 3013 dici
2563 2972 2849 3027 possumus
2878 2957 3018 3008 haud
3065 2956 3220 3007 aliter
3267 2964 3431 3020 atque

192 3039 294 3109 δής
322 3055 336 3068 ·
372 3042 419 3092 εί
452 3041 525 3111 μὴ
553 3042 728 3110 φύσει,
758 3021 920 3095 θέσει.
965 3021 1274 3098 Ἀσεϐῶνίδὲξ
1308 3021 1762 3116 ’προσφάτοις-και)⁹

1866 3021 2000 3126 ipse,
2046 3055 2158 3108 Dei.
2207 3051 2310 3106 Sed
2355 3053 2458 3105 hoc
2509 3021 2800 3104 absurdum
2854 3055 2954 3101 est.
2997 3046 3054 3100 Si
3097 3044 3262 3098 Filius
3291 3045 3429 3097 Deus

193 3129 414 3197 ψευδέσι
445 3131 535 3183 καὶ
564 3131 640 3202 μὴ
657 3132 812 3200 φύσει
841 3132 1136 3202 λατρεύειν.
1166 3135 1285 3185 Οὐκ
1311 3133 1477 3209 ἔσται
1500 3133 1608 3202 γάρ
1641 3149 1757 3198 σοι,

194 3221 351 3292 φησι,
385 3223 527 3288 Θεὸς
549 3227 890 3291 πρόσφατος
909 3243 920 3255 ·
951 3225 1044 3277 καὶ
1079 3227 1106 3277 6
1136 3223 1371 3285 Παῦλος”
1411 3216 1604 3279 ’Ἀλλὰ
1634 3229 1763 3280 τότε

185 3313 341 3380 μὴν,
381 3316 489 3367 οὐκ
527 3315 748 3380 εἰδότες
785 3316 950 3380 Θεὸν,
995 3317 1392 3371 ἐδουλεύσατε
1434 3320 1556 3383 τοῖς
1585 3321 1763 3386 φύσει

193 3404 310 3466 (98)
358 3405 442 3472 μὴ
473 3403 611 3459 οὖσι
649 3407 820 3470 θεοῖς.
855 3410 923 3459 Ἣ
959 3410 1173 3473 ἀσεϐεῖς
1215 3409 1321 3479 (99)
1365 3411 1414 3462 oi
1461 3407 1599 3462 οὕτω
1628 3411 1760 3481 Χρι-

195 3494 312 3563 στῷ
350 3495 696 3566 λατρεύοντες
723 3517 734 3528 ·
782 3499 813 3568 ἢ
860 3499 1014 3567 φύσει
1048 3509 1140 3553 καὶ
1184 3502 1432 3573 ἀληθινὸς
1470 3502 1622 3565 Θεὸς,
1672 3504 1764 3555 καὶ

193 3587 462 3650 εὐσεϐεῖς.
485 3589 546 3640 Εἰ
573 3592 600 3640 6
643 3591 716 3659 (I)
753 3590 880 3653 Υἱὸς
934 3592 1229 3662 ἐνέργημα,
1265 3595 1356 3646 καὶ
1408 3596 1468 3646 οὐ
1498 3595 1760 3664 γέννημα,

190 3676 321 3728 οὔτε
350 3678 376 3728 6
405 3680 719 3748 ἐνεργήσας,
739 3681 858 3733 οὔτε
889 3683 993 3752 μὴν
1020 3684 1079 3735 τὸ
1111 3684 1395 3751 ἐνεργηθὲν
1431 3685 1589 3746 αὑτός
1618 3687 1763 3738 ἐστιν

193 3769 407 3839 (ἕτερον
439 3770 545 3841 γὰρ
581 3769 648 3840 ἦν
691 3773 723 3842 ή
765 3773 1013 3843 ἐνέργεια
1048 3773 1200 3844 παρὰ
1241 3775 1455 3842 ταῦτα),
1492 3776 1625 3828 ἀλλὰ
1671 3778 1763 3829 καὶ

192 3862 598 3925 ἀνυπόστατος·
643 3863 864 3933 οὐδεμία
924 3865 1028 3936 γὰρ
1075 3865 1324 3934 ἐνέργεια
1385 3866 1759 3929 ἐνυπόστατος.

189 3955 258 4005 El
294 3954 351 4006 δὲ
382 3953 442 4006 τὸ
469 3954 777 4026 ὲνεργηθὲν,
807 3956 986 4026 τρίτος
1029 3958 1091 4008 ἐκ
1118 3956 1347 4026 Πατρὸς,
1380 3958 1472 4009 καὶ
1504 3957 1603 4009 οὐκ
1631 3959 1764 4026 ἀμε-

193 4047 456 4111 σίτευτος.
511 4050 570 4101 Ὀ
617 4052 912 4121 ἐνεργήσας
963 4052 1071 4122 γὰρ
1099 4053 1330 4122 πρῶτος,
1384 4049 1502 4104 εἷτα
1545 4055 1577 4122 ἡ
1617 4054 1762 4121 ἐνέρ-

189 4155 340 4205 γεια,
373 4141 465 4192 καὶ
511 4139 651 4193 οὕτω
677 4141 734 4193 τὸ
766 4142 1074 4211 ἐνεργηθέν.
1107 4143 1167 4194 Εἰ
1214 4142 1502 4210 μονογενὴς
1542 4143 1570 4192 6
1614 4141 1759 4209 Υἱὸς,

185 4233 281 4287 διὰ
315 4233 374 4286 τὸ
399 4234 554 4303 μόνος
587 4237 650 4286 ὲκ
692 4235 850 4304 μόνου
884 4234 1235 4304 γεγεννῆσθαι
1262 4236 1334 4303 (2)
1363 4252 1376 4264 ”
1422 4237 1764 4303 μονόκτιστος

1861 3158 2095 3204 aeternus
2119 3159 2225 3200 non
2266 3153 2363 3200 est.
2398 3142 2500 3195 erit
2536 3139 2844 3194 necessario
2873 3151 3063 3192 recens
3086 3152 3097 3185 :
3119 3136 3165 3190 si
3198 3151 3301 3190 non
3335 3149 3427 3188 ve-

1864 3256 1974 3303 rus,
2005 3239 2165 3293 falsus
2192 3255 2204 3288 :
2227 3236 2269 3291 si
2294 3251 2396 3289 non
2433 3243 2644 3297 natura,
2677 3233 2978 3300 adoptione.
3025 3231 3310 3297 Intpiorum
3341 3243 3426 3280 au-

1865 3342 1970 3385 tem
2008 3341 2090 3385 est
2132 3337 2374 3382 recentes
2405 3337 2457 3380 et
2502 3325 2663 3379 falsos
2707 3339 2803 3376 nee
2841 3335 3026 3375 natura
3068 3322 3195 3376 deos
3225 3321 3424 3375 colere.

1866 3422 1988 3474 Non
2029 3423 2164 3473 enim
2191 3421 2287 3472 erit
2315 3420 2428 3484 tibi,
2457 3418 2649 3486 inquit,
2695 3415 2828 3468 Deus
2881 3430 3053 3467 recens
3078 3401 3144 3466 ⁷⁸.
3190 3413 3254 3465 Ει
3286 3413 3426 3466 Pau-

1864 3515 1946 3567 lus
1981 3531 1992 3565 :
2025 3511 2125 3566 Sea'
2170 3523 2291 3564 tunc
2331 3510 2538 3576 quidem
2583 3511 2880 3576 ignorantes
2928 3506 3110 3569 Deum,
3146 3507 3427 3559 servivistis

1864 3605 2060 3671 iis,qui
2101 3613 2287 3655 natura
2337 3588 2440 3654 non
2470 3611 2587 3652 sunt
2629 3599 2784 3650 dii".
2827 3599 2933 3652 Aut
2973 3598 3118 3664 impii
3167 3609 3293 3651 sunt
3336 3597 3429 3668 qui

1864 3695 2133 3748 Christum
2163 3694 2240 3746 sic
2270 3692 2449 3745 colunt
2485 3707 2497 3741 :
2525 3699 2615 3743 aut
2651 3699 2838 3742 natura
2871 3697 2925 3742 et
2968 3703 3125 3742 verus
3159 3688 3296 3741 Deus
3325 3696 3428 3751 est,

1863 3800 2024 3856 atque
2048 3789 2181 3840 adeo
2205 3785 2296 3854 pii.
2335 3783 2390 3838 Si
2415 3783 2583 3837 Filius
2611 3781 2853 3849 operatio
2882 3790 2986 3846 est,
3017 3781 3126 3834 non
3160 3780 3429 3848 genitura,

1865 3896 2039 3946 neque
2070 3879 2160 3948 qui
2190 3886 2444 3946 operatus
2492 3885 2596 3937 est,
2639 3890 2814 3942 neque
2841 3889 2976 3942 opus
3006 3873 3175 3939 ipsum
3206 3872 3320 3940 ipse
3348 3881 3432 3924 est

1865 3971 2028 4039 (aliud
2074 3969 2215 4021 enim
2272 3979 2354 4021 est
2410 3966 2652 4033 Operatio
2688 3974 2880 4032 praeter
2920 3961 3092 4033 base):
3135 3962 3227 4015 sed
3265 3962 3429 4014 etiam

1865 4077 1967 4115 non
1997 4060 2271 4118 subsistit;
2309 4058 2454 4110 nulla
2490 4058 2631 4109 enim
2658 4055 2905 4108 subsistit
2932 4052 3271 4120 operatio.'Si
3304 4067 3429 4106 vero

1864 4166 1995 4218 opus
2031 4152 2203 4220 ipsum
2232 4158 2334 4212 est,
2359 4148 2548 4201 tertius
2579 4162 2607 4200 a
2637 4146 2813 4208 Patre,
2831 4161 2936 4199 non
2968 4145 3307 4198 immediatus
3322 4151 3424 4197 est.

1864 4242 1963 4307 Qui
1992 4244 2132 4297 enim
2164 4250 2419 4310 operatus
2445 4249 2555 4302 est,
2588 4240 2795 4306 primus
2840 4248 2923 4292 est
2956 4254 2970 4290 :
3001 4237 3191 4291 deinde
3238 4249 3430 4303 opera—

186 4325 526 4398 κυριώτερον
551 4326 614 4379 ἂν
645 4327 872 4396 λέγοιτο,
905 4327 1107 4396 κτίσμα
1142 4329 1237 4398 μὲν
1266 4327 1476 4395 ἀληθῶς
1513 4329 1629 4380 κατ’
1657 4328 1758 4379 Εὑ-

1867 4334 1959 4398 tio,
1991 4343 2099 4387 tum
2124 4333 2334 4387 demum
2359 4347 2515 4399 opus.
2542 4331 2596 4385 Si
2629 4330 2795 4384 Filius
2826 4329 3131 4398 unigenitus
3158 4337 3258 4391 est,
3283 4326 3425 4396 quod

185 4419 379 4487 νόμιον
405 4418 500 4481 ὢν,
538 4419 781 4489 γέννημα
822 4419 876 4471 δὲ
910 4419 1271 4490 ψευδωνύμως
1314 4420 1660 4490 καλούμενος.
1693 4422 1754 4472 Εί

184 4511 215 4561 ὁ
251 4509 380 4571 Υἱὸς
408 4508 792 4580 δημιούργημα
823 4507 912 4562 τοῦ
953 4512 1161 4581 Πατρὸς
1194 4512 1368 4581 μόνος,
1400 4512 1464 4564 τὰ
1495 4512 1548 4564 δὲ
1580 4530 1753 4565 παντα

184 4600 286 4653 τοῦ
315 4598 463 4667 Υίοῦ,
496 4601 684 4667 είπὼν,
726 4602 801 4656 Τὰ
855 4603 963 4672 ἐμὰ
997 4603 1188 4656 πάντα
1227 4603 1309 4656 σά
1336 4605 1485 4667 ἐστι,
1530 4604 1751 4656 δυνατὸν

187 4693 366 4742 εἰπεῖν
390 4707 403 4719 ·
439 4692 730 4760 ἐπαγαγὼν
772 4693 847 4755 δὲ,
897 4695 1003 4746 Καὶ
1044 4695 1113 4746 τὰ
1143 4693 1224 4746 σὰ
1251 4694 1380 4761 ἐμὰ,
1430 4696 1547 4746 κατ’
1593 4694 1754 4747 Εὐνό-

265 4863 348 4916 ⁷⁸1
377 4862 502 4918 Cor.
534 4880 572 4928 ι,
609 4863 699 4918 ει.
778 4866 822 4895 ⁷⁵
854 4864 995 4921 Psal.
1029 4881 1192 4931 Lxxx,
1231 4865 1318 4918 IO.
1392 4866 1436 4898 ⁷⁷
1463 4864 1582 4922 Gal.
1616 4883 1688 4933 tv,
1713 4867 1745 4922 8

265 5018 377 5088 (93)
406 5020 541 5073 Etliti
587 5019 816 5090 ἠδύνατο
865 5020 1000 5089 πλὴν
1048 5019 1161 5072 τοῦ.
1203 5020 1353 5083 Illud,
1380 5021 1540 5090 πλὴν,
1570 5021 1620 5074 in
1654 5037 1719 5074 no

186 5090 323 5144 Stris
354 5099 554 5153 septem
590 5107 719 5143 mss.
749 5093 915 5143 deest.

262 5158 376 5230 (96)
413 5159 638 5213 Codices
681 5171 789 5212 tres
821 5161 848 5210 6
883 5159 1007 5221 Υἱὸς
1037 5159 1162 5228 ἄρα.
1200 5159 1312 5213 Vox
1346 5161 1452 5230 ἄρα
1495 5176 1665 5229 neque
1699 5161 1750 5213 in

185 5229 314 5297 aliis
345 5243 497 5290 mss.,
519 5245 691 5295 neque
718 5230 770 5281 in
794 5231 954 5282 editis
979 5230 1190 5297 legitur.

263 5296 373 5367 (95)
405 5298 580 5370 Editio
603 5299 767 5352 Paris.
795 5295 1061 5368 τεχνίτης.
1088 5295 1194 5352 Ἦν
1222 5299 1327 5369 ἄρα
1349 5301 1747 5370 ταπεινότερον.

183 5369 257 5441 At
289 5368 461 5422 nostri
489 5379 688 5441 septem
721 5367 1141 5441 ηιεεζτεχνίτης.
1167 5367 1279 5423 Οὑιι
1303 5371 1408 5441 ἄρα
1436 5367 1526 5423 οὖν
1561 5367 1754 5424 ταέιτει-

185 5438 431 5510 νοτερὸν,
463 5447 516 5491 ει
545 5438 618 5491 ita
653 5436 877 5492 Duczeus
902 5436 1221 5508 jampridem
1267 5436 1646 5494 eniendaverat
1685 5456 1752 5495 ex

185 5507 535 5560 llenrieiano.

261 5579 372 5650 (96)
416 5578 551 5650 Editi
596 5577 955 5650 ἀποκτείνειν.
985 5579 1044 5630 Ei
1090 5579 1146 5630 δὲ
1188 5579 1345 5632 τοῦτο
1398 5580 1613 5637 ταύτὸν,
1647 5581 1753 5650 ἄρα

183 5648 594 5718 καὶσωτηρία.
642 5647 820 5718 Codex
869 5649 1013 5700 Colh.
1049 5661 1101 5699 et
1133 5649 1280 5718 Itegii
1316 5664 1424 5704 tres
1463 5666 1588 5702 mss.
1621 5647 1752 5703 ἁπτο-

185 5717 438 5791 κτείνειν.
479 5717 538 5768 Εἰ
670 5717 826 5791 τοῦτο
853 5757 864 5777 ,
899 5719 1091 5770 ταύτὸν
1124 5717 1228 5790 ἄρα
1265 5723 1525 5791 σωτηρία,
1574 5720 1709 5777 bene
1741 5744 1751 5777 ;

186 5789 276 5843 ubi
312 5795 468 5842 notes
501 5787 653 5843 velint
687 5787 1192 5856 interpunctiuncm.

1860 4429 2006 4481 solus
2032 4440 2060 4478 a
2089 4425 2202 4478 solo
2243 4426 2456 4492 genitus
2493 4433 2598 4485 est,
2633 4423 2945 4476 unicreatus
2994 4421 3161 4489 magis
3211 4421 3422 4490 prOpric

1855 4518 2124 4573 diceretur
2150 4535 2164 4581 ;
2202 4532 2321 4569 cum
2350 4520 2644 4569 secundum
2678 4515 2991 4568 Eunomium
3019 4528 3142 4567 vere
3172 4525 3420 4567 creatura

1859 4610 1948 4670 sit,
1990 4607 2125 4661 l‘also
2156 4617 2332 4660 autem
2374 4607 2590 4660 nomine
2622 4605 2867 4673 genitura
2899 4614 3135 4656 vocetur.
3165 4603 3219 4656 Si
3255 4602 3423 4655 Filius

1858 4697 2005 4752 solus
2029 4706 2276 4752 creatura
2309 4693 2486 4750 Patris
2516 4705 2620 4760 est,
2661 4695 2864 4763 reliqua
2904 4709 3032 4748 vero
3052 4693 3252 4756 omnia,
3278 4690 3420 4759 Filii,

1933 5021 2044 5091 (97)
2076 5020 2240 5091 Editir
2269 5018 2561 5091 IsyépeOat.
2599 5019 2776 5091 Codex
2815 5033 2950 5091 unus
2979 5014 3422 5091 λεγώμεθα-ΑΙἱί

1859 5085 1968 5214 gub
2002 5085 2308 5172 λεγοίμεθα.
2343 5085 2563 5158 Antiqui
2597 5090 2700 5143 duo
2729 5090 2846 5142 libri
2871 5102 2966 5157 pro
2992 5085 3194 5156 Κυρίου
3226 5089 3422 5142 habent

1915 5180 2117 5214 οιστου.

1950 5181 2117 5215 ιστου.

1913 5180 2250 5300 ῆδσὲῗέοιίεχ
2280 5230 2431 5300 Coll).
2465 5228 2825 5298 ὲΑατρεύσατε
2856 5229 2968 5289 τοῖς
3000 5225 3178 5294 φύσει.
3220 5227 3418 5282 Ibidem

1859 5297 1987 5357 editi
2021 5303 2052 5372 ἢ
2080 5302 2293 5372 ἀσεϐεῖς
2325 5297 2416 5352 οὖν
2445 5300 2514 5372 οἱ..

1931 5360 2052 5442 (99)
2078 5360 2300 5442 Veteres
2335 5373 2440 5442 duo
2493 5367 2615 5442 libri
2651 5367 2720 5420 Ἢ
2753 5360 2846 5421 οὖν
2882 5367 3114 5430 ἀσεϐεῖς.
3147 5366 3294 5421 Libri
3326 5381 3420 5421 ve-

1861 5439 2112 5495 tustiores
2136 5441 2205 5494 Ἢ
2229 5439 2445 5501 ἀσεϐεῖς
2472 5439 2542 5490 οί.

1930 5512 2002 5581 (l)
2037 5512 2165 5578 Reg.
2197 5513 2392 5581 tertius
2416 5507 2665 5581 ἀληθινὸς
2686 5507 2839 5581 Θεὸς
2867 5507 2980 5581 ’και
3003 5505 3237 5581 ἀψευδὴς
3274 5507 3322 5581 εί
3348 5507 3418 5560 οἱ.

1861 5577 1993 5650 Reg.
2029 5577 2295 5633 secundus
2327 5579 2485 5645 φύσει
2511 5577 2626 5630 καὶ
2672 5577 2920 5650 ἀληθινὸς
2953 5579 3102 5650 Θεὸς.
3133 5578 3243 5650 ttat
3269 5577 3421 5629 εὐσε-

1861 5648 1990 5713 66»),
2045 5661 2100 5720 et
2137 5653 2232 5702 hoc
2275 5650 2478 5715 piorum
2520 5661 2614 5702 est.
2665 5649 2804 5704 Editi
2839 5665 2959 5705 cum
2990 5649 3122 5720 Reg.
3157 5648 3344 5718 quinto
3366 5657 3418 5704 ct

1862 5738 1980 5778 cum
2012 5719 2163 5774 Colb.
2196 5720 2268 5772 uti
2301 5721 2351 5771 in
2390 5729 2663 5772 contextu.

1937 5789 2010 5862 (Ξ)
2037 5789 2167 5860 Reg.
2199 5789 2388 5845 tertius
2414 5789 2756 5862 γεγενῆσθαι.
