4088 6318
640 345 736 400 691

1950 355 2004 410 S.
2051 355 2287 415 BASILII
2326 358 2535 415 MAG-Nl

3768 358 3874 412 692

635 478 758 518 Cum
806 464 981 520 dixit:
1013 466 1136 521 Mea
1179 472 1351 523 omnia
1397 482 1482 522 ma
1538 484 1657 525 sunt
1696 477 1762 541 ⁷⁸,
1800 477 1950 532 licuit
1979 478 2202 532 dicere:

2323 499 2428 534 ιιον
2451 481 2631 534 οὐκέτι
2669 478 2864 540 καλῶς.
2896 479 3062 542 Αὐτὸς
3093 481 3201 551 γὰρ
3234 481 3422 534 ἑαυτου
3449 473 3584 530 εἶναι
3613 483 3712 534 οὐκ
3743 478 3878 550 ἠδί-

637 558 731 611 sed
759 573 877 612 cum
905 561 1105 612 addidit
1135 581 1146 614 :
1179 563 1241 613 Et
1279 572 1368 616 tua
1415 580 1525 616 mea
1550 566 1615 626 ⁷⁹,
1653 583 1761 620 non
1804 571 2030 640 amplius
2059 581 2202 625 ret-te

639 651 931 702 secundum
961 651 1304 710 Eunomium.
1343 655 1473 709 Nam
1513 659 1622 727 ipse
1653 661 1732 713 sui
1760 663 1923 728 ipsius
1955 673 2200 713 essenon

643 741 1073 812 poterat.ltaque
1099 750 1382 802 manifeste
1410 752 1738 818 comperitnr
1776 757 1838 808 de
1863 756 2095 822 ipsorum
2127 753 2202 805 si-

2307 589 2449 624 νατο.
2485 569 2732 622 Φαίνεται
2759 564 2871 630 οὖν,
2906 568 2984 618 ὅτι
3015 571 3142 637 περὶ
3183 571 3278 638 τῆς
3306 569 3614 640 ὁμοιότητος
3652 574 3742 622 καὶ
3779 571 3878 642 τῆς

2310 660 2448 714 κατὰ
2497 660 2670 711 πάντα
2714 656 3129 726 ἁπαραλλάκτου
3172 662 3264 710 καὶ
3304 659 3487 730 ὁμοίας
3541 658 3731 723 οὐσίας
3781 663 3880 714 αὑ-

2313 753 2433 814 τῶν,
2461 752 2520 802 οὺ
2552 752 2676 819 περὶ
2712 750 3020 818 κτισμάτων
3047 748 3359 817 διαλεχθείς.

641 831 959 897 militudine,
990 837 1160 908 deque
1199 840 1497 896 substantia
1543 842 1594 895 in
1633 847 1884 899 omnibus
1906 842 2202 912 quamlibet
2233 842 2588 896 diﬂ‘erentiant
2620 844 2938 895 excludcnte
3012 855 3075 892 ac
3117 840 3298 905 simili,
3337 859 3439 897 non
3504 846 3569 900 de
3607 845 3884 898 creaturis

640 926 848 983 locutus
877 930 1061 988 fuisse.

711 1028 763 1080 2.
797 1030 851 1082 Si
889 1033 1025 1084 Deus
1056 1030 1307 1085 similiter
1330 1044 1475 1088 creat
1499 1044 1553 1088 et
1594 1049 1833 1106 generat,
1867 1038 2113 1090 Christus
2144 1036 2210 1089 si-

647 1117 848 1172 militer
885 1130 938 1174 et
975 1132 1188 1174 creator
1226 1135 1406 1178 noster
1441 1135 1494 1178 et
1528 1125 1683 1182 Pater
1709 1140 1828 1181 est:
1855 1135 1936 1180 est
1971 1142 2205 1194 namque

645 1207 806 1274 Deus,
851 1225 947 1263 nec
989 1225 1122 1278 Opus
1153 1226 1234 1268 est
1267 1214 1363 1284 ipsi
1393 1230 1454 1268 ea
1492 1232 1608 1285 qua:
1653 1235 1744 1286 per
1801 1217 2055 1283 Spiritum
2085 1233 2211 1270 sau-

647 1308 789 1350 ctum
822 1302 877 1353 [lt
907 1301 1229 1371 adoptione;
1288 1310 1733 1373 quemadmodum
1778 1325 1878 1362 nec
1905 1324 2038 1376 opus
2085 1310 2207 1376 fuit,

647 1398 705 1441 ut
733 1403 826 1456 per
854 1389 1018 1445 alium
1044 1395 1347 1461 Quempiatn
1371 1408 1631 1450 creaturae
1653 1398 1819 1463 ipsius
1844 1397 1968 1449 facti
1995 1399 2165 1450 simus
2192 1413 2203 1447 :

647 1482 944 1546 praesertim
981 1499 1100 1536 cum
1141 1493 1403 1536 creatura:
1447 1497 1622 1540 multae
1657 1503 1722 1539 ne
1759 1489 1824 1540 ita
1868 1487 2081 1554 quidem
2117 1503 2211 1540 na-

649 1581 770 1624 tura
800 1583 1120 1639 comparata:
1148 1575 1256 1628 sint
1292 1585 1349 1627 ut
1383 1577 1628 1644 spiritum
1669 1578 1933 1643 accipiant
1964 1579 2211 1645 adoptio-

650 1663 753 1726 nis,
789 1661 946 1714 veluti
979 1663 1133 1716 bruta
1175 1674 1225 1716 et
1253 1665 1565 1718 inanitnata.
1595 1666 1648 1718 Si
1697 1683 1794 1718 nos
1825 1667 1914 1733 qui
1950 1678 2212 1720 creatura:

2381 1028 2433 1080 ‘2.
2473 1029 2534 1078 Εἰ
2580 1026 2707 1088 Θεὸς
2739 1028 2938 1095 ὁμοίως
2964 1027 3133 1090 κτίζει
3182 1028 3273 1078 καὶ
3317 1028 3496 1094 γεννᾷ,
3541 1029 3744 1096 ὁμοίως
3792 1022 3883 1077 καὶ

2311 1121 2534 1188 κτίστης
2555 1118 2709 1188 ἡμῶν
2743 1121 2834 1172 καὶ
2859 1121 3045 1191 Πατήρ
3065 1121 3209 1171 ἐστιν
3243 1121 3269 1170 6
3295 1117 3523 1188 Χριστός
3543 1134 3556 1146 ’
3581 1120 3714 1180 Θεὸς
3745 1120 3881 1188 γὰρ,

2312 1212 2401 1266 καὶ
2436 1210 2495 1262 οὺ
2526 1209 2680 1278 χρεία
2714 1210 2788 1278 (5)
2837 1212 2933 1279 τῆς
2959 1211 3044 1262 διὰ
3088 1209 3178 1261 τοῦ
3231 1209 3383 1275 ἁγίου
3416 1208 3731 1278 Πνεύματος
3766 1214 3881 1262 υἱο-

2312 1303 2526 1362 θεσίας⁶
2570 1299 2754 1371 ὥσπερ
2783 1303 2902 1354 οὐδὲ
2941 1301 3033 1352 τοῦ
3075 1301 3138 1352 δι’
3174 1299 3331 1351 ἄλλου
3377 1303 3519 1364 τινος
3552 1301 3884 1369 γεγενῆσθαι

2311 1395 2456 1464 ἡμᾶς
2476 1391 2636 1444 αὑτοῦ
2667 1394 2936 1462 κτίσματα
2956 1408 2968 1420 °
3006 1391 3177 1443 καίτοι
3215 1407 3274 1456 γε
3300 1392 3468 1446 πολλὰ
3498 1392 3602 1444 τῶν
3648 1391 3886 1459 κτισμά-

2311 1501 2416 1536 των
2450 1483 2566 1534 οὐδὲ
2613 1484 2672 1534 τὸ
2704 1484 2802 1553 τῆς
2851 1482 3117 1544 υἱοθεσίας
3156 1481 3366 1552 πνεῦμα
3407 1485 3564 1552 φύσιν
3587 1482 3701 1552 ἔχει
3733 1481 3887 1550 δέχε-

2314 1575 2453 1637 σθαι,
2479 1575 2554 1637 ὡς
2583 1577 2646 1628 τὰ
2674 1577 2838 1643 ἄλογα
2868 1574 2956 1627 καὶ
2977 1574 3042 1626 τὰ
3076 1575 3271 1643 ἄψυχα.
3310 1575 3369 1625 Εἰ
3398 1578 3575 1645 ἡμεῖς,
3607 1574 3886 1641 κτίσματα

2310 1667 2479 1727 ὄντες,
2513 1665 2602 1717 διὰ
2659 1668 2754 1737 τῆς
2783 1666 2874 1718 τοῦ
2910 1665 3059 1732 ἁγίου
3109 1665 3418 1734 Πνεύματος
3462 1669 3732 1728 υἱοθεσίας
3779 1666 3885 1716 υἱοὶ

650 1767 850 1816 sumus,
877 1768 970 1820 per
992 1754 1223 1822 Spiritus
1245 1759 1416 1810 sancti
1445 1759 1782 1826 adoptionem
1807 1759 2066 1814 ellicitnur
2098 1762 2209 1824 lilii,

2323 1756 2590 1826 γινόμεθα,
2624 1758 2952 1824 λεγέτωσαν,
2983 1759 3031 1810 εξ
3068 1760 3156 1810 καὶ
3185 1761 3211 1810 6
3243 1757 3367 1820 Υἱὸς
3393 1761 3596 1831 κτίσμα
3627 1760 3764 1820 ἐστὶ,
3797 1758 3886 1809 διὰ

648 1845 825 1897 dicant
852 1846 893 1897 si
920 1844 1086 1900 Filius
1122 1849 1280 1901 etiam
1311 1860 1558 1903 creatura
1587 1861 1688 1910 est.
1715 1867 1808 1919 per
1834 1867 1993 1920 quem
2025 1854 2075 1905 in
2110 1853 2211 1904 Pa-

651 1937 748 1988 ttis
796 1937 1132 2004 adoptionem
1183 1942 1540 2009 pervenerit?
1589 1943 1643 1995 Si
1677 1960 2008 2012 quaecunque
2058 1945 2216 1997 habet

651 2026 830 2086 Pater.
860 2029 974 2082 Filii
1005 2045 1217 2099 quoque
1241 2045 1381 2094 sunt,
1403 2049 1502 2086 nec
1534 2035 1824 2104 quidquam
1857 2038 2014 2091 habet
2039 2036 2211 2099 Pater,

650 2130 844 2184 piteter
877 2133 938 2171 ea
969 2137 1086 2188 quae
1115 2138 1208 2189 per
1234 2122 1427 2176 Filium
1458 2123 1592 2176 facta
1621 2135 1766 2188 sunt,
1801 2127 1898 2178 tisi
1924 2125 2214 2178 secundum

651 2224 762 2270 eos,
787 2211 956 2277 ipsum
983 2213 1151 2265 solum
1176 2231 1187 2274 ;
1215 2213 1374 2265 etiam
1404 2217 1517 2281 ipse
1546 2218 1778 2284 seips‘um
1810 2219 2004 2270 habere
2032 2217 2210 2270 debet:

653 2303 792 2368 quod
824 2302 934 2355 ﬁeri
966 2320 1066 2355 non
1113 2316 1307 2372 potest.
1337 2307 1392 2360 Si
1427 2307 1601 2375 imago
1633 2309 1850 2360 omnino
1885 2309 2077 2360 similis
2109 2321 2210 2371 est,

652 2402 812 2460 prout
845 2395 1019 2461 imago
1055 2409 1134 2449 est
1163 2399 1356 2451 Filius:
1385 2410 1626 2449 creatura
1653 2409 1828 2450 autem
1864 2399 1994 2451 nihil
2024 2401 2216 2454 similis

653 2487 905 2548 creatori,
952 2489 1056 2542 imo
1108 2491 1159 2542 in
1219 2491 1469 2546 omnibus
1530 2490 1839 2557 dissimilis;
1883 2491 2047 2544 Filius
2094 2510 2215 2546 cum

656 2577 829 2648 imago
863 2584 932 2632 sit
966 2580 1160 2648 Patris,
1188 2596 1436 2638 creatura
1487 2584 1601 2652 ejus
1646 2600 1764 2638 esse
1796 2601 1899 2637 non
1937 2595 2129 2653 potest.
2162 2587 2217 2639 Si

654 2669 1070 2738 incorporeum,
1123 2692 1242 2728 cum
1293 2688 1547 2744 generat,
1603 2678 1911 2728 necessario
1964 2687 2217 2744 tanquam

654 2775 968 2830 corporeum
999 2775 1239 2831 generat,
1264 2768 1422 2818 etiam
1465 2781 1582 2818 cum
1616 2767 1779 2829 videt,
1819 2768 1983 2835 283
2019 2770 2218 2820 videbit

658 2861 911 2923 tanquam
937 2871 1165 2924 corpus;
1198 2868 1390 2910 etcum
1419 2857 1785 2923 audit,audiet
1818 2874 2068 2925 tauquam
2102 2874 2220 2912 cor-

659 2960 782 3013 pus,
811 2960 1128 3016 omnemque
1172 2949 1533 3016 Operationem
1571 2957 1821 3017 tanquam
1857 2967 2052 3017 corpus
2098 2967 2231 3018 opeJ

660 3037 868 3090 rabitur
899 3058 912 3092 :
943 3040 986 3092 si
1022 3056 1146 3094 vero
1187 3041 1299 3094 haec
1347 3057 1404 3095 se
1433 3040 1586 3094 aliter
1614 3040 1832 3104 habent,
1860 3045 2022 3094 etiam
2062 3058 2220 3110 gene-
2248 3077 2289 3134 Ο

661 3142 789 3180 rans
815 3129 972 3182 aliter
997 3132 1233 3196 profecto
1263 3132 1557 3201 generabit.
1581 3132 1732 3198 Quod
1756 3135 1878 3202 quis
1905 3150 2008 3190 noo
2037 3136 2214 3199 habet,

660 3217 710 3270 id
744 3219 860 3272 aliis
900 3219 1078 3286 largiri
1121 3237 1223 3272 non
1255 3236 1428 3288 potest
1464 3242 1476 3276 :
1507 3228 1551 3278 si
1587 3227 1749 3295 igitur
1781 3225 1945 3280 Filius
1974 3238 2217 3280 creatura

659 3317 714 3360 et
747 3323 933 3362 servus
953 3319 1054 3372 est,
1088 3309 1222 3363 alios
1249 3309 1445 3364 liberos
1489 3313 1666 3366 facere
1698 3329 1802 3366 non
1837 3323 2029 3382 potest.
2069 3314 2218 3378 Quod

661 3408 850 3450 natura
883 3399 1112 3453 medium
1159 3409 1242 3453 est
1287 3400 1428 3456 inter
1475 3403 1673 3471 aliqua,
1705 3414 1946 3458 extrema
1988 3416 2216 3472 utraque

660 3491 920 3560 contingit
958 3511 969 3545 :
997 3493 1219 3560 proinde
1261 3495 1306 3548 si
1351 3496 1440 3548 Dei
1478 3511 1540 3548 ac
1572 3496 1740 3549 nostri
1772 3497 2036 3549 mediator
2063 3495 2221 3550 Chri-

661 3591 779 3636 stus
831 3592 913 3637 est
964 3593 1184 3651 natura,
1221 3600 1325 3639 non
1380 3587 1674 3640 secundum
1727 3587 2219 3655 dispensationem,

666 3673 807 3726 Deus
835 3684 886 3726 et
913 3685 1160 3729 creatura
1213 3688 1398 3730 natura
1446 3676 1724 3744 conjuncta
1763 3686 1904 3731 sunt.
1956 3678 2010 3730 Si
2058 3678 2223 3732 Filius

665 3763 808 3819 Patri
837 3767 1025 3821 similis
1041 3778 1146 3832 est,
1173 3784 1276 3821 non
1311 3777 1485 3821 tamen
1512 3770 1804 3824 secundum
1832 3770 2221 3831 substantiam,

666 3859 935 3924 reliquum
989 3869 1070 3914 est
1119 3869 1175 3914 ut
1215 3861 1293 3914 vel
1349 3862 1548 3926 forma,
1582 3862 1665 3914 vel
1721 3862 2030 3929 operatione
2069 3878 2082 3913 :
2132 3863 2224 3914 sed

666 3948 838 4003 forma
872 3967 973 4006 non
1001 3961 1206 4021 potest;
1237 3955 1438 4008 nullum
1463 3956 1604 4008 enim
1641 3955 2009 4021 incorporeum
2044 3954 2093 4005 in
2120 3952 2228 4006 for-

668 4057 754 4092 ma
792 4051 910 4106 est;
945 4043 1026 4095 sin
1055 4058 1231 4098 autem
1258 4046 1585 4112 operatione,
1614 4054 1668 4099 et
1709 4045 1820 4112 ipse
1843 4044 1971 4097 nihil
1997 4044 2226 4097 alienum

667 4143 1101 4198 Operatusesset,
1123 4135 1216 4187 sed
1240 4135 1441 4201 aliquid
1470 4137 1573 4188 tale
1598 4136 1754 4203 quale
1781 4137 1893 4203 ipse
1926 4145 2029 4196 est,
2069 4135 2232 4203 siqui-

2313 1849 2456 1911 τίνος
2499 1851 2576 1912 είς
2613 1848 2878 1901 υἱοθεσίαν
2925 1849 3018 1902 τοῦ
3064 1849 3277 1918 Πατρὸς
3318 1851 3567 1917 ἐγένετο;
3603 1853 3667 1904 El
3706 1853 3887 1904 πάντα

2313 1940 2414 1992 ὅσα
2447 1940 2558 2009 ἔχει
2591 1942 2618 1991 6
2654 1939 2858 2008 Πατὴρ,
2901 1942 2992 1992 καὶ
3022 1942 3112 1993 τοῦ
3148 1941 3278 1992 Υἱοῦ
3327 1943 3492 2007 ἐστιν,
3522 1944 3674 1995 οὐδὲν
3711 1944 3764 1996 δὲ
3811 1943 3885 2012 (4)

2316 2031 2427 2102 ἔχει
2461 2033 2489 2084 6
2513 2031 2698 2100 Πατὴρ
2738 2031 2903 2100 χωρίς
2933 2031 3040 2084 τῶν
3068 2031 3152 2082 διὰ
3183 2030 3276 2082 τοῦ
3305 2031 3430 2082 Υίοῦ
3465 2033 3795 2099 γενομένων,
3840 2037 3886 2084 εἰ

2320 2126 2414 2195 μὴ,
2469 2125 2584 2177 κατ’
2638 2123 2852 2186 αὐτοὺς,
2905 2125 3067 2177 αὑτὸν
3113 2125 3304 2194 μόνον·
3358 2125 3450 2177 καὶ
3493 2124 3652 2185 αὐτὸς
3697 2125 3886 2175 ἑαυτὸν

2317 2220 2462 2288 ἔχειν
2508 2217 2739 2286 ὀφείλεγ
2775 2218 2909 2287 ὅπερ
2952 2219 3225 2273 ἀδύνατον.
3274 2219 3333 2271 Ei
3370 2221 3401 2288 ἡ
3459 2217 3621 2271 εἰκὼν
3671 2218 3887 2278 πάντως

2316 2311 2496 2379 ὁμοία,
2530 2307 2807 2359 καθοτιοῦν
2845 2309 2919 2374 (5)
2947 2312 2972 2361 6
3005 2311 3117 2372 υἱός
3145 2312 3289 2362 ἐστιν
3324 2310 3483 2362 είκὼν
3506 2329 3518 2339 ·
3551 2314 3584 2379 ἡ
3623 2311 3678 2363 δὲ
3713 2309 3887 2369 κτίσις

2318 2403 2433 2452 κατ’
2454 2400 2603 2450 οὐδὲν
2635 2399 2790 2466 ὁμοία
2821 2400 2896 2467 τῷ
2925 2402 3186 2460 κτίσαντι,
3219 2401 3350 2452 ἀλλὰ
3385 2401 3524 2453 κατὰ
3572 2402 3750 2454 πάντα
3791 2399 3886 2450 ἀν-

2319 2495 2530 2562 όμοιοςο
2574 2490 2732 2542 εἰκὼν
2755 2490 2827 2543 ὢν
2852 2492 2942 2542 τοῦ
2968 2493 3176 2561 Πατρὺς
3203 2495 3228 2543 6
3253 2493 3396 2554 Υἱὸς,
3439 2493 3535 2543 οὐκ
3561 2493 3625 2544 ἂν
3652 2491 3738 2561 εἴη
3774 2491 3886 2542 κτί-

2321 2601 2402 2647 σις
2428 2582 2610 2636 αὑτοῦ.
2647 2583 2705 2633 Εἰ
2721 2583 2779 2633 τὸ
2801 2583 3105 2650 ἀσώματον,
3130 2582 3350 2650 γεννῶν,
3385 2584 3597 2654 ἀνάγκῃ
3628 2585 3706 2644 ὡς
3730 2584 3887 2650 σῶμα

2318 2673 2480 2741 γεννᾷ
2499 2688 2512 2700 '
2547 2671 2642 2724 καὶ
2671 2669 2882 2739 βλέπον,
2911 2673 2984 2734 ὡς
3010 2672 3164 2741 σῶμα
3200 2672 3377 2741 βλέψει
3408 2673 3480 2741 (6)
3501 2689 3515 2701 ⁸
3546 2674 3640 2723 καὶ
3671 2671 3887 2734 ἀκοῦον,

2319 2763 2393 2824 ὡς
2429 2763 2585 2831 σῶμα
2616 2761 2872 2814 ἀκούσειο
2912 2764 3002 2814 καὶ
3050 2765 3227 2815 πᾶσαν
3265 2763 3539 2832 ἐνέργειαν
3593 2762 3670 2824 ὡς
3734 2761 3888 2830 σῶμα

2318 2855 2632 2923 ἐνεργήσει·
2675 2857 2722 2904 εἰ
2757 2854 2811 2905 δὲ
2855 2854 3027 2906 ταῦτα
3062 2856 3279 2924 ἑτέρως,
3324 2856 3415 2906 καὶ
3449 2852 3652 2920 γεννῶν
3689 2853 3887 2921 ἑτέρως

2318 2944 2557 3013 δηλονότι
2610 2947 2876 3014 γεννήσει.
2941 2949 3002 2996 "0
3035 2947 3192 3008 αὐτὸς
3229 2963 3307 3007 τις
3357 2947 3453 2997 οὐκ
3499 2945 3629 3012 ἔχει,
3685 2945 3890 3013 ἑτέροις

2323 3036 2638 3107 χαρίζεσθαι
2671 3038 2728 3088 οὖ
2773 3036 3026 3088 δύναται·
3057 3041 3103 3088 εί
3149 3033 3240 3088 οὖν
3281 3038 3479 3104 κτίσμα
3519 3037 3613 3087 καὶ
3654 3035 3838 3093 δοῦλος
3863 3036 3890 3084 ὁ

2327 3129 2469 3193 Υἱὸς,
2513 3127 2822 3199 ἐλευθέρους
2854 3128 3043 3190 ἄλλους
3070 3130 3241 3179 ποιεῖν
3273 3127 3332 3177 οὐ
3355 3127 3571 3178 δύναται
3626 3127 3700 3176 Τὸ
3736 3125 3888 3190 φύσει

2331 3220 2490 3290 μέσον
2521 3219 2678 3271 τινῶν
2714 3219 2983 3290 ἑκατέρων
3014 3216 3120 3268 τῶν
3146 3215 3328 3286 ἄκρων
3357 3216 3657 3283 ἐφάπτεται
3685 3229 3699 3240 ο
3727 3215 3774 3263 εί
3799 3208 3890 3264 οἷν

2328 3311 2483 3379 φύσει
2523 3312 2744 3380 μεσίτης
2791 3310 3019 3380 Χριστὸς
3063 3307 3195 3359 Θεοῦ
3229 3309 3322 3360 καὶ
3351 3307 3522 3377 ἡμῶν,
3563 3305 3656 3354 καὶ
3684 3303 3746 3354 οὗ
3776 3304 3890 3354 κατ’

2327 3405 2658 3474 οἰκονομίαν,
2705 3405 2858 3472 φύσει
2893 3405 2970 3472 (7)
3013 3405 3279 3472 συνῆπται
3312 3404 3440 3463 Θεὸς
3469 3401 3559 3452 καὶ
3601 3398 3794 3460 κτίσις.
3833 3400 3894 3450 Ei.

2327 3497 2509 3564 ὅμοιός
2555 3499 2699 3548 ἐστιν
2769 3499 2796 3548 6
2820 3496 2944 3558 Υἱὸς
2975 3495 3051 3565 τῷ
3080 3497 3272 3565 Πατρὶ,
3321 3495 3379 3545 οὔ
3419 3493 3537 3543 κατ’
3595 3491 3785 3542 ουσίαν
3817 3490 3893 3550 δὲ,

2328 3585 2571 3638 λείπεται
2619 3588 2650 3656 ἢ
2702 3587 2840 3640 κατὰ
2879 3589 3109 3658 μορφὴν,
3151 3587 3181 3656 ἢ
3235 3586 3351 3638 κατ’
3391 3583 3666 3653 ἐνέργειαν
3696 3599 3708 3610 ·
3762 3581 3895 3634 ἀλλὰ

2332 3681 2510 3747 μορφῇ
2550 3677 2624 3747 (8)
2677 3678 2774 3748 μὲν
2823 3678 3077 3732 ἀδύνατον
3135 3677 3304 3745 (οὐδὲν
3356 3675 3463 3744 γὰρ
3517 3672 3807 3742 ἀσώματον
3841 3675 3896 3725 ἐν

2331 3772 2530 3840 μορφῇ)
2558 3790 2571 3801 ·
2603 3773 2650 3822 εἰ
2684 3771 2738 3822 δὲ
2766 3772 2884 3823 κατ’
2917 3771 3220 3840 ἐνέργειαν,
3251 3769 3348 3818 οὐκ
3383 3766 3444 3820 ἂν
3479 3766 3572 3818 καὶ
3613 3765 3775 3828 αὐτὸς
3807 3765 3896 3817 ἁλ-

2327 3859 2466 3911 λοῖὁν
2494 3878 2565 3920 τι,
2619 3862 2751 3913 ἀλλὰ
2781 3861 3016 3912 τοιοῦτον
3044 3853 3152 3909 οἷον
3209 3857 3369 3918 αὑτός
3399 3858 3543 3908 ἐστιν
3598 3857 3898 3924 ἐνήργησεν

2330 3952 2415 4014 ἂν,
2457 3952 2613 4023 εἴπερ
2644 3953 2850 4020 ποίημα
2881 3950 2972 4002 τοῦ
3003 3950 3230 4019 Πατρὺς,
3272 3950 3363 4001 καὶ
3391 3949 3450 4000 οὐ
3482 3949 3750 4017 γέννημα.
3779 3949 3898 3999 Ἃ).-

2330 4043 2436 4107 λως
2467 4044 2523 4095 δέ
2550 4046 2642 4096 καί
2670 4044 3007 4115 προείρηται,
3036 4042 3127 4094 καὶ
3155 4042 3291 4094 κατὰ
3312 4041 3588 4112 ἐνέργειαν
3616 4043 3818 4109 ὅμοιον,
3845 4042 3896 4105 ἐξ

2335 4137 2580 4205 ἀνάγκης
2610 4137 2703 4188 καὶ
2738 4135 2854 4187 κατ’
2882 4134 3067 4185 οὐσίαν
3096 4134 3278 4202 ὅμοιον
3307 4128 3464 4184 εἶναι.

671 4229 789 4280 dem
846 4226 1049 4283 factura
1106 4239 1187 4283 est
1238 4230 1450 4292 Patris,
1490 4247 1590 4284 non
1640 4231 1906 4298 genitura.
1961 4231 2227 4285 Prteterea
2267 4235 2426 4289 etiam
2466 4243 2588 4286 ante
2622 4234 2819 4287 dictum
2848 4243 2950 4295 est,
2999 4231 3140 4299 quod
3173 4231 3483 4297 operatione
3549 4227 3729 4282 simile
3794 4235 3874 4278 est

672 4322 721 4373 ίιΙ
771 4337 982 4392 quoque
1015 4325 1304 4378 secundum
1334 4324 1690 4377 substantiam
1719 4327 2026 4376 necessario
2053 4326 2331 4380 consimile
2356 4342 2496 4379 esse.

741 4413 794 4466 3.
818 4413 871 4466 Si
895 4415 984 4468 Dei
1013 4429 1171 4483 opera
1195 4418 1246 4468 itt
1277 4416 1378 4469 lide
1403 4432 1506 4469 non
1528 4418 1578 4469 iu
1609 4417 2066 4469 demonstratione
2089 4429 2232 4483 sunt,
2267 4424 2314 4479 1)

677 4507 973 4558 secundum
1002 4507 1250 4560 Davidetu
1287 4509 1376 4577 qui
1403 4510 1535 4561 dixit
1564 4526 1576 4559 :
1614 4506 1679 4559 Et
1712 4509 1885 4559 omnia
1935 4524 2091 4574 opera
2118 4509 2231 4576 ejus

675 4598 729 4650 in
764 4598 865 4664 ﬁde
896 4599 941 4628 ⁸⁸
973 4617 984 4651 :
1019 4610 1219 4666 quanto
1248 4601 1414 4669 magis
1435 4599 1554 4653 Filii
1589 4610 1713 4654 ante
1755 4601 1945 4652 saecula
1979 4617 2038 4652 ex
2079 4601 2234 4653 Patre

676 4692 950 4757 generatio
979 4692 1027 4743 in
1062 4692 1184 4755 lide,
1210 4708 1313 4746 non
1350 4695 1401 4744 in
1437 4693 1894 4745 demonstratione
1923 4702 2008 4744 est
2038 4690 2138 4744 ?Si
2169 4707 2234 4745 ex

674 4782 844 4836 nihilo
879 4783 1018 4837 Deus
1053 4783 1243 4836 Filium
1275 4784 1420 4850 fecit,
1441 4795 1492 4837 et
1515 4784 1681 4838 Filius
1710 4799 1772 4838 ex
1820 4784 1985 4837 nihilo
2004 4793 2230 4847 cuncta;

753 5025 797 5064 ⁷⁸
830 5023 988 5078 Joan.
1021 5040 1148 5088 xvn,
1179 5023 1268 5079 10.
1378 5026 1423 5056 ⁷⁹
1455 5025 1583 5078 ibid.
1660 5027 1706 5057 ⁸⁸
1737 5026 1877 5080 Psal.
1918 5042 2088 5090 χχιιι,
2119 5025 2170 5080 4.

746 5222 823 5292 (5)
859 5223 1065 5292 Κιιὶίοὺ
1089 5221 1275 5289 χρεία,
1307 5230 1402 5275 etc.
1437 5219 1613 5282 Verte.
1659 5237 1747 5274 nec
1792 5237 1920 5288 opus
1961 5230 2033 5273 est
2089 5220 2232 5272 nobis

677 5310 757 5358 ea,
787 5303 894 5345 etc.
935 5291 1146 5345 Munus.

768 5362 824 5431 Δ)
854 5361 1106 5431 Voculam
1129 5362 1185 5414 δέ
1210 5377 1274 5415 ex
1300 5362 1575 5416 veteribus
1600 5361 1750 5414 libris
1780 5360 2102 5413 addidimus.

749 5429 825 5501 (5)
863 5431 958 5486 Hic
1014 5430 1067 5483 in
1129 5433 1365 5485 editione
1433 5432 1718 5486 Parisiensi
1788 5431 1984 5493 legitur
2045 5429 2233 5482 καθότι

678 5499 938 5556 οὖνζδθά
997 5502 1218 5555 Duca‘us
1261 5501 1412 5571 Regii
1469 5501 1550 5554 sui
1610 5502 1730 5554 libri
1779 5501 1941 5571 fidem
1997 5511 2232 5563 secutus,

681 5583 827 5626 recte
852 5570 1402 5641 iudicavitllegenduin
1421 5587 1540 5625 esse
1553 5570 1854 5624 καθοτιοῦν.
1890 5571 2089 5641 Ibidem
2103 5571 2232 5630 Reg.

682 5644 872 5696 tertius
901 5641 1080 5696 εἰκών.
1107 5640 1261 5694 Είδέ
1286 5641 1461 5704 κτίσις
1483 5644 1602 5694 κατ’
1630 5642 1780 5694 οὐδὲν
1805 5641 2001 5709 ὁμοίως
2025 5640 2103 5709 τῷ
2129 5641 2237 5691 κτί-

681 5728 856 5776 σαντι,
890 5712 1023 5764 ἀλλὰ
1059 5711 1197 5764 κατὰ
1228 5711 1400 5765 πάντα
1431 5712 1695 5780 ἀνομοίως
1722 5711 1900 5764 εἰκών.

754 5782 831 5852 (6)
863 5783 999 5838 Editi
1044 5791 1099 5838 et
1138 5798 1269 5838 mss.
1308 5782 1546 5838 nonnulli
1593 5782 1796 5851 βλέπει.
1841 5780 1942 5836 Alii
1967 5793 2075 5837 tres
2106 5795 2232 5836 mss.

2408 4421 2460 4471 5.
2488 4420 2548 4470 Ei
2577 4419 2642 4469 τὰ
2672 4418 2804 4486 ἔργα
2836 4415 2926 4469 τοῦ
2951 4415 3082 4467 Θεοῦ
3116 4417 3172 4465 ἐν
3205 4415 3400 4473 πίστει,
3437 4411 3528 4462 καὶ
3555 4412 3652 4462 οὐκ
3685 4412 3744 4462 ἐν
3776 4413 3897 4462 ἁπο-

2337 4510 2517 4572 δείξει,
2554 4509 2692 4561 κατὰ
2723 4509 2808 4560 τὸν
2837 4506 3000 4559 Δαὸὶδ
3026 4506 3117 4558 τὸν
3165 4505 3381 4557 εἰπόντα
3402 4520 3413 4532 ·
3448 4503 3554 4556 Kal
3595 4502 3791 4554 πάντα
3834 4503 3899 4553 τὰ

2339 4601 2478 4667 ὲῇογα
2521 4599 2706 4654 αὑτοῦ
2749 4601 2819 4652 ἐν
2855 4600 3090 4651 πίστει·
3137 4599 3284 4665 πόσῳ
3323 4595 3518 4665 μᾶλλον
3562 4596 3595 4664 ἡ
3634 4593 3728 4647 τοῦ
3776 4593 3896 4645 rio-3

2337 4691 2442 4759 πρὸ
2495 4690 2705 4742 αἰώνων
2741 4691 2804 4741 ὲκ
2839 4687 3049 4758 Πατρὸς
3087 4688 3334 4754 γέννησις
3376 4687 3432 4736 ἐν
3455 4686 3656 4739 πίστει,
3695 4686 3787 4736 καὶ
3808 4686 3896 4734 οὐκ

2332 4783 2388 4835 ἐν
2411 4779 2679 4845 ἀποδείξει
2703 4798 2716 4847 ;
2749 4781 2810 4833 Εἰ
2840 4779 2898 4844 ἐξ
2921 4781 3019 4832 οὐκ
3051 4779 3216 4832 ὄντων
3243 4779 3269 4830 6
3297 4776 3427 4838 Θεὸς
3454 4776 3543 4829 τὸν
3563 4775 3690 4828 Υίὸν
3724 4776 3898 4844 ἐποίη-

2345 5215 2551 5286 βλέψει.
2597 5212 2706 5266 Nec
2741 5212 2815 5264 ita
2851 5209 3021 5264 multo
3075 5218 3196 5277 post
3237 5221 3365 5260 mss.
3413 5206 3518 5261 duo
3548 5206 3789 5276 δηλονότι
3816 5204 3898 5258 καὶ

2379 5302 2498 5338 εννη
2509 5302 2610 5338 σει.

2340 5287 2659 5426 γὺἴζῖιῗᾶίιί
2689 5351 2831 5426 ἀλλα
2851 5351 3027 5419 φύσει.
3059 5351 3172 5404 Vox
3199 5347 3334 5426 ἀλλά
3376 5347 3428 5399 in
3458 5350 3668 5426 nostris
3706 5354 3896 5426 septem

2343 5413 2483 5479 mss:
2515 5428 2699 5494 deest;
2733 5434 2786 5477 et
2822 5413 2891 5476 ita
2922 5435 3138 5494 quoque
3162 5419 3362 5494 saepius
3389 5432 3489 5470 vox
3523 5417 3612 5468 sed
3646 5413 3782 5494 apud
3805 5413 3899 5466 La-

2344 5499 2487 5548 tinos
2516 5487 2789 5562 eleganter
2829 5487 3115 5562 omnium.
3154 5487 3212 5543 Si
3259 5497 3480 5552 natura,
3515 5501 3620 5538 non
3643 5487 3899 5552 dispensa-

2341 5567 2477 5619 tione
2504 5561 2757 5616 nted’iator
2779 5571 2851 5614 est
2876 5561 3133 5615 Christus.

2414 5635 2491 5704 (8)
2518 5634 2734 5701 Antiqui
2760 5645 2877 5705 tres
2907 5631 3026 5705 li_bri
3053 5627 3452 5705 ᾁλλὰ-μορφήν.
3478 5624 3766 5705 Aliquanto
3788 5634 3899 5701 post

2344 5695 2481 5788 "35‘s.
2501 5714 2610 5761 tres
2640 5695 2878 5757 τοιοῦτον
2901 5695 3030 5764 οἷος.
3056 5701 3158 5755 Alii
3181 5695 3284 5754 duo
3301 5712 3427 5752 mss.
3451 5705 3503 5751 ct
3528 5695 3659 5751 editi
3677 5695 3900 5747 τοιοῦτον

2343 5793 2473 5828 οιον.
