4078 6316
163 387 277 442 695

1257 384 1632 443 ADVERSUS
1674 381 2044 440 EUNOMIL'M
2078 377 2205 432 LIB.
2251 375 2337 431 iV.

3291 369 3394 424 604

166 518 254 568 σε,
287 501 378 554 καὶ
405 501 433 552 6
472 500 601 563 Υἱὸς
638 501 693 552 δὲ
730 497 788 564 ἐξ
831 500 929 553 οὐκ
974 501 1138 553 ὄντων
1173 499 1239 552 τὰ
1285 502 1458 553 πάντα
1481 519 1492 530 ·
1539 502 1572 570 ἡ
1600 498 1736 570 αὐτὴ

1840 496 2024 552 eadem
2053 493 2290 562 potentia
2326 497 2378 543 et
2405 484 2647 556 operatio
2672 494 2752 539 est
2780 499 2986 549 eorum,
3018 483 3105 551 qui
3137 496 3199 538 ex
3228 483 3395 537 nihilo

161 593 395 662 δύναμις
427 592 518 643 καὶ
549 591 795 662 ἐνέργεια
829 591 936 644 τῶν
969 590 1028 653 ἐξ
1063 591 1160 642 οὐκ
1199 590 1365 642 ὄντων
1400 592 1426 642 ὃ
1460 590 1732 660 βούλονται

163 659 517 753 δημιουργεῖν
572 659 899 752 δυναμένων,
931 680 1161 751 οὐδαμοῦ
1197 681 1296 750 τῆς
1339 659 1596 752 διαφορᾶς
1626 681 1733 733 τῶν

164 773 680 844 δημιουργουμένων
712 773 1101 842 σκοπουμένης.
1166 772 1316 824 Ἐπεὶ
1353 773 1445 824 καὶ
1491 771 1590 841 τῆς
1619 770 1735 823 κτί-

167 879 310 924 σεως
340 864 395 915 ὲν
423 862 634 923 πολλοῖς
675 859 813 913 κατὰ
844 859 1013 912 πολλὰ.
1047 860 1300 930 διαφόρου
1341 859 1731 929 τυγχανούσης,

163 954 235 1005 οὺ
269 953 507 1022 διάφοροι
527 954 575 1004 ol
620 952 960 1022 δημιουργοὶ,
1005 951 1118 1004 ἀλλ’
1139 948 1218 1014 εἷς
1241 953 1268 1002 6
1291 951 1435 1015 Υἱὸς,
1480 951 1543 1003 δι’
1574 943 1634 1002 οὗ
1668 949 1736 1000 τὰ

167 1045 351 1098 πάντα
377 1045 611 1112 ἐγένετο.
648 1044 710 1095 Εἰ
731 1043 841 1095 τῶν
863 1043 920 1105 ἐξ
946 1045 1043 1097 οὐκ
1068 1043 1233 1096 ὄντων
1263 1043 1474 1114 πρῶτον
1502 1043 1574 1112 (9)
1599 1041 1734 1094 Θεοῦ

166 1137 381 1206 ποίημα
418 1140 446 1190 ὁ
476 1137 724 1205 Χριστὸς,
776 1138 867 1189 καὶ
908 1135 1049 1189 οὓτω
1093 1137 1436 1198 πιστεύοντες
1464 1134 1609 1204 αὐτῷ
1641 1134 1735 1186 λα-

162 1227 452 1297 τρεύουσιν
510 1225 805 1296 Ἀρειανοί·
864 1225 985 1278 Ἰὼϐ
1037 1226 1092 1279 δὲ
1131 1227 1344 1298 πρῶτον
1391 1227 1595 1296 ποίημα
1624 1225 1732 1293 (10)

161 1318 304 1370 Θεοῦ
337 1317 425 1368 τὸν
452 1316 691 1370 διάϐολον
724 1317 869 1385 λέγει
900 1315 1069 1369 εἰπών
1099 1334 1110 1341 ο
1147 1317 1325 1371 Τοῦτό
1346 1317 1474 1370 ἐστι
1503 1314 1737 1384 πρῶτον

159 1408 329 1476 ἀρχὴ
356 1407 703 1477 πλάσματος
735 1410 955 1476 Κυρίου
979 1425 990 1438 ·
1037 1407 1352 1461 λανθάνουσι
1389 1406 1466 1477 τῷ
1508 1405 1736 1475 διαϐόλῳ

159 1501 534 1572 λατρεύοντες,
567 1505 661 1557 καὶ
692 1504 812 1574 οὐχ),
852 1504 928 1574 τῷ
975 1505 1086 1574 Υἱῷ
1121 1504 1213 1556 τοῦ
1250 1503 1379 1557 Θεοῦ
1418 1504 1547 1574 (11).
1589 1505 1652 1556 Εἰ
1682 1504 1738 1556 δὲ

159 1593 267 1644 τοῦ
306 1593 433 1646 Υῐοῦ
469 1595 578 1664 (ιε)
613 1596 673 1648 τὸ
727 1597 936 1666 πρῶτον
986 1598 1144 1648 αὑτὸν
1190 1596 1466 1668 εἰρηκέναι
1524 1598 1737 1667 ποίημα.

159 1682 432 1748 λέξουσιν,
460 1685 638 1737 οὐκέτι
672 1685 878 1756 ποίημα
907 1686 966 1737 τὺ
1002 1683 1225 1754 Πνεῦμα
1264 1686 1383 1737 κατ’
1417 1687 1612 1750 αὐτοὺς
1643 1686 1736 1738 τοῦ

161 1773 398 1844 Κυρίου,
431 1775 462 1843 ἢ
503 1775 595 1826 καὶ
633 1776 769 1844 μετὰ
792 1776 879 1828 τὸν
915 1775 1154 1829 διάϐολον
1185 1777 1470 1847 γενόμενον
1515 1778 1739 1848 εὑρεθή-

1833 585 2091 658 quidquid
2113 584 2295 637 volunt
2317 595 2503 634 creare
2520 587 2765 646 possunt,
2788 591 2906 629 cum
2933 591 3192 642 nusquam
3217 588 3396 628 rerum

1835 688 2142 734 creatarum
2180 673 2546 742 conspiciatur
2585 668 2906 724 differentia.
2942 667 3048 721 Etsi
3083 669 3224 720 enim
3251 681 3400 721 crea-

1837 782 1953 827 tura
1980 772 2031 824 in
2064 769 2242 822 multis
2274 763 2555 833 multiplici
2596 763 2803 816 ratione
2837 759 3044 813 diversa
3066 767 3166 820 est,
3189 772 3292 810 non
3311 765 3396 809 ta-

1837 877 1960 918 men
1983 860 2175 914 diversi
2213 867 2339 913 snnt
2370 855 2606 923 opiﬁces,
2628 853 2720 907 sed
2757 868 2894 906 unus
2929 850 3222 916 Filius,per
3237 863 3397 916 quem

1837 956 2015 1010 omnia
2042 953 2179 1005 facta
2203 959 2348 1004 sunt.
2381 946 2435 1000 Si
2467 947 2515 999 in
2541 946 2605 998 iis
2643 958 2760 1013 quae
2789 958 2854 996 ex
2881 941 3048 994 nihilo
3082 940 3222 992 facta
3249 946 3394 1000 sunt,

1836 1046 2009 1114 prima
2067 1043 2160 1097 Dei
2189 1041 2392 1095 factura
2441 1037 2690 1092 Christus
2747 1043 2849 1094 est,
2898 1041 2951 1085 et
2992 1031 3070 1085 sic
3115 1030 3397 1083 credentes

1835 1136 2023 1190 Ariani
2044 1136 2213 1202 ipsum
2243 1131 2444 1193 colunt,
2466 1139 2521 1182 et
2541 1127 2642 1181 Job
2660 1124 2934 1178 diabolum
2956 1122 3182 1191 primam
3203 1119 3294 1172 Dei
3320 1120 3399 1172 fa-

1837 1239 2044 1280 cturam
2078 1224 2231 1286 dixit,
2255 1222 2344 1276 ubi
2371 1222 2442 1273 ait
2471 1238 2482 1272 :
2511 1219 2624 1272 Hoc
2640 1219 2866 1285 primum
2885 1224 2958 1268 est
2987 1214 3129 1281 origo
3164 1211 3399 1280 ﬁgmenti

1836 1317 2048 1371 Domini
2069 1317 2136 1379 ⁸¹,
2171 1314 2471 1368 nescientes
2501 1310 2683 1364 colunt
2725 1308 3015 1370 diabolum,
3047 1319 3148 1356 non
3191 1304 3281 1356 Dei
3312 1301 3402 1355 Fi-

1836 1406 1985 1460 lium.
2009 1406 2065 1459 Si
2092 1419 2221 1458 vero
2246 1403 2437 1457 dicturi
2467 1409 2591 1454 sunt
2619 1414 2736 1452 eum
2758 1398 2823 1450 de
2851 1398 3020 1465 prima
3043 1391 3162 1446 Filii
3194 1392 3401 1446 factura

1837 1499 2073 1554 locutum
2110 1497 2294 1559 fuisse,
2319 1509 2424 1549 non
2471 1491 2697 1561 amplius
2727 1490 3020 1544 secundum
3058 1488 3200 1554 ipsos
3231 1483 3402 1552 Spiri-

1839 1602 1925 1646 tus
1943 1602 2023 1645 est
2045 1590 2252 1643 Domini
2290 1589 2519 1651 factura,
2554 1586 2748 1652 quippe
2778 1592 2896 1652 post
2921 1579 3189 1634 diabolum
3223 1577 3402 1629 factus

1838 1684 2157 1738 invenietur.
2194 1680 2252 1735 Si
2287 1680 2417 1734 ﬁdes
2460 1678 2512 1730 in
2545 1675 2735 1730 Filium
2767 1682 2970 1737 nostra,
2997 1686 3131 1738 Opus
3167 1677 3251 1723 est
3307 1667 3400 1720 Dei

1841 1774 1980 1845 (Hoc
2017 1775 2174 1838 enim,
2205 1771 2396 1841 inquit,
2425 1787 2551 1838 apus
2576 1779 2649 1822 est
2687 1749 2811 1832 Dei,
2845 1776 2899 1819 ut
2927 1763 3150 1818 credatis
3189 1763 3246 1812 in
3283 1776 3402 1812 eum

164 1883 342 1921 σεται.
376 1869 437 1920 Εἰ
471 1869 502 1937 ἡ
530 1868 707 1930 πίστις
735 1868 889 1938 ήμῶν
937 1871 968 1939 ὴ
1006 1871 1084 1932 εὶς
1126 1869 1218 1921 τὸν
1245 1845 1370 1922 Υἱδν
1421 1845 1593 1941 ἔργον-
1620 1845 1736 1921 ἐστὶ

1840 1884 1990 1938 quem
2032 1867 2119 1919 ille
2144 1866 2285 1917 misit
2313 1865 2405 1933 ⁸³),
2450 1864 2561 1931 ipse
2597 1860 2690 1913 Dei
2727 1874 2861 1927 opus
2909 1871 3028 1911 esse
3071 1869 3172 1908 non
3206 1861 3399 1921 potest.

160 1957 265 2008 τοῦ
291 1957 421 2012 Θεοῦ
463 1958 667 2028 (Τοῦτο
720 1959 847 2027 γὰρ,
903 1961 1086 2031 φησὶν,
1131 1961 1262 2015 ἐστὶ
1290 1961 1355 2013 τὸ
1406 1960 1581 2029 ἔργα
1620 1959 1730 2014 τοῦ

1838 1959 1970 2014 Nam
1996 1960 2124 2013 ﬁdes
2158 1959 2210 2012 in
2244 1958 2440 2025 ipsum,
2473 1963 2526 2008 et
2564 1949 2698 2020 ipse,
2737 1967 2840 2004 non
2871 1950 3036 2004 idem.

165 2049 342 2112 Θεοῦ,
369 2051 467 2104 ἵνα
498 2049 812 2116 πιστεύητε
846 2049 954 2120 (15)
994 2053 1080 2116 εἰς
1140 2050 1212 2104 ὃν
1273 2049 1626 2105 ἀπέστειλεν
1687 2048 1955 2120 ἐκεῖνος),
2019 2048 2180 2111 αὐτὸς
2219 2046 2377 2117 ἔργον
2426 2043 2485 2097 οὐ
2524 2040 2743 2096 δύναται
2779 2036 2913 2092 εἶναι
2951 2037 3105 2090 Θεοῦ.
3154 2036 3229 2090 Οὐ
3269 2035 3400 2089 ταὺ-

159 2144 262 2196 τὸν
287 2143 398 2212 γὰρ
419 2147 450 2211 ἡ
484 2145 560 2204 εἰς
586 2141 744 2194 αὑτὸν
773 2142 953 2207 πίστις
981 2145 1070 2196 καὶ
1097 2145 1276 2206 αὐτός.

161 2237 277 2300 Εις
314 2233 378 2286 τὸ
409 2233 542 2300 (14),
575 2234 788 2286 «Ὅταν
813 2234 879 2286 δὲ
917 2234 1187 2303 ὑποταγῇ
1234 2233 1392 2299 αὐτῷ
1417 2236 1486 2288 τὰ
1516 2233 1731 2298 πάντα,

351 2303 481 2354 τότε
511 2303 606 2355 καὶ
632 2303 812 2368 αὐτὸς
842 2307 873 2357 ό
899 2305 1025 2370 Υἱὸς
1049 2304 1508 2374 ὑποταγήσεται.
1535 2323 1555 2356 ›

240 2395 305 2447 Εἰ
350 2394 542 2457 οεῖκῶς
574 2396 602 2446 6
643 2395 770 2457 Υἱὸς
806 2395 881 2463 τῷ
916 2397 1087 2465 Πατρὶ
1132 2396 1507 2459 ὑποτάσσεται,
1550 2395 1605 2460 ἐξ
1639 2396 1737 2464 ἀρ-

163 2487 272 2557 χῆς
307 2486 371 2539 ἂν
397 2487 727 2540 ὑποτέτακτο
775 2487 909 2554 (iii),
958 2487 1014 2551 ἐξ
1066 2482 1125 2540 οὗ
1161 2488 1255 2540 καὶ
1289 2488 1419 2550 Θεὸς
1440 2483 1527 2556 ἦν.
1589 2488 1652 2540 Εἰ
1681 2488 1738 2541 δὲ

163 2580 269 2647 οὐχ
321 2578 668 2642 ὑποτέτακτο,
726 2579 836 2631 ἀλλ’
894 2579 1116 2648 ὕστερον
1176 2581 1592 2649 ὑποταγήσεται,
1642 2583 1737 2633 ἀν-

165 2668 477 2738 Θρωττίνως,
511 2669 584 2730 ὡς
615 2669 753 2738 ὑπὲρ
796 2667 969 2737 ἡμῶν,
1000 2667 1092 2721 καὶ
1121 2667 1180 2720 οὺ
1211 2667 1406 2732 θεῖκῶς
1443 2669 1581 2737 ὑπὲρ
1613 2669 1738 2721 ἐαυ-

166 2775 267 2810 του
279 2798 292 2810 .

165 2851 281 2914 Εἰς
311 2848 398 2915 τὸ,
432 2867 451 2900 ι
481 2849 584 2903 Διὰ
621 2851 791 2904 τοῦτο
839 2851 1156 2920 ἐχαρίσατο
1189 2852 1345 2917 αὐτῷ
1375 2856 1406 2906 ὀ
1437 2851 1579 2918 Θεὸς
1607 2851 1739 2908 ὄνο-

553 2937 637 2987 μα
666 2921 728 2974 τὸ
762 2924 911 2988 ὑπὲρ
946 2921 1066 2974 πᾶν
1091 2924 1294 2988 ὄνομα.
1330 2941 1347 2968 ι

243 3013 309 3064 Εἰ
337 3012 473 3081 μετὰ
505 3012 599 3083 τὴν
637 3012 1063 3081 ὲνανορώπησιν,
1115 3011 1203 3062 διὰ
1234 3011 1332 3081 τὴν
1359 3012 1625 3079 ὑπακοὴν,
1674 3015 1736 3065 τὸ

167 3103 316 3171 ὑπὲρ
351 3103 456 3152 πᾶν
503 3102 670 3169 ὄνομα
721 3101 798 3167 τῷ
833 3102 941 3169 (16)
992 3100 1103 3171 Υἱῴ
1155 3099 1270 3171 Θεῴ
1320 3102 1431 3154 ὄντι
1469 3104 1496 3153 ὀ
1548 3104 1735 3175 Πατὴρ

169 3192 483 3262 ἐχαρίσατο,
546 3193 637 3243 καὶ
691 3193 835 3244 πᾶσα
882 3192 1099 3259 γλῶσσα
1139 3193 1578 3265 ἐξωμολογήσατο
1626 3197 1735 3267 (17)

168 3280 381 3351 Κύριον
401 3296 414 3309 ·
472 3280 574 3351 ’πρὸ
617 3281 713 3350 τῆς
745 3282 1206 3353 ἐνανθρωπήσεως
1251 3283 1373 3337 οὔτε
1404 3286 1463 3337 τὸ
1487 3286 1653 3357 ὁνομα
1679 3288 1738 3339 τὸ

170 3371 318 3438 ὑπὲρ
355 3371 460 3423 πᾶν
488 3369 658 3442 ὅνομα
693 3368 856 3442 εἶχεν,
891 3372 1012 3425 οὗτε
1059 3374 1209 3442 παρὰ
1238 3376 1451 3427 πάντων
1484 3375 1580 3446 τὴν
1610 3379 1739 3446 ὁμο-

1837 2230 1904 2284 In
1933 2227 2087 2292 illud,
2117 2245 2134 2276 ι
2158 2224 2287 2276 Cum
2317 2232 2486 2292 autem
2511 2220 2742 2292 subjecta
2770 2218 3033 2292 fuerint‘ei
3065 2217 3237 2269 omnia
3279 2226 3400 2269 tunc

2182 2303 2230 2345 et
2269 2295 2377 2361 ipse
2414 2287 3007 2356 Filius‘subjicietur”.
3036 2306 3054 2335 ›

1907 2387 1962 2441 Si
1988 2384 2277 2440 secundum
2305 2383 2556 2434 deitatem
2585 2379 2756 2432 Filius
2790 2377 2935 2430 Patri
2962 2376 3264 2443 subjicitur,
3296 2378 3398 2430 ini-

1838 2484 1913 2534 tio
1937 2481 2120 2548 utique
2149 2474 2423 2541 subjectus
2445 2483 2609 2537 esset,
2647 2487 2713 2526 ex
2753 2486 2856 2539 quo
2886 2479 2941 2523 et
2979 2471 3116 2522 Deus
3144 2468 3393 2522 erat.Sin

1837 2583 2016 2625 autem
2068 2584 2173 2623 non
2230 2565 2504 2635 subjectus
2546 2572 2686 2627 erat,
2731 2563 2823 2616 sed
2859 2561 3137 2628 subjicitur
3165 2570 3346 2628 postea
3380 2577 3394 2623 ;

1837 2663 2132 2718 secundum
2169 2657 2553 2711 humanitatem
2613 2665 2861 2721 tauquam
2916 2666 3013 2720 pro
3066 2653 3241 2717 nobis,
3292 2666 3397 2706 non

1836 2758 2124 2810 secundum
2153 2751 2404 2804 deitatem
2444 2762 2540 2814 pro
2568 2747 2860 2812 semetipso
2879 2742 3214 2810 subjicietnr.

1837 2847 2000 2921 289
2039 2845 2107 2899 In
2156 2842 2311 2905 illud,
2348 2859 2390 2921 ¢_
2426 2838 2708 2906 Propterea
2766 2836 2986 2904 largitus
3029 2833 3214 2921 esthilli
3263 2833 3398 2887 [1:113

2011 2933 2219 2977 nomen,
2253 2904 2390 2982 quod
2418 2921 2490 2963 est
2527 2904 2680 2975 super
2710 2921 2858 2958 omne
2888 2920 3072 2957 nomen
3102 2904 3166 2955 ⁸⁸.
3199 2922 3219 2954 ι

1908 3009 1963 3063 Si
1995 3017 2115 3074 post
2148 3002 2601 3063 incarnationem,
2629 3007 2843 3066 proliter
2876 2995 3256 3057 obedientiam,
3293 2992 3398 3047 Pa-

1839 3113 1922 3155 ter
1951 3100 2108 3162 Filio,
2138 3097 2229 3166 qui
2289 3097 2425 3148 Deus
2459 3100 2596 3155 erat,
2645 3104 2838 3142 nomen
2890 3088 3082 3157 quovis
3123 3087 3226 3140 alio
3258 3104 3394 3155 prie.

1837 3191 2065 3246 stantius
2099 3188 2358 3253 contulit,
2393 3185 2672 3251 omnisque
2712 3181 2886 3248 lingua
2922 3179 3161 3235 confessa
3191 3191 3270 3234 est
3300 3181 3403 3232 Do-

1838 3285 2080 3348 minum;
2132 3293 2255 3335 ante
2304 3279 2726 3335 incarnationem
2779 3290 2952 3343 neque
3005 3289 3199 3327 nomen
3255 3275 3399 3340 quod

1837 3391 1997 3445 super
2025 3389 2184 3429 omne
2213 3386 2402 3426 nomen
2433 3379 2515 3424 est
2531 3369 2597 3433 ⁸⁸,
2616 3368 2866 3430 habebat,
2889 3379 3061 3434 neque
3085 3380 3269 3418 omnes
3296 3365 3402 3417 Do-

167 3462 363 3531 λογίαν
390 3465 480 3516 τοῦ
516 3459 653 3519 εἶναι
683 3465 903 3536 Κύριος.
961 3466 1172 3530 Maiin
1199 3462 1290 3519 οὖν
1336 3467 1549 3534 ἐγένετο
1600 3469 1736 3538 μετὰ

1839 3469 2038 3520 minnm
2069 3481 2188 3518 eum
2220 3477 2339 3516 esse
2383 3459 2798 3515 conﬁtebantur.
2840 3455 3005 3525 Major
3042 3455 3202 3524 igitur
3230 3453 3404 3507 factus

167 3554 273 3626 τὴν
328 3555 731 3625 ὲνανθρώπησιν
788 3557 882 3610 τοῦ
944 3558 1048 3628 πρὸ
1099 3559 1195 3627 τῆς
1256 3558 1734 3632 ὲνανθρωπήσεως,

167 3646 314 3707 ὅπερ
357 3646 570 3698 ἄτοπον.
600 3645 820 3699 Τοιοῦτο
865 3647 921 3700 δέ
973 3649 1089 3700 ἐστι
1141 3649 1233 3700 καὶ⁵
1277 3649 1374 3701 τόο
1417 3649 1616 3717 Ἐδόθη
1638 3669 1739 3719 μοι

168 3734 345 3790 πᾶσα
379 3734 629 3799 ἐξουσία
675 3736 743 3789 ἐν
775 3739 1049 3806 οὐρανοῖς
1097 3741 1193 3792 καὶ
1223 3741 1319 3793 ἐπὶ
1362 3739 1489 3809 γῆς.
1521 3743 1613 3804 Εἰς
1643 3744 1740 3812 τὴν

166 3826 582 3900 ὲνανθρὼπησιν
610 3824 721 3892 οὖν,
753 3831 847 3881 καὶ
879 3832 978 3884 οὐκ
1031 3834 1110 3895 εὶς
1137 3832 1235 3904 τὴν
1280 3833 1508 3905 Θεότητα
1566 3834 1738 3888 ταῦτα

168 3921 318 3973 νοεῖν
351 3917 451 3973 δεῖ.

313 4010 416 4070 Εἰς
446 4008 530 4073 τὸ,
572 4027 590 4059 ι
618 4007 813 4075 Πατήρ
847 4026 963 4076 μου
986 4010 1194 4077 μείζων
1217 4030 1334 4078 μου
1370 4014 1558 4068 ἐστίν.
1589 4034 1606 4064 ι

242 4099 320 4152 Τὸ
350 4099 530 4168 μεῖζον
575 4099 605 4167 ἣ
638 4098 872 4168 μεγέθει,
901 4098 932 4168 ἢ
962 4099 1155 4170 χρόνῳ,
1199 4101 1230 4170 ἦ
1273 4101 1558 4171 ἀξιώματι,
1589 4105 1618 4171 ἢ
1652 4104 1741 4155 δυ-

166 4190 422 4261 νάμει,ἥ
467 4189 542 4252 ὠς
596 4190 766 4242 αἴτιον
823 4190 1000 4260 μεῖζον
1045 4191 1281 4258 λέγεται.
1331 4192 1488 4244 Ἀλλὰ
1525 4194 1741 4262 μεγέθει

169 4283 279 4353 μὲν
302 4283 329 4333 ὁ
368 4282 554 4352 Πατὴρ
577 4283 670 4335 τοῦ
705 4284 835 4336 Υῐοῦ
866 4285 964 4335 οὐκ
987 4285 1051 4337 ἂν
1089 4285 1299 4356 λεχθείη
1335 4287 1533 4356 μείζων
1553 4305 1564 4316 ·
1600 4287 1742 4340 ἀσώ-

169 4391 346 4444 ματος
380 4376 505 4446 γὰρ.
547 4375 683 4427 Ἀλλ’
713 4375 832 4427 οὐδὲ
868 4377 1040 4444 χρόνῳ
1059 4394 1072 4406 ·
1103 4380 1130 4430 6
1159 4379 1265 4447 γὰρ
1296 4379 1421 4442 Υἱὸς
1448 4379 1622 4433 αὐτῶν
1645 4380 1740 4450 δη·

171 4467 455 4536 μιουργός.
490 4464 625 4516 Ἀλλ’
651 4466 769 4517 οὐδὲ
801 4465 1067 4535 ἀξιώματι
1094 4485 1105 4496 ·
1137 4468 1195 4518 οὺ
1225 4469 1332 4538 γὰρ
1360 4471 1571 4538 ἐγένετο
1590 4471 1618 4522 ὃ
1644 4472 1743 4522 οὐκ

164 4555 242 4628 ἦν
276 4577 402 4611 ποτε
434 4559 566 4631 (18).
592 4556 724 4610 Οῦτε
770 4559 874 4628 μὴν
900 4559 1154 4629 δυνάμει·
1199 4561 1399 4614 Πάντα
1434 4564 1540 4632 γὰρ
1568 4563 1682 4615 ὅσα
1712 4565 1744 4614 ό

247 4672 291 4703 ⁸¹
327 4671 424 4726 Job
449 4686 537 4730 ιιι,
559 4669 642 4722 14.

167 4744 214 4774 ⁸⁷
258 4739 410 4794 Joan.
441 4757 550 4804 xw,
587 4741 675 4794 28.

741 4668 783 4698 ⁸³
811 4668 964 4722 Joan.
1004 4687 1075 4737 vr,
1113 4671 1203 4728 29.
1277 4672 1365 4725 ⁸³1
1399 4674 1522 4730 Cor.
1556 4690 1643 4731 XV.
1673 4672 1762 4729 28.

1843 3569 1926 3611 est
1956 3567 2073 3625 post
2095 3555 2541 3618 incarnationem,
2572 3566 2730 3620 quam
2761 3557 2880 3602 erat
2915 3556 3038 3600 ante
3079 3544 3404 3599 incarnatio-

1838 3665 1956 3702 nem
1994 3666 2007 3701 :
2033 3646 2174 3715 quod
2204 3644 2492 3699 absurdum
2533 3651 2632 3696 εει.
2665 3638 2795 3692 Tale
2824 3648 2907 3692 est
2933 3647 2986 3690 et
3015 3639 3136 3699 hoc,
3170 3635 3304 3688 Data
3329 3644 3402 3689 est

1835 3739 1962 3791 milii
1989 3737 2153 3789 omnis
2188 3744 2411 3802 potestas
2441 3732 2492 3784 in
2532 3730 2671 3783 cmlis
2702 3737 2750 3782 et
2793 3729 2845 3780 in
2879 3738 3017 3779 terra
3047 3725 3111 3777 ⁸⁸.
3145 3726 3270 3778 ΙΙωο
3306 3725 3403 3794 igi-

1836 3839 1923 3882 tur
1958 3829 2023 3881 de
2054 3827 2406 3888 humanitate,
2441 3839 2546 3875 non
2599 3822 2664 3874 de
2718 3819 2998 3874 divinitate
3052 3825 3266 3886 oportet
3307 3816 3392 3869 in-

1835 3921 2021 3989 leiligi.

1976 4010 2041 4063 In
2079 4008 2229 4073 illud,
2266 4024 2285 4058 ι
2326 4005 2486 4059 Pater
2521 4021 2663 4058 meus
2693 4003 2866 4072 major
2905 4019 2985 4056 me
3022 4011 3097 4055 est
3125 4002 3191 4056 ⁸⁷.
3240 4021 3258 4052 ι

1908 4102 2078 4172 Majus
2109 4111 2201 4154 aut
2244 4098 2643 4168 magnitudine,
2676 4103 2768 4147 aut
2801 4103 3060 4159 tempore,
3108 4101 3198 4142 aut
3232 4090 3406 4158 digni-

1839 4205 2078 4259 tate,aul
2105 4194 2362 4263 potentia,
2390 4200 2480 4242 aut
2511 4201 2761 4255 tanquam
2785 4199 2967 4249 causa,
2995 4182 3166 4251 majus
3185 4182 3402 4235 dicitur.

1839 4287 1906 4340 At
1938 4283 2301 4353 magnitudine
2331 4281 2542 4348 quidem
2579 4278 2739 4332 Pater
2776 4274 2915 4329 Filio
2956 4274 3129 4342 major
3162 4275 3266 4328 dici
3299 4289 3406 4327 non

1838 4385 2014 4446 potest
2035 4373 2259 4443 ;quippe
2287 4383 2371 4427 est
2396 4374 2760 4439 incorporeus.
2785 4368 2888 4423 Sed
2923 4383 3095 4422 neoue
3124 4377 3362 4434 tempore
3390 4382 3405 4431 ;

1840 4467 2103 4534 siquidem
2130 4465 2297 4519 Filius
2337 4465 2580 4518 conditor
2629 4473 2707 4516 est
2740 4471 3057 4528 temporum.
3094 4457 3277 4525 Neque
3321 4455 3406 4509 di-

1840 4561 2076 4629 gnitate;
2108 4574 2212 4612 non
2258 4558 2400 4612 enim
2436 4556 2611 4610 factus
2653 4562 2734 4605 est
2784 4553 2924 4619 quod
2981 4550 3266 4618 aliquando
3300 4561 3404 4600 non

1853 4673 1898 4703 ⁸⁵
1924 4671 2157 4741 Philipp.
2182 4687 2242 4736 ιι,
2273 4673 2323 4723 9.
2400 4669 2444 4699 ⁸⁸
2479 4666 2604 4720 ibid.
2647 4665 2735 4719 11.
2812 4664 2858 4695 ⁸⁸
2891 4662 3078 4718 Matth.
3126 4661 3409 4726 xxii/111,18

247 4831 326 4899 (9)
356 4830 486 4900 Reg.
542 4833 732 4884 tertius
780 4828 837 4894 ἐξ
887 4828 1128 4900 ἀνάγκης
1161 4829 1253 4881 καὶ
1274 4899 1277 4900 ν
1299 4827 1360 4880 οὐ
1388 4830 1506 4900 κατ’
1539 4827 1737 4880 οὐσίαν.

1848 4829 1928 4889 εἰς
1965 4825 2045 4900 το,
2085 4825 2137 4878 in
2169 4840 2241 4900 eg
2266 4840 2382 4900 qua;
2407 4824 2736 4900 objiciuntur
2773 4826 2834 4876 de
2860 4821 3002 4875 Filio
3025 4862 3038 4886 ,
3067 4822 3171 4875 sive
3197 4835 3261 4873 ex
3297 4822 3407 4876 No-

169 4898 266 4960 lla
290 4901 341 4954 in
377 4898 516 4954 hunc
540 4900 712 4953 locum
750 4901 966 4966 scripsit
995 4899 1350 4952 Combelisius
1376 4937 1390 4950 .
1421 4898 1578 4965 Urget
1620 4917 1743 4962 pas-

169 4977 279 5028 sim
308 4968 568 5023 Maximus
595 4971 728 5022 hanc
755 4969 943 5022 Basilii
986 4977 1048 5019 de
1079 4969 1373 5022 substantia
1403 4979 1448 5018 et
1480 4970 1741 5031 operatio-

176 5061 269 5106 ne,
299 5040 434 5120 quod
471 5043 774 5093 conveniant
799 5049 845 5092 et
876 5047 1230 5106 equuentur,
1255 5037 1656 5107 prapositionem
1695 5048 1741 5089 et

169 5121 504 5167 sententiam.

251 5179 364 5249 (10)
395 5178 533 5232 Editi
566 5177 780 5249 πρῶτον
819 5175 1028 5247 ποίημα
1061 5178 1311 5247 Χριστός.
1353 5176 1572 5247 Antiqui
1628 5185 1738 5231 tres

170 5250 301 5305 libri
333 5247 427 5309 ita,
452 5257 510 5301 ut
535 5247 819 5301 edidimus.

250 5318 363 5388 (11)
389 5316 809 5388 Monerejuvat,
852 5318 1028 5374 Βυρωί
1063 5318 1114 5371 in
1150 5316 1292 5371 hunc
1340 5318 1515 5372 locum
1552 5325 1734 5369 notam

171 5387 394 5453 dignam
427 5402 544 5440 esse
577 5401 695 5452 quae
745 5387 970 5455 legatur.

251 5455 362 5526 (12)
386 5457 532 5526 iEditi
559 5456 620 5508 Εἰ
647 5457 701 5508 δὲ
731 5458 856 5526 περὶ
889 5458 982 5510 τοῦ
1007 5457 1156 5510 Υἱοῦ.
1189 5455 1338 5510 Coll).
1370 5457 1599 5526 secunda
1629 5472 1741 5506 ma-

174 5544 248 5583 nu
284 5525 349 5578 ΕΞ
378 5525 434 5576 δὲ
469 5528 542 5594 μὴ
577 5529 703 5596 περὶ
739 5525 845 5597 τοῦ
902 5527 1049 5586 Υἰοῦ,
1100 5529 1179 5580 vel
1238 5527 1322 5597 Εἰῷ
1347 5526 1420 5594 μὴ
1457 5525 1601 5597 περί,
1632 5537 1737 5580 etc.

171 5597 280 5651 Alii
318 5603 546 5662 quatuor
580 5595 706 5650 mss.
738 5596 888 5657 Regii
918 5599 1045 5649 εἰδὲ
1074 5598 1166 5649 τοῦ
1199 5595 1346 5649 Υἱοῦ.

248 5667 360 5728 (15)
382 5663 512 5736 [ξος.
542 5675 765 5731 quartus
794 5667 878 5719 ἵνα
911 5669 1254 5736 πιστεύσητε.

247 5736 362 5805 (14)
398 5733 531 5805 Reg.
575 5737 768 5805 tertius
812 5748 866 5788 et
914 5735 1064 5790 Colb.
1120 5733 1198 5799 εἷς
1233 5737 1299 5786 τὰ
1350 5736 1740 5805 ἀντιλεγόμενα

175 5806 310 5877 ’περὶ¹
339 5786 430 5859 τοῦ
471 5801 600 5857 Υἱοῦ
631 5803 736 5858 τῶν
765 5807 818 5858 ἐν
847 5809 908 5877 τῇ
941 5808 1111 5878 Καινῇ
1145 5808 1234 5862 καὶ
1265 5806 1472 5877 Παλαιᾷ
1499 5786 1737 5878 Δῖαθήκῃ

1848 4913 1934 4959 vo,
1973 4898 2075 4949 sive
2103 4910 2166 4948 ex
2203 4891 2374 4948 Veteri
2405 4891 2749 4948 Testamento.

1916 4958 2028 5036 (15)
2058 4964 2237 5036 codex
2271 4965 2422 5018 Coll).
2451 4965 2782 5018 ﬂuere-rater
2811 5001 2826 5017 .
2860 5000 2875 5036 τ
2909 5002 2923 5015 .
2958 5002 2973 5016 .
3015 4958 3111 5029 οὐχ
3145 4959 3407 5015 ὑπετέτα-

1847 5034 1964 5098 κτο,
1999 5034 2165 5101 magis
2192 5049 2257 5087 ex
2290 5037 2569 5103 praeceptis
2595 5034 3090 5104 grammaticorum.

1912 5106 2025 5178 (iii)
2053 5100 2192 5162 Edili
2225 5100 2507 5178 ὑπακοὴν,
2542 5100 2798 5178 τδδνομα
2829 5103 2887 5154 τὸ
2920 5101 3058 5170 ὑπὲρ
3105 5100 3212 5151 πᾶν
3240 5101 3407 5171 ὄνομα

1841 5173 1938 5246 τῷ.
1975 5173 2240 5246 Ᾱιηιιοειιί
2265 5173 2468 5242 septem
2497 5191 2622 5246 mss.
2656 5185 2711 5226 ut
2742 5173 2800 5246 in
2825 5182 3099 5246 contextu.

1911 5248 2020 5312 (17)
2057 5245 2188 5310 Reg.
2233 5239 2458 5314 quartus
2491 5244 2711 5314 γλῶσσα
2743 5241 3212 5312 ἐξομολογήσεται.
3255 5239 3406 5296 Haud

1837 5317 1990 5385 longe
2021 5315 2158 5386 idem
2181 5313 2346 5370 coite:
2381 5318 2436 5368 ἐν
2459 5313 2689 5386 οὐρανῷ.

1917 5381 2027 5454 (⁷18)
2057 5384 2175 5456 illa,
2209 5387 2269 5438 οὐ
2303 5387 2434 5456 γάρ,
2462 5381 2588 5449 etc,
2642 5381 2862 5450 intelligi
2901 5383 2978 5436 sic
3028 5396 3188 5456 posse
3229 5391 3401 5456 puto»:

1845 5455 1986 5509 Nihil
2012 5452 2068 5508 ei
2101 5457 2329 5509 accessit
2357 5452 2612 5520 temporis
2637 5468 2914 5521 processu,
2946 5454 3037 5505 sed
3079 5462 3240 5521 totam
3266 5452 3405 5504 divi-

1845 5541 1965 5580 nam
1991 5533 2235 5578 naturam
2267 5525 2335 5579 ah
2364 5519 2517 5578 initio
2547 5519 2773 5591 accepit.
2803 5553 2872 5564 --
2898 5523 3160 5591 Probatur
3193 5519 3404 5576 Patrem

1849 5611 1944 5649 nec
1990 5597 2388 5661 magnitudine,
2433 5609 2531 5648 nec
2575 5590 2812 5660 tempore
2843 5592 3097 5661 majorem
3128 5590 3263 5644 Filio
3299 5592 3403 5661 di_ci

1848 5679 2021 5734 posse,
2045 5655 2160 5718 ἀλλ’
2193 5665 2310 5718 οὐδὲ
2341 5655 2719 5734 ἀξιώματιδοῖῦ
2763 5667 2869 5732 γὰρ
2915 5659 3186 5734 ἐγένετοὸ
3216 5661 3312 5712 οὐκ
3337 5655 3404 5730 ἦν

1848 5731 1998 5796 ποτε,
2031 5737 2118 5786 sed
2140 5753 2300 5803 neque
2333 5731 2492 5790 etiam
2510 5733 2801 5803 dignitate;
2835 5731 2934 5784 non
2964 5731 3100 5784 enim
3128 5733 3296 5803 [actus
3330 5742 3402 5803 est

1847 5807 1981 5876 quod
2012 5800 2291 5874 aliquando
2325 5822 2422 5860 non
2463 5801 2588 5859 erat.
2622 5803 2925 5875 chendum
2969 5803 3175 5860 \‘idctur
3200 5802 3259 5854 οὐ
3295 5800 3402 5870 γὰρ
