4078 6316
179 431 290 484 697

1285 409 1648 465 ADV'ERSUS
1689 403 2052 460 EUNOMiUM
2096 403 2221 456 UB.
2267 401 2352 452 IV.

3306 390 3410 444 698

179 540 408 608 αγνοετ·
450 539 628 612 μεῖζον
675 538 791 588 κατ’
839 533 1030 596 αὐτοὺς
1082 532 1141 584 τὸ
1189 531 1340 598 ἆγιον
1395 524 1612 593 Πνεῦμα
1662 523 1754 577 τοῦ

1872 517 2025 571 Filius
2059 532 2183 571 vero
2224 519 2433 585 ignorat
2461 529 2474 574 ;
2510 511 2681 578 major
2713 517 2794 560 est
2821 505 3054 574 Spiritus
3086 513 3307 557 sanctus
3332 505 3416 556 Fi-

182 630 343 694 Υἱοῦ,
367 633 500 703 ὅπερ
529 629 645 684 οὐδὲ
675 629 786 679 ἴσον
821 619 956 677 εἶναι
988 623 1226 677 θέλουσιν
1255 619 1386 691 (‘27).

185 810 300 876 Ε’ὶς
330 810 396 864 τὸ
429 829 446 861 ι
475 805 684 872 Πάτερ,
716 804 769 855 εὶ
806 801 1082 882 ﬁrmator,
1119 793 1454 866 παρελθέτω
1485 794 1551 848 τὸ
1576 792 1755 860 aoni-

763 890 900 941 ριον
923 887 1167 925 τουτου»

268 972 331 1024 Ei
356 967 565 1038 ἀληθῶς
597 968 624 1019 6
657 966 783 1029 Υἱὸς
813 965 983 1032 ἔλεγε,
1012 960 1198 1026 Πάτερ
1232 958 1364 1026 (28),
1393 962 1443 1014 εὶ
1474 956 1756 1020 δυνατὸν,

188 1058 531 1131 πιφελόὲτω
556 1058 622 1112 τὸ
664 1057 951 1126 ποτήριον
996 1052 1192 1116 τοῦτο,
1234 1051 1294 1104 οὺ
1333 1051 1531 1105 δειλίαν
1566 1048 1757 1100 ἑαυτοῦ

190 1156 292 1209 καὶ
343 1151 622 1205 ἀσθένειαν
661 1149 949 1221 κατηγόρει
997 1145 1171 1215 μόνον,
1219 1146 1352 1200 ἀλλὰ
1390 1143 1524 1197 εἷναί
1572 1159 1623 1193 τι
1667 1141 1760 1194 καὶ

190 1246 456 1301 ἀδύνατον
492 1245 568 1315 τῷ
610 1245 781 1316 Πατρι
825 1237 1068 1309 ενόμιζεν
1108 1238 1238 1309 (29).
1275 1239 1348 1291 Τὸ
1392 1236 1518 1305 γὰρ,
1551 1236 1617 1286 Et
1659 1233 1762 1286 δυ-

190 1337 400 1401 νατὸν,
440 1337 865 1410 ἁμφιϐάλλοντος
898 1327 985 1402 ἦν,
1015 1331 1107 1384 κα).
1136 1333 1196 1385 οὐ
1245 1327 1610 1398 πεπεισμένου
1649 1325 1760 1396 (50)

187 1429 453 1483 δύνασθαι
500 1431 590 1483 τὸν
619 1425 832 1494 Πατέρα
885 1423 1052 1478 σῶσαι.
1100 1423 1279 1478 αὐτόν.
1331 1419 1452 1482 Πῶς
1497 1419 1552 1471 δὲ
1600 1421 1692 1473 κα)⁸
1733 1422 1764 1474 ὁ

189 1525 412 1592 νεκροῖς
450 1523 506 1574 τὸ
553 1522 650 1588 ζῇν
693 1515 1048 1587 χαριζόμενος
1090 1516 1151 1568 οὐ
1184 1510 1360 1580 πολλῷ
1420 1512 1615 1580 μᾶλλον
1654 1514 1764 1574 τοῖς

187 1609 338 1674 ζῶσι
397 1613 459 1664 τὸ
522 1609 620 1679 ζῇν
687 1607 968 1676 φυλάττειν
1029 1606 1288 1675 ἡδύνατο;
1346 1603 1442 1655 Διὰ
1500 1604 1551 1655 τί
1603 1598 1694 1654 οὖν
1737 1601 1767 1652 6'

187 1705 445 1775 Λάζαρον
475 1701 564 1754 καὶ
596 1700 817 1762 πολλοὺς
846 1699 1069 1768 νεκροὺς
1111 1695 1416 1764 ἀναστήσας
1463 1697 1558 1765 οὺχ
1592 1693 1765 1764 ἐαυτῷ

191 1796 432 1866 παρέχει
464 1792 571 1863 (51)
606 1793 666 1844 τὸ
701 1794 818 1862 ζῇν,
848 1790 982 1842 ἀλλά
1017 1786 1164 1857 παρά
1200 1786 1291 1838 τοῦ
1325 1787 1532 1856 ΙΙατρὸς
1558 1785 1674 1855 ᾔτει
1707 1785 1765 1835 τὸ

1858 607 1930 661 lio
1959 608 2250 660 secuudiuu
2280 607 2443 676 ipsos,
2476 617 2632 672 quem
2665 617 2730 656 ne
2760 598 3018 668 aequalem
3056 596 3267 666 quidem
3301 611 3420 649 esse

1859 701 2066 754 volunt.

1858 791 1925 844 1η
1949 789 2104 853 illud,
2139 805 2157 840 ι
2191 786 2371 855 Pater,
2394 790 2439 842 si
2463 783 2578 855 ﬁeri
2602 794 2784 852 potest,
2827 789 3061 837 transeat
3086 778 3226 833 calix
3253 783 3366 829 iste.
3397 795 3415 828 ι

1931 883 1987 937 Si
2044 895 2169 934 vere
2215 853 2384 933 Filius
2413 853 2669 932 dicebat:
2717 874 2917 940 Pater,
2967 875 3010 927 si
3071 871 3185 935 ﬁeri
3222 878 3420 934 potest,

1860 985 2088 1029 transeat
2126 972 2268 1027 calin:
2305 973 2400 1023 iste
2433 973 2502 1032 ³⁵,
2542 985 2647 1024 uon
2686 970 2857 1020 solum
2893 983 3046 1020 suam
3078 963 3250 1034 ipsius
3279 963 3426 1012 timi-

1861 1067 2083 1120 ditatem
2147 1064 2678 1129 imbecillitatemque
2743 1058 3146 1112 cenlitebatur:
3229 1068 3421 1108 verum

1862 1160 2023 1212 etiam
2075 1157 2277 1225 aliquid
2331 1156 2494 1209 etiam
2532 1169 2673 1213 esse,
2702 1149 2844 1221 quod
2879 1164 2906 1200 τι
2942 1147 3103 1200 Patre
3144 1147 3257 1199 ﬁeri
3315 1159 3422 1198 non

1863 1258 2067 1317 posset,
2100 1247 2464 1301 existimabat.
2500 1244 2632 1295 Nam
2669 1243 2816 1308 illud,
2849 1239 2907 1295 Si
2959 1237 3072 1305 ﬁeri
3101 1245 3281 1303 potest,
3327 1236 3425 1286 du-

1868 1341 2096 1394 bitantis
2131 1351 2267 1404 erat,
2300 1355 2361 1390 at:
2394 1338 2542 1404 ejus,
2581 1337 2668 1387 cui
2707 1347 3018 1402 prrsuasum
3053 1343 3156 1382 non
3207 1335 3326 1378 erat
3368 1339 3426 1377 se

1865 1445 1892 1482 a
1935 1427 2096 1481 Patre
2120 1429 2321 1481 servari
2357 1442 2535 1494 posse.
2563 1425 2840 1490 Quomodo
2876 1432 3055 1474 autem
3098 1417 3186 1486 qui
3212 1426 3259 1470 et
3286 1429 3430 1468 mor-

1868 1523 1972 1576 tuis
2022 1523 2184 1572 vitam
2224 1519 2468 1586 largitur,
2529 1533 2630 1569 nou
2692 1516 2859 1567 multo
2911 1511 3083 1579 magis
3127 1506 3428 1560 viventibus

1865 1614 2026 1666 vitam
2069 1625 2289 1666 servare
2347 1609 2551 1677 possit?
2581 1607 2690 1662 Cur
2738 1606 2900 1673 igitur
2944 1606 3034 1674 qui
3080 1603 3344 1656 Lazarum
3375 1607 3430 1652 et

1869 1705 2065 1757 multos
2101 1712 2340 1755 mortuos
2365 1701 2667 1766 suscitavit,
2709 1713 2812 1752 non
2840 1698 2941 1752 sibi
2992 1698 3105 1766 ipse
3134 1695 3297 1746 vitam
3331 1692 3431 1744 im-

1871 1795 2052 1863 pertit,
2110 1794 2201 1847 sed
2234 1809 2260 1845 a
2295 1793 2451 1846 Patre
2497 1793 2661 1845 vitam
2710 1793 2943 1860 petebat,
2976 1805 3097 1844 eum
3134 1788 3328 1841 timens
3349 1783 3431 1836 di-

191 1888 322 1957 ζῇν,
374 1884 700 1956 φοϐούμενος
733 1880 929 1935 εξπών·
970 1877 1178 1946 Πάτερ,
1218 1882 1269 1932 εὶ
1304 1878 1584 1937 δυνατὸν,
1622 1892 1768 1941 παρ-

1872 1885 1982 1937 xit:
2019 1882 2196 1950 Pater,
2248 1885 2292 1938 si
2323 1884 2439 1952 ﬁeri
2477 1893 2679 1954 potest,
2723 1892 2955 1936 transeat
3006 1883 3144 1935 calix
3183 1880 3317 1934 iste?
3372 1873 3429 1930 Si

189 1977 420 2031 ε.1οἐτω
453 1978 516 2031 τὸ
556 1977 841 2042 ποτήριον
878 1970 1079 2035 το·ῦτο;
1111 1972 1218 2025 Καὶ
1275 1972 1321 2022 εἰ
1366 1969 1513 2021 ἄκων
1558 1966 1613 2017 δὲ
1660 1966 1770 2017 ἀπ-

193 2069 486 2138 έθνησκεν,
520 2069 705 2124 οὐκέτι
741 2064 1082 2128 ταπεινώσας
1114 2064 1321 2124 ἑαυτὸν,
1351 2060 1588 2129 ὑπήκοος
1612 2059 1769 2129 μέχρι

192 2163 429 2217 Θανάτου
464 2165 676 2232 ἐγένετο
716 2158 790 2229 τῷ
825 2159 1016 2229 Πατρὶ,
1041 2156 1157 2207 οὐδὲ
1190 2153 1414 2205 δέδωκεν
1449 2151 1657 2213 ἑαυτὸν,
1697 2150 1771 2213 ὥς

192 2272 366 2326 φησιν
398 2258 425 2308 6
479 2251 821 2313 Ἀπὸστολος·
874 2247 980 2301 Τοῦ
1031 2246 1242 2308 δόντος
1287 2244 1502 2297 ἑαυτὸν
1548 2245 1771 2312 λύτρον·

191 2349 352 2417 ὑπὲρ
401 2346 516 2399 τῶν
552 2345 848 2414 ἁμαρτιῶν
881 2342 1075 2410 ἡμῶν
1111 2343 1157 2393 εἱ
1206 2341 1260 2393 δὲ
1302 2339 1461 2402 ἑκὼν,
1488 2340 1568 2403 τίς
1614 2336 1770 2408 χρεία

191 2439 318 2500 τοῦ,
364 2438 571 2505 Πάτερ,
616 2441 666 2489 εὶ
705 2436 982 2502 δυνατὸν,
1018 2433 1350 2504 παρελθέτω
1395 2432 1458 2484 τὸ
1488 2430 1772 2497 ποτήριον

192 2532 412 2592 τοῦτο;
452 2531 572 2584 Ἐπὶ
603 2529 709 2582 τῶν
740 2526 830 2584 οὖν
865 2533 940 2594 εἰς
988 2529 1146 2584 αὐτὸν
1190 2527 1520 2598 ἁμαρτάνειν
1553 2522 1772 2595 μελλόν-

194 2642 333 2684 των,
383 2623 470 2675 ἵνα
633 2624 953 2694 ἁμάρτωσι,
990 2623 1082 2676 καὶ
1122 2623 1219 2676 οὐκ
1273 2621 1355 2673 ἐπ’
1402 2614 1565 2671 αὑτοῦ
1619 2612 1774 2665 τοῦτο

197 2715 446 2768 δεκτέον·
497 2716 633 2786 ὑπὲρ
678 2710 752 2768 ὧν
816 2716 906 2768 καὶ
962 2714 1292 2784 σταυρωθεὶς
1341 2711 1525 2776 ἔλεγε·
1564 2705 1772 2773 Πάτερ,

197 2807 355 2874 εὗρες
392 2807 612 2872 αὐτοῖς,
651 2807 738 2860 ὅτι
770 2809 880 2860 οὐκ
912 2806 1018 2873 (52)
1053 2805 1248 2857 omam
1288 2803 1341 2855 τί
1374 2798 1669 2854 ποιοῦσιν.
1699 2799 1772 2850 Οὐ

197 2899 284 2950 δεῖ
311 2897 401 2950 οὖν
431 2899 498 2950 τὰ
533 2899 651 2951 κατ’
687 2898 994 2968 οἰκονομίαν
1027 2897 1101 2959 ὡς
1148 2894 1333 2956 ἁπλῶς
1379 2891 1641 2963 εἰρημένα
1687 2892 1775 2942 ἐκ·

199 2987 480 3056 δέχεσθαι.

419 3078 520 3141 Εἰς
550 3077 634 3141 τὸ,
672 3096 688 3126 ι
719 3076 890 3143 Κάγὼ
923 3074 995 3136 ζῶ
1026 3075 1119 3129 διὰ
1147 3073 1252 3128 τὸν
1276 3073 1522 3140 Πατέρα.
1550 3090 1568 3122 ι

276 3167 340 3218 Ei
361 3166 446 3220 διὰ
474 3169 563 3220 τὸν
597 3170 811 3240 Πατέρα
835 3171 862 3222 6
899 3169 1022 3231 Υἱὸς
1046 3167 1132 3238 ζῇ,
1157 3167 1223 3219 δι’
1257 3167 1459 3236 ἓτερον,
1488 3165 1582 3218 καὶ
1615 3164 1672 3217 οὐ
1710 3163 1774 3216 δι’

203 3261 398 3313 ἑαυτὸν
422 3262 506 3331 ζῇ.
554 3262 607 3314 Ὀ
635 3263 688 3314 δὲ
718 3262 780 3314 δι’
811 3262 994 3330 ἕτερον
1023 3260 1128 3323 ζῶν
1161 3258 1404 3326 αὑτοζωὴ
1445 3253 1580 3309 εἶναι
1603 3259 1661 3309 οὐ
1686 3258 1776 3309 δύ-

203 3369 386 3406 ναται.
412 3354 543 3440 Οὐιδὲ
566 3355 671 3424 γὰρ
696 3356 723 3406 6
748 3356 886 3407 κατά
906 3355 1062 3424 χάριν
1087 3353 1235 3420 ἅγιος
1257 3351 1561 3416 αὑτοάγιος.
1597 3349 1780 3416 Ἑψεύ-

205 3462 344 3498 σατο
363 3441 452 3498 οὖν
485 3448 511 3498 6
544 3446 669 3508 Υἱὸς
690 3446 854 3498 εἰπών
875 3463 886 3475 ·
927 3445 1072 3514 Ἐγώ
1094 3446 1207 3513 ειμι
1232 3447 1268 3511 ἡ
1301 3443 1436 3509 ζωή·
1475 3444 1566 3496 καὶ
1587 3443 1775 3494 πάλιν·

208 3537 376 3590 Οὕτω
406 3537 502 3590 καὶ
532 3541 562 3590 ό
597 3540 724 3603 Υἱὸς
761 3539 864 3601 οὓς
897 3542 1052 3591 θέλει
1077 3535 1354 3597 ζωοποιεῖ.
1386 3538 1478 3598 Εἰς
1509 3536 1605 3605 τὴν
1632 3537 1780 3586 ἐναν-

207 3628 490 3699 Θρώπησιν
519 3625 631 3693 οὖν,
667 3631 760 3684 κα).
800 3631 895 3682 οὐκ
925 3613 1128 3700 εἰξτὴν
1158 3629 1382 3700 Θεότητα
1413 3629 1472 3682 τὸ
1493 3630 1779 3700 εἰρημένον

207 3724 352 3774 νοεῖν
384 3723 482 3776 δεῖ.

200 3897 315 3961 Εἷς
343 3897 428 3959 τὸ,
473 3915 492 3948 ι
531 3900 681 3952 Οὐδὲ
721 3903 752 3953 o’
788 3902 914 3966 Υἱὸς
947 3900 1046 3968 ἀφ’
1075 3900 1289 3953 ἑαυτοῦ
1320 3918 1370 3954 τι
1411 3902 1564 3954 ποιεῖ
1591 3903 1721 3973 (55).
1755 3921 1772 3953 ι

284 3988 348 4039 Εἰ
377 3987 437 4040 τὸ
463 3987 799 4052 αὐτεξούσιον
824 3991 914 4044 τοῦ
944 3989 1259 4054 ὑπεξουσίου
1289 3990 1512 4060 βέλτιον,
1545 3994 1570 4043 6
1599 3993 1654 4044 δὲ
1685 3993 1777 4045 ἀν-

205 4078 430 4149 θρωπος
459 4079 819 4145 αὑτεξούσιος,
851 4085 877 4133 6
898 4084 953 4135 δὲ
979 4082 1102 4146 Υἱὸς
1125 4082 1218 4135 τοῦ
1253 4082 1387 4135 Θεοῦ
1445 4083 1776 4147 ὑπεξούσιος,

203 4172 239 4224 ὁ
270 4170 554 4242 ἄνθρωπος
579 4172 668 4225 τοῦ
697 4173 822 4225 Υἰοῦ
851 4174 1096 4242 βελτῐωψ
1130 4177 1262 4245 ὅπερ
1285 4176 1500 4228 ἄτοπον.
1543 4177 1648 4227 Καὶ
1681 4176 1729 4226 εἰ
1753 4176 1780 4226 6

207 4264 532 4330 ὑπεξούσιος
569 4265 623 4318 δὲ
669 4266 1040 4330 αὐτεξουσίως
1078 4271 1246 4319 ποιεῖν
1276 4269 1333 4319 οὐ
1364 4268 1580 4320 δύναται
1606 4268 1653 4336 (ὃ
1674 4268 1779 4338 γὰρ

209 4351 379 4413 αὐτὸς
411 4353 508 4405 οὐκ
539 4355 668 4422 ἔχει,
695 4354 870 4417 ἄλλοις
893 4357 954 4406 ἐκ
978 4356 1344 4424 προαιρέσεως
1376 4357 1570 4410 διδόναι
1598 4359 1656 4410 οὐ
1689 4359 1778 4411 δύ-

210 4443 416 4510 ναται),
442 4447 468 4497 6
497 4446 702 4517 Σωτὴρ,
732 4447 1106 4512 αὐτεξουσίους
1137 4450 1366 4520 ποιήσας
1396 4451 1563 4519 ἡμᾶς,
1588 4451 1687 4504 οὐκ
1716 4451 1779 4505 iv

215 4536 534 4601 ὑπεξυύσιος
561 4541 642 4611 εἴη
672 4540 797 4595 τινί.

801 4810 903 4872 Εἰς
936 4809 1001 4863 τὸ
1021 4812 1185 4864 αὑτό.

292 4897 356 4948 Ei
385 4899 546 4968 μηδὲν
579 4901 605 4952 6
643 4898 830 4970 Σωτὴρ
861 4901 950 4968 ἀφ’
972 4901 1161 4955 ἑαυτοῦ
1194 4904 1360 4956 ποιεῖν
1395 4905 1637 4974 ἠδύνατο,
1667 4907 1777 4959 ἀλλτ

216 4989 602 5054 ἐπιτάσσοντος
645 4991 737 5044 τοῦ
771 4993 1002 5062 Πατρὸς,
1038 4996 1154 5047 οὐδὲ
1185 4996 1401 5064 ἀγαθὸς,
1435 4998 1551 5050 οὐδὲ
1579 5000 1748 5061 κακός
1769 5036 1784 5051 .

216 5076 448 5140 Οὐδενὸς
470 5079 576 5150 γὰρ
598 5081 704 5133 τῶν
726 5083 1027 5151 γενομένων
1052 5084 1236 5147 αἴτιος.
1263 5086 1371 5136 Καὶ
1403 5085 1518 5148 πῶς
1545 5087 1642 5138 οὐκ
1665 5087 1787 5138 ἀτο-

217 5183 326 5220 πον
347 5168 658 5239 ἀνθρώπους
684 5173 779 5244 μὲν
800 5175 891 5226 καὶ
915 5173 1128 5241 ἀγαθῶν
1151 5177 1240 5227 καὶ
1264 5177 1446 5229 κακῶν
1469 5173 1606 5229 εἶναι
1632 5195 1785 5247 ποιη-

294 5302 340 5333 ⁹⁸
361 5301 810 5378 lllaltli._x:xvt._39.
885 5308 928 5340 ⁸⁸
947 5307 1172 5378 Philipp.
1202 5323 1259 5372 ιι,
1286 5311 1337 5364 8.
1412 5309 1644 5364 97Galat.
1679 5328 1716 5375 t,
1753 5315 1803 5367 4.

219 5371 423 5428 'Joan.
460 5389 511 5438 ν,
536 5372 622 5427 21.
700 5376 719 5406 ³
747 5377 875 5431 ibid.
908 5377 992 5434 19.

431 5508 606 5584 C_o_tlex
624 5509 792 5584 __Colb.
821 5510 955 5568 εἶναι
991 5516 1287 5584 βούλονται.

320 5579 407 5650 28)
444 5580 580 5657 Editi
619 5581 923 5657 ἔ).εχεν,ὅτι
951 5579 1156 5657 Πατήρ.
1192 5589 1347 5641 Deest
1380 5603 1479 5641 vox
1508 5590 1587 5641 ὅτι
1630 5590 1680 5642 in
1713 5591 1779 5642 li-

221 5648 650 5731 brisv'eteribus.
677 5648 828 5731 Haud
865 5657 1014 5726 longe
1053 5648 1176 5709 ιιὶὲς.
1208 5661 1311 5712 duo
1344 5660 1656 5731 κατηγόρει.
1680 5662 1780 5714 Alii

222 5719 601 5798 Quidam-mss.
626 5733 677 5798 et
699 5723 824 5798 editi
857 5719 1166 5798 xqﬁyopei.
1197 5740 1449 5782 accentus
1473 5719 1674 5783 'v'attius.

297 5789 410 5859 ('29)
445 5789 582 5846 Edi'ti
626 5793 857 5861 ἐνόμισε.
897 5789 1114 5853 Veieres
1159 5809 1387 5868 quatuor
1429 5801 1550 5858 libri
1599 5802 1781 5872 ενόμι-

232 5853 335 5926 ζῖν.

1873 1976 2070 2030 invitus
2103 1977 2264 2030 etiam
2291 1978 2642 2040 moriebatur,
2675 1976 2901 2046 noujam
2927 1984 3098 2028 semet
3117 1974 3428 2037 humilians,

1876 2069 2136 2123 obettiens
2163 2068 2339 2122 laetus
2364 2079 2445 2121 est
2487 2069 2629 2121 Patri
2672 2082 2842 2136 usque
2869 2067 2935 2122 ad
2979 2075 3205 2119 mortem
3241 2065 3311 2126 ’⁸,
3335 2078 3428 2115 ηε-

1870 2173 1974 2226 que
2007 2173 2063 2212 se
2096 2158 2206 2226 ipse
2242 2158 2480 2220 tradidit,
2515 2165 2571 2210 ιιι
2608 2158 2682 2211 ait
2714 2157 2996 2226 Apostolus
3024 2175 3035 2210 :
3067 2155 3171 2221 Qui
3196 2173 3247 2209 se
3280 2156 3421 2207 dedit

1867 2251 2093 2318 pretium
2131 2248 2495 2316 redemptionis
2521 2266 2613 2313 pro
2639 2250 2865 2317 peccatis
2895 2249 3084 2302 nostris
3107 2248 3150 2278 ⁸⁷
3179 2266 3192 2301 :
3228 2246 3309 2299 sin
3340 2260 3432 2296 au-

1871 2355 1976 2397 tem
2013 2343 2215 2406 volens,
2257 2343 2382 2413 quid
2445 2357 2579 2411 Opus
2626 2343 2798 2397 verbis
2845 2343 2988 2398 illis:
3027 2342 3209 2406 Pater,
3246 2339 3291 2393 si
3316 2338 3430 2407 ﬁeri

1872 2445 2063 2502 potest,
2102 2445 2330 2488 transeat
2371 2436 2512 2489 calix
2552 2438 2680 2490 iste?
2711 2436 2821 2490 lloc
2852 2437 3014 2504 igitur
3048 2435 3114 2488 de
3144 2435 3209 2488 iis
3239 2434 3328 2501 qui
3379 2431 3431 2483 in

1873 2523 2045 2592 ipsum
2079 2525 2349 2592 peccaturi
2368 2535 2620 2588 erant,ut
2652 2541 2717 2579 ne
2746 2533 3054 2593 peecarent,
3089 2539 3194 2578 non
3232 2523 3298 2576 de
3321 2523 3435 2589 ipso

1873 2613 2248 2683 accipiendum
2282 2625 2407 2669 est:
2462 2632 2561 2685 pro
2587 2617 2781 2685 quibus
2827 2617 2990 2669 etiam
3021 2614 3314 2669 erueilixus
3355 2613 3436 2662 (ii-

1873 2707 2028 2760 cebat
2056 2722 2070 2760 :
2111 2707 2290 2772 Pater,
2323 2708 2524 2761 dimitte
2557 2709 2702 2775 ipsis,
2736 2709 2859 2777 quia
2887 2724 2985 2761 non
3013 2708 3180 2760 sciunt
3204 2707 3327 2774 quid
3351 2705 3437 2768 fa-

1874 2799 2016 2852 citmt
2050 2799 2115 2855 ⁸⁸.
2150 2799 2278 2864 Qua:
2310 2798 2472 2869 igitur
2509 2801 2649 2853 dicta
2683 2810 2802 2852 sunt
2835 2801 3125 2854 secundum
3157 2798 3437 2866 dispensa-

1878 2893 2098 2955 tionem,
2119 2906 2178 2943 ea
2211 2893 2364 2960 quasi
2395 2893 2713 2961 simpliciter
2733 2895 2873 2945 dicta
2893 2900 3096 2955 esseut,
3123 2890 3437 2958 accipienda

1877 2999 1979 3038 neu
2005 2993 2150 3039 sunt.

2020 3076 2086 3131 In
2119 3075 2270 3140 illud,
2301 3097 2320 3130 ‹
2360 3075 2425 3129 Et
2465 3094 2556 3146 ego
2592 3078 2704 3131 rivo
2740 3087 2951 3146 propter
2981 3077 3194 3131 Patrem
3229 3077 3328 3131 ³³.»

1951 3168 2006 3224 Si
2031 3179 2246 3240 propter
2270 3170 2480 3223 Patrem
2504 3169 2667 3222 Filius
2695 3169 2844 3233 vivit,
2877 3179 3091 3238 propter
3111 3169 3296 3231 alium,
3336 3183 3438 3220 uon

1881 3273 2095 3333 prepter
2118 3266 2349 3327 seipsum
2384 3263 2534 3316 vivit.
2576 3261 2680 3315 Sed
2718 3263 2809 3330 qui
2850 3271 3064 3331 propter
3087 3262 3248 3315 alium
3285 3260 3437 3323 vivit,

1882 3357 1993 3423 ipse
2029 3370 2122 3423 per
2153 3369 2211 3408 se
2244 3356 2347 3406 vita
2378 3369 2498 3409 esse
2541 3369 2642 3406 non
2673 3364 2870 3422 potest.
2906 3353 3011 3406 Nec
3038 3356 3178 3406 euiut
3223 3353 3309 3419 qui
3348 3367 3441 3419 per

1880 3445 2105 3511 gratiam
2156 3454 2378 3498 sanetus
2426 3453 2529 3511 est,
2568 3460 2660 3514 per
2704 3459 2762 3498 se
2794 3457 3016 3498 sanctus
3048 3452 3150 3497 est.
3190 3442 3443 3496 Mentitus

1881 3535 2042 3605 igitur
2077 3545 2158 3585 est
2203 3534 2371 3587 Filius
2409 3544 2542 3597 tum,
2592 3549 2711 3586 eum
2753 3535 2929 3586 dixit:
2980 3531 3089 3599 Ego
3126 3549 3239 3586 sum
3265 3535 3366 3583 vita
3398 3532 3438 3595 ';

1878 3637 1932 3680 et
1961 3642 2146 3680 rursus
2173 3644 2185 3678 :
2228 3624 2319 3679 Sic
2342 3637 2386 3679 et
2430 3624 2603 3682 Filius
2623 3642 2749 3695 quos
2781 3626 2884 3680 vult
2914 3625 3135 3693 viviﬁcat
3173 3625 3212 3678 '.
3241 3624 3316 3679 De
3345 3625 3442 3677 ltit-

1881 3720 2138 3774 manitatc
2184 3720 2366 3788 igitur,
2415 3733 2519 3772 non
2560 3721 2625 3773 de
2671 3720 2873 3772 deitate
2904 3719 3103 3773 dictum
3140 3717 3443 3789 intelligere

1879 3822 2110 3881 oportet.

1951 3903 2014 3956 In
2048 3903 2197 3966 illud,
2224 3924 2242 3954 ι
2278 3901 2456 3972 Neque
2476 3902 2644 3956 Filius
2667 3920 2697 3955 a
2733 3919 2785 3956 se
2812 3902 2941 3971 facit
2976 3901 3257 3970 quidquam
3287 3901 3362 3954 ’.ι

1953 3997 2007 4049 Si
2039 3998 2180 4065 quod
2214 4007 2297 4050 est
2329 3997 2409 4051 sui
2460 3997 2693 4058 arbitrii,
2728 3995 2922 4048 melius
2970 4005 3054 4048 est
3092 4009 3248 4064 quam
3298 3995 3442 4062 quod

1881 4094 1962 4140 est
2017 4086 2114 4138 sub
2165 4085 2392 4137 arbitrio
2425 4084 2604 4137 alieno
2636 4100 2648 4136 :
2709 4083 2869 4137 homo
2896 4092 3071 4136 autem
3106 4083 3190 4136 sui
3227 4084 3441 4138 arbitrii

1881 4186 1983 4238 est,
2016 4173 2189 4227 Filius
2219 4189 2349 4228 vero
2396 4173 2486 4228 Dei
2517 4174 2617 4229 sub
2657 4175 2832 4226 alit-no
2865 4174 3111 4236 arbitrio,
3143 4174 3331 4228 melior
3359 4183 3441 4228 est

1884 4268 2043 4321 homo
2067 4267 2229 4321 Filio:
2255 4269 2394 4337 quod
2425 4268 2718 4322 absurdum
2751 4278 2848 4321 est.
2881 4269 3122 4336 Insuper,
3148 4270 3189 4320 si
3210 4266 3252 4320 is
3274 4267 3433 4336 29],

1881 4361 1969 4429 qui
2005 4361 2105 4414 sub
2155 4361 2333 4414 alieno
2365 4360 2592 4415 arbitrio
2619 4369 2721 4421 est,
2765 4358 2976 4413 efﬁcere
3007 4374 3110 4412 non
3152 4368 3331 4427 potest
3385 4366 3442 4412 ut

1881 4453 1972 4505 alii
2010 4454 2114 4506 sint
2149 4453 2230 4506 sui
2261 4455 2469 4506 arbitrii
2500 4453 2644 4522 (nam
2671 4453 2814 4520 quod
2843 4453 2954 4520 ipse
2981 4468 3086 4504 non
3111 4453 3289 4514 habet,
3320 4452 3444 4505 aliis

1812 4555 1856 4612 ι)
1886 4555 2072 4610 suapte
2101 4543 2377 4595 voluntate
2409 4544 2657 4595 conferre
2691 4557 2795 4594 non
2831 4542 3049 4610 potest),
3086 4541 3332 4595 Salvator
3352 4543 3440 4611 qui

1887 4635 2048 4688 ellicit
2072 4646 2128 4687 ut
2162 4652 2259 4691 nos
2299 4635 2452 4690 liberi
2481 4636 2692 4689 arbitrii
2730 4635 2921 4700 simus,
2955 4650 3292 4705 nequaquam
3323 4650 3446 4690 esse

1887 4735 2060 4793 potest
2089 4727 2186 4781 sub
2220 4727 2376 4781 ullius
2399 4726 2642 4783 arbitrio.

2539 4816 2605 4872 In
2641 4819 2796 4873 idem.

1961 4906 2015 4964 Si
2044 4909 2174 4964 nihil
2209 4909 2461 4964 Salvator
2489 4925 2519 4964 a
2549 4912 2725 4980 seipse
2743 4910 2922 4964 facere
2944 4917 3176 4980 poterat,
3212 4908 3307 4964 sed
3343 4909 3447 4962 im-

1890 5011 2109 5070 perante
2142 5002 2320 5066 Patre,
2361 5018 2459 5056 nec
2499 5005 2670 5057 bonus
2697 5010 2801 5067 est,
2841 5016 2940 5055 nec
2989 5001 3180 5056 malus.
3239 4999 3452 5054 Nullius

1887 5108 2028 5145 enim
2059 5109 2242 5147 eorum
2278 5109 2396 5162 qum
2429 5094 2566 5148 facta
2597 5103 2742 5157 sunt,
2773 5108 2930 5147 causa
2960 5101 3062 5147 est.
3090 5090 3155 5145 Et
3181 5093 3449 5160 quomodo

1888 5185 2176 5238 absurdum
2220 5202 2323 5238 non
2367 5185 2554 5249 fuerit,
2592 5185 2840 5239 homines
2877 5186 3092 5252 quidem
3141 5193 3194 5238 et
3223 5188 3359 5238 bona
3394 5194 3449 5238 et

1883 5317 1926 5349 ⁹³
1963 5320 2089 5375 Luc.
2131 5337 2286 5385 χχιιι,
2328 5322 2418 5376 δι.
2495 5324 2537 5354 ³³
2570 5323 2723 5376 Joau.
2751 5337 2824 5386 νι,
2851 5321 2938 5376 58.
3018 5320 3034 5351 ί
3069 5319 3221 5375 Joan.
3261 5318 3449 5383 xr,‘25~.-

1955 5527 2063 5596 (50)
2098 5529 2223 5592 Reg.
2249 5540 2469 5598 quartus
2491 5530 2582 5582 καὶ
2609 5529 2668 5580 οὺ
2696 5525 3132 5587 πεπιστευκότος.

1956 5600 2066 5665 (51)
2095 5602 2310 5669 Antiqui
2345 5601 2448 5653 duo
2484 5602 2625 5662 libri,
2652 5599 2825 5666 ἑαυτῷ
2866 5599 3114 5669 παρεῖχε.

1959 5670 2068 5735 (52)
2099 5668 2322 5725 (lodith
2348 5671 2609 5732 nonnulli,
2637 5670 2837 5730 αὐτοῖς,
2863 5669 2922 5719 οὐ
2959 5668 3084 5734 γάρ.

1959 5740 2067 5808 (55)
2098 5741 2220 5804 lteg.
2270 5751 2512 5810 quartus,
2559 5740 2618 5792 οὐ
2649 5740 2864 5790 δύναται
2916 5741 2943 5789 6
2979 5737 3100 5810 Υἱὸς
3146 5739 3316 5810 ποιεῖν
3359 5736 3435 5806 ἀφ

1888 5809 2079 5862 ἑαυτοῦ
2114 5808 2464 5867 οίδδένξαυιῖ).
2503 5811 2655 5862 οὐδὲν
2694 5813 2720 5862 6
2757 5809 2879 5870 Υἱὸς
2910 5809 2998 5877 ἀφ’
3042 5808 3230 5862 ἑαυτοῦ
3259 5811 3415 5862 ποιεῖς
