4088 6318
645 351 748 405 699

1977 355 2038 408 S.
2083 356 2324 411 BASlLll
2363 357 2576 412 MAGNI

3768 373 3878 427 τοο

643 459 781 513 mala
832 459 1004 513 libere
1037 457 1234 520 facere,
1273 457 1468 512 Filium
1501 473 1649 526 vero,
1683 461 1772 531 qui
1803 462 1944 518 Deus
1979 475 2085 532 est,
2119 470 2186 524 ni-

2302 469 2401 531 τάς
2439 469 2815 538 αὐτεξουσίως,
2869 471 2955 525 τὸν
2988 476 3043 527 δὲ
3080 477 3225 542 Υἱὸν,
3263 475 3392 531 Θεὸν
3444 477 3595 540 ὄντα,
3646 485 3885 552 μηδενὸς

638 552 716 608 nil
746 551 913 606 libere
950 548 1164 603 facere?

987 639 1051 693 In
1089 641 1244 706 illud,
1284 661 1302 692 ι
1343 638 1453 710 Ego
1475 659 1588 696 sum
1614 644 1729 698 vitis
1753 644 1793 696 ⁸.
1831 662 1847 694 ι

709 735 764 789 Si
803 733 1074 796 Salvator,
1112 733 1384 803 inquiunt,
1420 735 1546 790 vitis
1580 747 1684 801 est,
1730 752 1826 791 nos
1861 752 1987 791 vero
2015 742 2201 807 palmi-

641 837 739 893 tes,
770 825 1005 897 agricola
1026 837 1206 882 autem
1231 825 1458 888 Pater“;
1491 843 1674 882 rursus
1708 831 1751 882 si
1786 831 2032 895 palmites
2059 834 2200 899 ejus-

636 919 756 973 dem
779 929 985 972 natura:
1010 929 1156 979 sunt,
1183 917 1335 982 cujus
1361 917 1508 980 vilis,
1544 923 1667 973 vitis
1703 931 1882 974 autem
1912 938 2018 975 non
2051 926 2196 991 ejus-

636 1021 755 1068 dem
786 1022 993 1066 natura:
1015 1021 1120 1074 est,
1150 1008 1300 1074 cujus
1327 1011 1558 1078 agricola
1585 1030 1598 1072 ;
1631 1013 1795 1067 Filius
1825 1015 2037 1082 quidem
2061 1019 2200 1081 ejus-

635 1105 754 1158 dem
789 1103 1006 1172 quidem
1046 1113 1127 1158 est
1162 1111 1387 1166 naturae,
1435 1105 1588 1171 cujus
1618 1120 1732 1166 nos,
1767 1122 2062 1175 sumusque
2100 1126 2198 1165 nus

637 1197 810 1264 ipsius
843 1211 1006 1263 pars:
1042 1209 1143 1247 non
1175 1201 1353 1246 autem
1391 1193 1558 1249 Filius
1588 1196 1825 1263 ejusdem
1853 1207 1935 1251 est
1970 1212 2194 1264 naturae,

633 1288 788 1357 cujus
810 1288 990 1349 Pater,
1015 1287 1106 1339 sed
1133 1286 1185 1338 in
1219 1286 1473 1340 omnibus
1497 1289 1722 1341 alienus.
1752 1287 1956 1352 Quibus
1975 1304 2199 1357 reSpnn-

635 1382 879 1434 debimus
919 1389 1138 1432 vocatos
1166 1395 1261 1432 nos
1295 1393 1416 1432 esse
1450 1396 1554 1433 non
1589 1380 1804 1432 tleitatis
1837 1379 1978 1433 illius
2000 1381 2195 1449 palmi-

633 1478 738 1532 tes,
783 1469 875 1522 sed
918 1470 1120 1533 carnis,
1161 1471 1456 1522 secundum
1507 1470 1846 1536 Apostolum,
1884 1471 1973 1538 qui
2011 1473 2145 1524 dixit
2179 1492 2191 1526 :

637 1557 746 1612 Nos
778 1560 913 1612 enim
934 1575 1112 1611 sumus
1136 1575 1323 1625 corpus
1347 1560 1560 1623 Christi,
1581 1568 1628 1610 et
1659 1539 1966 1613 membr-aea:
1980 1573 2126 1628 parte
2144 1562 2192 1627 3;

629 1663 684 1706 et
711 1668 926 1706 rursum
964 1669 978 1704 :
1034 1650 1265 1704 Nescitis
1309 1652 1448 1720 quod
1494 1667 1714 1714 corpora
1745 1661 1915 1704 vestra
1963 1656 2195 1707 membra

631 1746 836 1801 Christi
859 1756 977 1798 sunt
1003 1746 1064 1798 "?
1094 1755 1147 1800 et
1183 1747 1307 1799 alibi
1337 1760 1351 1798 :
1379 1744 1562 1809 Qualis
1589 1755 1847 1809 terrenus,
1877 1746 2006 1800 tales
2034 1749 2191 1801 etiam

2303 559 2421 610 κατ’
2446 561 2691 626 ἐξουσίαν
2720 556 2854 613 εἶναι
2884 566 3142 634 ποιητήν;

2575 653 2676 717 Εἰς
2692 650 2778 717 τὸ,
2813 670 2830 702 ι
2871 651 3007 720 Ἐγώ
3029 657 3143 722 εἰμι
3173 660 3210 725 ἡ
3244 661 3526 730 ἄμπελος.
3561 678 3580 711 s

2371 739 2433 790 Εἰ
2491 741 2750 811 ἄμπελος,
2798 745 2956 813 φασὶν
3000 746 3137 814 (54),
3177 752 3204 801 6
3251 754 3458 825 Σωτὴρ,
3510 754 3770 825 κλήματα
3825 759 3884 811 δὲ

2301 831 2478 900 ἡμεῖς,
2512 838 2750 904 γεωργὸς
2781 839 2834 891 δὲ
2865 841 2892 892 6
2918 840 3105 910 Πατήρ
3127 857 3140 868 ⁸
3177 840 3245 891 τὰ
3269 842 3323 894 δὲ
3352 847 3608 917 κλήματα
3654 848 3882 920 ὁμοῖὲυῆ

2303 919 2398 987 μὲν
2427 923 2490 988 τῇ
2522 921 2766 995 ἀμπέλῳ,
2799 930 2830 998 ἡ
2860 929 2915 980 δὲ
2940 929 3175 999 ἄμπελος
3202 929 3298 999 οὐχ
3320 934 3564 1006 ὀμοφυὴς
3591 936 3671 1006 τῷ
3703 919 3885 1004 γεωρὲ

2449 1011 2687 1082 ὸμοφυὴς
2721 1016 2817 1082 μὲν
2849 1021 2975 1088 ἡμῖν
3011 1021 3038 1071 6
3074 1019 3221 1082 Υἱὸς,
3257 1021 3346 1072 καὶ
3381 1025 3544 1093 μέρος
3570 1029 3734 1097 ἡμεῖς
3779 1027 3884 1078 αὐ-

2299 1104 2411 1161 τοῦ,
2459 1104 2556 1172 οὐχ
2611 1107 2851 1177 ὀμοφυὴς
2908 1112 2961 1163 δὲ
3011 1115 3038 1164 6
3074 1113 3195 1175 Υἱὸς
3224 1111 3299 1182 τῷ
3329 1114 3524 1184 Πατρὶ,
3564 1120 3700 1172 ἀλλὰ
3729 1120 3881 1173 κατὰ

2298 1194 2471 1247 πάντα
2517 1196 2808 1268 ἀλλότριος.
2845 1202 2983 1270 Πρὸς
3012 1207 3105 1268 οὓς
3135 1206 3362 1278 ἐροῦμεν
3401 1207 3460 1259 οὐ
3486 1208 3580 1276 τῆς
3613 1211 3882 1284 θεότητος

2297 1287 2480 1351 αὐτοῦ,
2543 1289 2677 1343 ἀλλὰ
2729 1292 2825 1362 τῆς
2885 1298 3085 1365 σαρκὸς
3139 1301 3415 1371 εἰρηκέναι
3455 1303 3603 1371 ἡμᾶς
3657 1306 3880 1376 κλήμα-

2295 1398 2381 1444 τα,
2445 1382 2585 1434 κατὰ
2644 1383 2734 1436 τὸν
2805 1384 3119 1442 Ἀπόστολον
3186 1393 3274 1445 τὸν
3337 1395 3587 1447 εἰπόντα·
3667 1395 3874 1464 Ἡμεῖς

2298 1472 2403 1542 γάρ
2455 1473 2640 1540 ἐσμεν
2674 1475 2783 1544 (55)
2817 1474 2987 1543 σῶμα
3015 1481 3294 1546 Χριστοῦ,
3333 1485 3428 1537 καὶ
3461 1485 3618 1553 μέλη
3655 1484 3723 1537 ἐκ
3762 1492 3873 1555 μὲο

2287 1584 2434 1634 ρους
2453 1579 2466 1593 ·
2497 1566 2587 1616 καὶ
2619 1567 2806 1620 πάλιν·
2847 1569 2966 1621 Οὐκ
2997 1571 3214 1637 οἴδατε,
3233 1575 3319 1627 ὅτι
3344 1576 3413 1628 τὰ
3430 1578 3672 1646 σώματα
3697 1579 3874 1645 ὑμῶν

2287 1657 2442 1724 μέλη
2476 1659 2732 1724 Χριστοῦ
2760 1661 2925 1721 ἐστι;
2958 1664 3050 1714 καὶ
3078 1665 3136 1716 ἐν
3167 1667 3342 1730 ἄλλοις
3361 1684 3374 1697 ·
3405 1667 3540 1734 Diog
3568 1674 3599 1724 ὁ
3633 1670 3870 1740 χοῒκὸς,

2293 1747 2541 1800 τοιοῦτοι
2597 1751 2692 1804 καὶ
2726 1755 2779 1804 οἱ
2824 1757 3045 1821 χοϊκοί·
3099 1757 3196 1810 καὶ
3237 1754 3358 1823 οἶος
3407 1762 3441 1811 ὀ
3484 1761 3871 1830 ἐπουράνιος.

629 1840 821 1893 terreni
854 1855 872 1890 :
928 1849 974 1892 et
1021 1840 1191 1910 qualis
1224 1839 1465 1894 scelestis.
1510 1839 1639 1890 tales
1674 1838 1833 1890 etiam
1863 1840 2089 1894 cwlestes
2119 1841 2139 1869 ⁸
2173 1857 2186 1903 ;

2293 1839 2542 1892 τοιοῦτοι
2585 1843 2683 1895 καὶ
2719 1847 2770 1896 οἱ
2792 1841 3162 1912 ἑποιφάνιοι·
3201 1849 3312 1913 καὶ,
3349 1847 3548 1914 Καθὼς
3574 1851 3875 1920 ἐφορέσα-

630 1941 682 1986 et
708 1951 720 1985 :
763 1931 913 1986 Sicut
940 1935 1260 2001 portavimus
1295 1932 1574 1999 imaginem
1600 1932 1811 1999 terreni,
1860 1944 2122 2000 portemus
2147 1943 2190 1983 ct

628 2026 908 2095 imaginem
964 2025 1179 2079 scelestis
1214 2024 1255 2077 ’.
1308 2023 1366 2076 Si
1424 2023 1524 2077 viri
1577 2035 1738 2094 caput
1785 2033 1867 2079 est
1912 2025 2191 2086 Christus,

626 2119 828 2174 Christi
865 2131 1045 2174 autem
1098 2125 1260 2186 caput
1301 2116 1442 2172 Deus
1492 2117 1561 2183 ¹⁰,
1589 2117 1750 2171 homo
1776 2131 1903 2171 vero
1935 2131 2037 2168 non
2063 2130 2192 2168 con-

628 2212 1003 2266 substantialis
1038 2210 1146 2263 Deo
1190 2209 1408 2263 Christo
1460 2210 1614 2277 (non
1667 2209 1809 2260 enim
1855 2207 1995 2260 Deus
2022 2208 2190 2274 est),

626 2305 877 2358 Christus
928 2317 1056 2356 vero
1102 2299 1575 2355 consubstantialis
1631 2299 1738 2353 Deo
1787 2299 1951 2365 (Deus
1980 2299 2146 2365 enim)
2174 2338 2188 2361 ,

628 2415 733 2453 non
772 2399 935 2467 igitur
962 2406 1020 2449 ut
1060 2397 1159 2449 viri
1211 2405 1373 2464 Cupul
1401 2405 1482 2448 est
1514 2392 1768 2446 Christus
1805 2408 1819 2456 ;
1871 2392 1949 2446 sic
2005 2391 2144 2447 Deus
2173 2435 2187 2456 ,

626 2490 855 2547 Christi.
892 2489 1027 2544 Nam
1056 2496 1321 2544 creatura:
1354 2497 1544 2541 natura
1572 2495 1624 2540 et
1654 2485 1890 2539 creatrix
1934 2485 2107 2540 deitas
2139 2487 2190 2539 in

626 2601 793 2638 unum
824 2594 877 2638 et
905 2585 1045 2637 idem
1085 2599 1189 2636 non
1218 2579 1561 2634 conveniunt.
1588 2577 1824 2631 Proinde
1847 2577 1935 2631 ille
1969 2578 2189 2648 quidem

628 2685 686 2729 ut
718 2675 897 2739 Pater,
927 2683 1191 2742 caputest
1217 2672 1414 2724 Christi
1443 2688 1456 2733 ;
1497 2671 1581 2722 hic
1615 2683 1742 2722 vero
1769 2677 1827 2720 ut
1860 2667 2056 2729 laetor,
2093 2685 2191 2722 no-

626 2774 818 2822 strum.
852 2765 907 2817 Si
941 2765 1187 2817 voluntas
1223 2762 1394 2814 Patris
1422 2771 1526 2821 cst,
1559 2769 1613 2810 ut
1641 2774 1740 2812 nos
1773 2759 1823 2811 in
1855 2759 1968 2826 ejus
1996 2758 2188 2811 Filium

627 2856 913 2911 credamus
958 2852 1112 2921 (Ηιεε
1147 2861 1221 2905 est
1245 2852 1380 2903 enim
1407 2849 1643 2902 voluntas
1668 2847 1779 2916 ejus
1803 2849 1892 2916 qui
1920 2864 1999 2901 me
2024 2849 2187 2913 misit,

626 2958 682 3001 ut
724 2949 889 3002 omnis
907 2947 994 3014 qui
1026 2946 1157 2998 videt
1186 2942 1410 3005 Filium,
1441 2952 1486 2994 et
1517 2942 1678 2994 credit
1703 2941 1755 2993 in
1784 2942 1974 3007 ipsum,
2005 2941 2188 2993 habent

628 3044 788 3095 vitam
834 3051 1084 3094 a’ternam
1118 3035 1206 3108 “),
1243 3052 1350 3089 non
1382 3047 1558 3089 tamen
1598 3043 1682 3089 est
1713 3049 1777 3088 ex
1799 3035 2070 3087 voluntate
2101 3032 2188 3086 Fi-

632 3133 737 3187 lius
765 3148 781 3184 :
812 3133 1010 3201 quippe
1042 3138 1227 3182 nostra
1259 3129 1309 3180 in
1340 3129 1513 3196 ipsum
1546 3125 1678 3179 ﬁdes
1724 3135 1816 3178 aut
1860 3140 1981 3179 cum
2033 3125 2145 3193 ipso
2174 3164 2189 3188 ,

629 3234 721 3281 aut
759 3234 884 3278 ante
915 3223 1086 3291 ipsum
1123 3222 1415 3275 invenitur.

978 3316 1044 3367 In
1079 3314 1232 3374 illud,
1270 3329 1287 3361 ι
1323 3311 1489 3364 Nemo
1523 3311 1685 3363 bonus
1713 3310 1776 3359 ¹².
1814 3326 1834 3358 s

695 3409 752 3463 Si
787 3407 1037 3461 Salvator
1065 3406 1233 3458 bonus
1262 3416 1367 3454 non
1399 3409 1498 3464 est,
1530 3399 1837 3454 necessario
1861 3396 2030 3450 malus
2062 3406 2181 3450 est:

626 3500 852 3571 simplex
878 3512 1110 3565 namque
1138 3503 1240 3557 est,
1278 3509 1376 3547 nec
1424 3494 1713 3562 quidquam
1763 3505 1948 3544 eorum
1977 3504 2095 3557 qua:
2131 3490 2183 3542 in

629 3593 806 3648 medio
842 3599 988 3650 sunt,
1028 3587 1282 3640 admittit.
1333 3584 1396 3639 Et
1424 3585 1693 3654 quomodo
1726 3583 2017 3635 absurdum
2078 3595 2182 3633 non

629 3684 807 3745 fuerit,
844 3683 1108 3736 bonorum
1138 3678 1394 3731 factorem
1420 3675 1614 3728 malum
1637 3674 1797 3729 esse?
1829 3673 1983 3735 ltem,
2011 3673 2054 3725 si
2078 3672 2183 3725 vita

625 3778 822 3830 bonum
865 3781 966 3836 est,
997 3772 1159 3826 verba
1200 3785 1331 3825 vero
1369 3768 1488 3822 Filii
1533 3769 1638 3821 vita
1673 3775 1817 3830 sunt,
1862 3776 1920 3817 ut
1948 3765 2060 3834 ipse
2101 3764 2185 3817 (li-

628 3868 746 3921 xit:
787 3864 957 3919 Verba
991 3880 1106 3934 qua:
1147 3863 1350 3916 locutus
1387 3877 1501 3914 sum
1526 3860 1690 3921 vobis,
1725 3859 1948 3928 spiritus
1991 3865 2108 3908 sunt
2137 3863 2184 3907 et

624 3963 728 4012 vita
752 3960 794 3989 ¹³
817 3975 832 4024 ;
857 3957 1127 4027 quomodo
1153 3971 1275 4009 cum
1304 3969 1367 4007 ex
1408 3952 1681 4005 Pharisaeo
1722 3949 2033 4012 audivisset,
2067 3946 2185 4000 Ma-

624 4052 783 4119 gister
829 4049 958 4100 bone
986 4087 1001 4111 ,
1053 4046 1347 4113 respondet
1383 4061 1396 4099 :
1433 4042 1627 4096 Nullus
1685 4042 1846 4093 bonus
1904 4041 2006 4093 nisi
2050 4054 2184 4090 unus

625 4140 804 4193 Deus?
831 4138 947 4191 Non
981 4137 1123 4191 enim
1158 4153 1278 4189 cunt
1313 4137 1550 4188 audisset
1583 4135 1753 4188 solum
1800 4134 1997 4195 bonus,
2027 4133 2179 4195 dixit,

672 4347 694 4379 ⁸
725 4344 880 4400 Joan.
915 4361 1004 4408 xv,
1034 4345 1083 4398 Ι.
1121 4344 1141 4374 ⁵
1164 4343 1291 4396 ibid.
1320 4343 1369 4405 l,
1394 4341 1445 4394 5.
1523 4340 1543 4370 ⁸
1574 4339 1594 4392 l
1628 4339 1750 4393 Cor.
1777 4354 1874 4402 xli,
1903 4338 1992 4392 27.

625 4434 702 4484 ιι,
731 4419 784 4473 5.
864 4417 904 4447 ⁸⁸
935 4415 1090 4470 Joan.
1128 4428 1204 4478 γι,
1242 4411 1333 4465 40.
1414 4412 1456 4441 ³³
1502 4410 1666 4464 Marc.
1696 4425 1753 4473 ι,
1789 4409 1878 4461 18.

693 4533 802 4602 (δι)
855 4530 994 4585 Editi
1041 4529 1224 4599 φησίν.
1273 4526 1344 4602 At
1387 4533 1686 4602 nissLtres
1735 4522 1919 4602 φασιν.
1975 4521 2174 4602 Ibidem

624 4591 796 4658 ud‘em'
818 4613 927 4656 tres
957 4591 1088 4658 mss.
1105 4591 1357 4668 ’γεωργὸς
1383 4597 1439 4651 δὲ
1465 4599 1492 4649 ὁ
1514 4596 1728 4665 Πατήρ.
1750 4591 1957 4648 'Vocuta
1995 4591 2051 4644 δέ
2085 4592 2177 4646 ab-

623 4683 740 4727 erat
770 4689 800 4727 a
831 4671 1076 4741 vulgatis.

695 4742 807 4814 (55)
845 4738 1225 4814 lleg._quartt_ts
1246 4740 1406 4810 ἡμεῖς
1429 4738 1491 4814 δέ
1513 4739 1696 4814 ἐσμενἷ

719 4747 785 4798 55
845 4747 976 4810 Reg.
1002 4752 1225 4808 quartus
1246 4747 1406 4810 ἡμεῖς
1433 4747 1491 4791 δέ
1513 4747 1696 4806 ἔσμεν.

718 4747 807 4886 56)
833 4811 1202 4886 ῘοχῨΧριστῷ
1243 4814 1392 4886 deest
1428 4810 1479 4886 in
1515 4807 1780 4886 aliquibus
1805 4805 2101 4886 codicibus.

718 4816 806 4886 56)
833 4816 950 4867 Vox
982 4816 1202 4883 Χριστῷ
1243 4816 1392 4864 deest
1428 4816 1479 4862 in
1516 4816 1780 4875 aliquibus
1812 4816 2101 4862 codicnhus.

696 4816 807 4955 (57)
837 4884 975 4937 Editi
1005 4884 1098 4936 καὶ
1130 4885 1162 4952 ἡ
1196 4879 1396 4955 γκτιστὴ
1440 4879 1647 4955 Θεοτῃς.
1698 4879 1910 4955 A_ntiqui
1945 4877 2180 4955 quiltque

621 4944 743 5010 iibri
782 4944 928 5022 Regii
962 4956 1056 5006 κα).
1106 4944 1460 5023 ή’ἄκτιστος,
1492 4944 1658 5002 deiias
1716 4944 1976 5023 ineteata.
2022 4944 2174 5023 Colb.

623 5029 716 5080 καὶ
743 5029 774 5097 ἡ
802 5018 1050 5097 κτὶστικὴ
1081 5018 1295 5097 Θεότης,
1327 5023 1494 5074 deitas
1539 5018 1782 5097 creatrias.
1808 5018 1946 5097 _Reg.
1995 5019 2181 5097 tertius

621 5099 716 5149 καὶ
809 5093 999 5164 κτιστὴ
1032 5085 1372 5166 θεότηςξίρτο
1409 5091 1678 5166 κτιστιξιή.
1711 5085 1920 5142 ΙΙιίόειῐῘ
1952 5087 2076 5142 editi
2117 5085 2176 5138 οὐ

623 5159 1369 5237 συμϐάλλουσιν.-Αιῗιίιεεξ-οξῦ
1401 5159 1800 5219 συμϐαίνουσιν.

693 5225 803 5308 (58)
827 5235 1104 5308 lllud,_ot’m
1139 5233 1549 5308 ὲκ-βελήματος,
1589 5242 1716 5308 ειεη
1758 5230 1822 5282 ad
1847 5228 2064 5308 verbum
2100 5225 2180 5306 sic

621 5297 960 5376 interpretari
997 5305 1154 5357 licet:
1192 5302 1316 5376 Non
1348 5297 1428 5354 est
1455 5317 1517 5376 εῳ
1545 5300 1810 5376 voluntate
1839 5297 2010 5376 Filius
2043 5312 2060 5348 :
2107 5297 2181 5376 si-

621 5367 826 5446 quide'm
860 5377 1064 5428 credere
1095 5377 1149 5426 in
1186 5374 1384 5446 ipsum,
1432 5370 1503 5423 vel
1539 5386 1652 5422 cum
1685 5370 1818 5434 ipso,
1847 5367 1923 5421 vel
1946 5367 2181 5446 ante‘ipo

625 5437 736 5499 sum
762 5446 1023 5499 inrenitur
1049 5461 1065 5496 :
1093 5437 1214 5514 quae
1235 5445 1395 5496 verba
1434 5457 1592 5514 qua_m
1639 5449 1815 5507 aptam
1854 5437 2175 5514 sententiam

623 5517 832 5570 eihi-ere
859 5517 1084 5585 possint,
1110 5506 1254 5567 alius
1278 5506 1505 5585 viderit._
1525 5506 1781 5585 Suspicor
1807 5521 1981 5585 tamen
2024 5506 2178 5585 intel-

622 5588 710 5656 ligi
739 5589 816 5641 sic
845 5577 996 5653 posse
1027 5605 1039 5639 :
1078 5585 1390 5651 Quanquam
1427 5582 1671 5634 voluntas
1701 5579 1870 5631 l’atris
1907 5587 2010 5638 est,
2038 5587 2095 5655 ut
2126 5577 2176 5628 in

621 5647 815 5710 Filium
846 5647 1162 5710 credamus.
1205 5647 1308 5707 non
1356 5661 1530 5704 tamen
1583 5663 1864 5718 prOpterea
1911 5647 2175 5713 sequitur,

621 5726 812 5779 Filium
841 5741 905 5780 ex
939 5726 1206 5779 voluntate
1234 5738 1373 5777 esse.
1406 5721 1535 5773 Nam
1571 5730 1789 5772 creuere
1834 5732 1929 5770 nos
1964 5725 2176 5783 oportet

619 5796 676 5850 in
699 5794 911 5860 Filium,
945 5808 1000 5850 ut
1033 5795 1261 5862 primum
1296 5792 1350 5846 iu
1381 5794 1520 5846 hunc
1564 5791 1820 5845 mundum
1860 5787 2043 5851 venit,
2072 5788 2175 5838 imo

2071 4340 2089 4368 ⁷
2121 4338 2140 4390 l
2177 4337 2300 4394 Cor.
2332 4357 2403 4401 γι,
2444 4340 2530 4395 15.
2606 4342 2626 4372 ⁸
2656 4340 2675 4393 ι
2701 4343 2828 4396 Cor.
2879 4357 2948 4394 xv
2975 4379 2990 4404 ,
3038 4340 3127 4394 49.

1958 4409 2001 4440 ³³
2031 4407 2186 4463 Joan.
2213 4424 2287 4474 vr,
2317 4410 2405 4465 64.

2290 1951 2406 2000 μεν
2451 1933 2564 2001 τὴν
2588 1937 2792 1990 εἰκόνα
2831 1936 2935 1989 τοῦ
2971 1941 3202 2004 χοϊκοῦ,
3251 1940 3594 2011 φορέσωμεν
3627 1946 3725 1996 καὶ
3757 1943 3875 2009 τὴν·

2294 2028 2497 2079 εἰκόνα
2533 2031 2639 2082 τοῦ
2676 2029 3050 2097 ἐπουρανίου.
3095 2031 3156 2083 El
3197 2034 3384 2106 ἀνδρὸς
3421 2033 3628 2103 κεφαλὴ
3681 2036 3709 2086 6
3737 2037 3875 2104 Χρι-

2296 2118 2437 2179 στὸς,
2480 2119 2713 2189 Χριστοῦ
2765 2121 2821 2172 δὲ
2859 2121 3066 2190 κεφαλὴ
3117 2125 3145 2173 6
3191 2123 3342 2188 Θεὸς,
3371 2125 3655 2194 ἄνθρωπος
3694 2125 3752 2177 δὲ
3793 2126 3871 2196 τῷ

2294 2208 2410 2276 Θεῷ
2442 2211 2662 2280 Χριστῷ
2687 2210 2795 2280 (56)
2831 2212 2926 2280 οὐχ
2953 2211 3235 2280 ὁμοούσιος
3267 2216 3347 2284 (οὐ
3384 2215 3488 2284 γὰρ
3517 2213 3698 2282 Θεὸς),
3734 2216 3870 2284 Χρι-

2294 2302 2415 2365 στὸς
2444 2301 2498 2354 δὲ
2521 2303 2638 2373 Ε)εῷ
2666 2305 2946 2373 ὁμοοὺσιος
2965 2305 3115 2368 (Θεὸς
3141 2307 3269 2377 γάρ)
3294 2324 3306 2339 ·
3337 2311 3435 2361 οὐκ
3451 2310 3558 2378 ἄρα
3579 2307 3656 2370 ὡς
3680 2308 3874 2377 ἀνδρὸς

2294 2410 2353 2445 κε
2366 2392 2498 2464 ,εαλὴ
2526 2395 2776 2466 Χριστὸς,
2806 2395 2943 2447 οὕτω
2970 2395 3099 2458 Θεὸς
3127 2399 3380 2464 Χριστοῦ.
3417 2401 3479 2452 Ἡ
3506 2401 3614 2469 γὰρ
3638 2399 3872 2460 κτίσεως

2294 2486 2450 2554 φύσις
2484 2487 2577 2537 καὶ
2617 2488 2648 2555 ἡ
2681 2486 2925 2556 κτιστικὴ
2953 2485 3141 2557 Θεότης
3180 2491 3289 2557 (57)
3331 2493 3410 2553 εἰς
3443 2491 3498 2542 ἒν
3539 2494 3632 2544 καὶ
3671 2491 3872 2543 ταύτὸν

2292 2579 2350 2630 οὐ
2394 2576 2794 2648 συμϐαίνουσιν.
2843 2575 3048 2629 Οὐκοῦν
3091 2581 3118 2629 6
3164 2580 3260 2648 μὲν
3293 2579 3368 2640 ὡς
3419 2581 3609 2651 Πατὴρ
3657 2582 3870 2649 κεφαλὴ

2292 2669 2546 2740 Χριστοῦ,
2589 2673 2617 2723 6
2655 2670 2710 2724 δὲ
2738 2670 2813 2733 ὼς
2845 2669 3094 2739 ποιητὴς,
3129 2668 3304 2739 ἡμῶν.
3348 2671 3408 2722 Εἰ
3434 2672 3495 2722 τὸ
3526 2671 3743 2741 eam:
3776 2673 3870 2726 τοῦ

2293 2762 2500 2831 Πατρός
2540 2764 2652 2815 ἐστι
2694 2762 2754 2815 τὸ
2795 2769 3069 2814 πιστεύειν
3101 2763 3249 2831 ἡμᾶς
3298 2763 3376 2823 εὶς
3415 2760 3504 2813 τὸν
3541 2762 3674 2813 Υἱὸν
3706 2762 3870 2814 αὑτοῦ

2291 2852 2495 2918 (Τοῦτο
2521 2853 2629 2921 γάρ
2650 2856 2778 2907 ἐστι
2807 2855 2871 2908 τὸ
2896 2856 3119 2922 θέλημα
3145 2854 3249 2908 τοῦ
3281 2854 3740 2925 πέμψαντόςμε,
3771 2857 3876 2910 ἵνα

2290 2943 2406 3008 πᾶς
2437 2947 2469 2995 ὀ
2493 2945 2722 3012 θεωρῶν
2745 2948 2848 2998 τὸν
2887 2949 3043 3011 Υἱέίν,
3075 2947 3171 3002 καὶ
3202 2949 3501 3001 πιστεύων
3535 2949 3624 3013 εὶς
3658 2948 3868 3011 αὐτὸν,

2290 3035 2396 3101 ἔχῃ
2439 3031 2591 3100 ζωὴν
2631 3033 2910 3096 αἰώνιον),
2943 3037 3042 3087 οὐκ
3168 3037 3472 3105 θελήματος
3506 3041 3534 3089 6
3563 3038 3697 3101 Υἱός
3722 3038 3865 3105 (58)·

2293 3125 2412 3176 ἐπεὶ
2436 3123 2496 3176 τὸ
2525 3122 2796 3177 πιστεύειν
2825 3125 2972 3194 ἡμᾶς
2999 3127 3076 3186 εἰς
3101 3125 3259 3178 αὐτὸν
3289 3126 3319 3194 ἦ
3351 3127 3445 3177 σὺν
3481 3128 3650 3197 αὐτῷ,
3699 3130 3732 3198 ἢ
3762 3130 3870 3198 πρὸ

2220 3223 2263 3277 C
2295 3216 2478 3280 αὑτοῦ,
2513 3217 2569 3268 εὑ
2581 3218 2843 3288 ρίσκεται.

2641 3311 2743 3374 Εἰς
2783 3309 2869 3372 τὸ,
2910 3327 2930 3359 t
2973 3310 3178 3376 Οὐδεὶς
3207 3311 3442 3378 ἀγαθός.
3487 3329 3506 3360 s

2365 3400 2424 3450 Ei
2490 3401 2563 3470 μὴ
2606 3400 2801 3467 ἀγαθὸς
2844 3403 2871 3452 6
2900 3401 3105 3471 Σωτὴρ,
3153 3403 3362 3473 ἀνάγκῃ
3405 3403 3604 3464 κακός·
3664 3401 3870 3468 ἁπλοῖ-ς

2292 3489 2421 3561 γὰρ,
2454 3493 2546 3544 καὶ
2581 3493 2681 3545 οὐκ
2711 3493 3055 3563 ἐνδεχόμενός
3082 3494 3193 3564 (59)
3228 3512 3277 3547 τι
3318 3496 3423 3547 τῶν
3455 3497 3512 3546 ἐν
3550 3494 3721 3564 μέσῳ.
3760 3496 3869 3550 Καὶ

2292 3580 2408 3644 πῶς
2439 3582 2538 3634 οὐκ
2577 3582 2774 3636 ἄτοπον
2804 3583 2892 3635 τὸν
2927 3583 3033 3637 τῶν
3067 3585 3286 3652 ἀγαθῶν
3319 3585 3547 3656 ποιητὴν
3588 3586 3758 3639 κακὸν
3791 3584 3869 3639 εἷ-

2291 3692 2376 3726 ναι
2402 3691 2415 3739 ;
2442 3674 2534 3728 καὶ
2566 3675 2661 3745 εἰὴ
2681 3674 2791 3746 ζωὴ
2824 3674 3044 3743 ἀγαθὸν,
3063 3677 3131 3729 τὰ
3155 3676 3214 3728 δὲ
3241 3677 3458 3747 ῥήματα
3475 3678 3568 3729 τοῦ
3600 3677 3734 3730 Tim?
3753 3677 3865 3750 ζωή

2287 3767 2434 3819 ἐστιν
2468 3765 2602 3839 (40),
2631 3767 2705 3830 ὡς
2735 3768 2894 3830 αὐτὸς
2924 3763 3044 3821 εἷπε
3063 3785 3077 3799 ·
3119 3771 3194 3823 Τὰ
3211 3767 3466 3838 ῥήματα,
3492 3768 3528 3820 d
3550 3770 3866 3836 λελάληκα

2286 3859 2447 3927 ὑμῖν,
2479 3859 2712 3931 πνεῦμά
2759 3862 2889 3915 ἐστι
2951 3861 3049 3915 καὶ
3097 3861 3208 3929 ζωή
3248 3863 3409 3916 ἐστι’
3463 3861 3600 3928 πῶς,
3667 3865 3866 3932 Ἀτιαθὲ

2286 3950 2633 4016 διδάσκαλε,
2669 3954 2913 4016 ἀκούσας
2959 3953 3106 4024 παρὰ
3145 3953 3236 4006 τοῦ
3271 3954 3584 4025 Φαρισαῐου,
3632 3954 3858 4019 Οὐδεὶς,

2287 4044 2468 4114 φησιν,
2493 4047 2711 4112 ἀγαθὸς
2737 4047 2786 4098 ει
2807 4044 2892 4113 μὴ
2923 4040 3010 4110 εἷς
3041 4048 3075 4098 ὁ
3103 4048 3245 4110 Θεός
3273 4045 3416 4114 (Ml;
3463 4045 3536 4096 Οὐ
3579 4044 3690 4112 γὰρ
3721 4045 3858 4111 dra-

2285 4133 2388 4199 θός
2418 4133 2652 4195 ἀκούσας
2680 4135 2856 4203 μόνον,
2889 4129 3058 4196 εἶπεν,
3087 4134 3294 4197 Οὐδεὶς
3316 4132 3553 4200 ἀγαθὸς,
3590 4130 3747 4195 ἀλλὰ,
3778 4130 3859 4183 δι-

3261 4353 3389 4396 ιοια,
3431 4337 3521 4392 48.
3603 4340 3647 4370 ¹⁰
3680 4339 3698 4392 1
3727 4339 3850 4394 Cor.

2211 4535 2570 4595 Dantequam
2631 4528 2796 4582 etiam
2862 4534 3109 4581 naturam
3165 4527 3450 4580 humanam
3508 4539 3848 4592 assumeret,

2282 4612 2402 4649 cum
2436 4598 2758 4665 patriarcha:
2800 4605 2854 4651 et
2894 4595 3060 4650 Judaei
3087 4596 3250 4665 prisci
3281 4598 3346 4651 ad
3383 4598 3614 4652 salutem
3660 4614 3849 4653 conse-

2280 4671 2542 4733 quendam
2593 4668 2643 4721 in
2684 4667 2954 4721 Christum
3007 4675 3292 4721 venturum
3353 4670 3573 4721 credere
3629 4682 3849 4721 neces<e

2281 4737 2587 4790 habuerint.
2623 4737 2805 4806 Itaque
2834 4751 2954 4789 cum
3000 4735 3290 4790 debeamus
3316 4737 3626 4792 necessario
3650 4739 3845 4806 crede-

2279 4821 2337 4859 re
2373 4806 2424 4859 in
2451 4807 2642 4861 Filium
2677 4805 2820 4860 omni
2855 4814 3012 4860 aetate
3041 4815 3096 4860 et
3119 4815 3394 4875 tempore;
3427 4807 3554 4861 hinc
3601 4805 3847 4865 efﬁcitur,

2278 4876 2474 4930 Filium
2503 4893 2623 4931 esse
2660 4887 2876 4939 natura,
2910 4891 3015 4929 non
3049 4874 3325 4930 voluntate
3347 4917 3362 4939 ,
3388 4890 3563 4944 neque
3593 4875 3841 4943 adoptio—

2279 4962 2368 5003 ne.
2487 4946 2542 5000 Si
2578 4948 2812 5000 voluntas
2837 4956 2912 5000 est
2949 4944 3146 5009 Patris,
3168 4955 3232 4998 ut
3265 4962 3356 5000 nos
3399 4947 3451 4998 in
3497 4945 3612 5012 ejus
3645 4944 3694 4996 F
3699 4945 3845 4996 ilium

2278 5021 2620 5071 credamus...
2654 5033 2755 5070 non
2793 5028 2868 5070 est
2914 5031 2978 5068 ex
3033 5016 3295 5068 voluntate
3333 5013 3482 5076 Filii,
3521 5015 3712 5082 quippe
3758 5033 3846 5067 no-

2277 5099 2386 5139 stra
2419 5091 2471 5140 in
2503 5091 2670 5154 ipsum
2701 5087 2827 5154 ﬁdes
2860 5095 2948 5138 aut
2985 5101 3102 5137 eum
3132 5086 3245 5153 ipso
3274 5092 3366 5154 aut
3396 5095 3516 5138 ante
3543 5085 3720 5152 ipsum
3767 5085 3847 5154 in-

2277 5159 2501 5210 venitur.
2526 5153 2760 5211 'Subtilis
2788 5157 2905 5210 haec
2931 5155 3269 5208 ratiocinatio
3311 5153 3616 5207 illustratur
3653 5168 3717 5207 ex
3746 5153 3845 5205 alia

2278 5228 2462 5293 simili,
2484 5243 2603 5295 qua:
2640 5230 2922 5296 reperitur,
2947 5241 2999 5294 p.
3032 5224 3169 5296 288:
3201 5222 3255 5275 Si
3282 5224 3411 5290 fides
3433 5225 3484 5275 in
3516 5221 3722 5276 Filium
3754 5241 3844 5275 na-

2278 5307 2387 5351 stra
2419 5294 2546 5365 apus
2588 5307 2662 5350 est
2699 5294 2866 5350 Dei...
2900 5298 3007 5365 ipse
3049 5294 3145 5346 Dei
3184 5309 3310 5359 Opus
3350 5310 3460 5365 esse
3503 5310 3609 5346 non
3657 5304 3843 5365 potest.

2280 5367 2418 5421 Nam
2447 5361 2574 5436 fides
2607 5368 2662 5420 in
2691 5370 2857 5433 ipsum
2882 5361 2930 5419 et
2960 5364 3066 5436 ipse
3094 5380 3194 5436 non
3222 5362 3603 5436 idemJlsn/tat.
3622 5361 3846 5416 —Vetc-

2279 5453 2363 5492 res
2400 5433 2601 5508 aliquot
2645 5437 2763 5490 libri
2792 5437 2891 5508 obit
2912 5437 2974 5508 se
2995 5433 3294 5508 Θελήματος
3314 5434 3390 5487 δέ.

2348 5508 2456 5578 ('59)
2489 5501 2629 5561 Editi
2663 5509 2758 5560 οὐκ
2793 5501 3160 5575 ἐκδεχόμενος.
3195 5505 3263 5556 At
3285 5518 3418 5558 mss.
3446 5501 3696 5571 plerique
3729 5515 3844 5556 om-

2280 5593 2374 5632 nes
2405 5580 2503 5631 οὐκ
2537 5578 2902 5647 ὲνδεχόμενος.

2349 5649 2460 5719 (40)
2493 5649 2621 5718 Reg.
2655 5640 2899 5719 quartus,
2931 5642 3267 5719 ῥήματα-τοῦ
3290 5640 3530 5719 Χριστοῦ
3566 5642 3701 5713 ζωή.

2351 5710 2461 5789 (41)
2491 5710 2707 5788 Αιιῖξψῖὶ
2742 5720 2844 5772 duo
2873 5710 3014 5780 libri,
3050 5710 3128 5777 εἷς
3155 5713 3182 5764 6
3204 5710 3352 5776 Θεὸς.
