4088 6318
202 377 316 432 τοι

1298 376 1658 429 ADVERSUS
1699 373 2058 428 EUNOMILM
2104 371 2227 424 LIB.
2269 373 2355 424 ιγ.

3329 375 3434 426 702

199 491 520 554 δάσκαλος
564 493 800 561 ἁγηθός.
845 493 933 554 Ὠς
984 491 1118 562 πρὸς
1171 495 1498 564 πειράζοντα
1546 488 1636 543 οὖν
1669 493 1776 544 ἁπ-

1899 487 2092 541 Nullus
2134 490 2342 539 bonus:
2375 488 2466 540 scd
2501 500 2784 556 postquam
2823 488 2984 557 292
3016 488 3284 552 audierat,
3321 505 3436 540 ma-

201 581 486 650 εκρίνατο,
511 582 584 645 ῶς
614 601 744 652 φησι
779 581 840 648 τὸ
871 581 1213 650 Εὑαγγέλιον,
1258 585 1292 653 ἢ
1323 584 1396 646 ὡς
1421 583 1781 650 ἀγνοήσαντα,

198 671 293 724 ὅτι
317 672 448 738 Θεὸς
476 675 676 743 ἀγαθός
698 675 833 737 ἐστι,
869 675 962 726 καὶ
980 675 1075 744 οὐχ
1104 675 1288 737 ἁπλῶς
1311 674 1626 737 διδάσκαλος
1651 676 1785 742 ἀγα-

207 762 309 825 Οὸς
341 765 474 835 (ιε).

498 857 602 919 Εἰς
635 855 719 919 τὸ,
758 874 776 906 ι
814 855 1022 926 Πάτερ,
1056 857 1322 920 δόξασόν
1346 873 1438 926 με.
1481 876 1500 908 ι

316 950 376 1000 Εἰ
427 945 744 1014 δοξασθῆναι
795 950 942 1020 παρὰ
995 951 1086 1004 τοῦ
1133 949 1339 1019 Πατρὸς
1369 949 1532 1002 αἰτῶν
1574 950 1601 999 6
1637 949 1781 1010 Υἱὸς,

210 1039 415 1099 θεῖκῶς
454 1039 546 1090 καὶ
571 1039 668 1091 οὐκ
697 1040 1047 1111 ἀνθρωπίνως
1083 1042 1228 1110 ᾔτει·
1281 1044 1308 1094 ὃ
1339 1045 1435 1096 οὐκ
1470 1038 1614 1111 εἶχεν
1646 1042 1782 1110 ᾔτει.

207 1130 327 1182 Καὶ
363 1129 617 1196 ψεύδεται
663 1134 691 1186 6
727 1134 1107 1202 εὐαγγελιστὴς
1137 1136 1335 1188 εἰπών·
1388 1133 1784 1203 Ἐθεασὰμεθίι

203 1220 329 1286 τὴν
361 1221 549 1290 δόξην
573 1225 759 1279 αὑτοῦ
780 1243 792 1256 ·
838 1227 930 1279 καὶ
962 1227 989 1276 6
1030 1226 1341 1292 Ἀπόστολος
1362 1246 1374 1259 ·
1413 1233 1531 1282 Οὐκ
1567 1227 1642 1282 ἂν
1679 1227 1785 1279 τὸν

206 1311 434 1377 Κύριον
473 1314 583 1382 τῆς
615 1315 796 1382 δόξης
821 1317 1236 1383 ἐσταιξρωσαν⁸
1266 1323 1359 1372 καὶ
1390 1323 1416 1372 6
1444 1320 1604 1371 Δαϐίδ
1623 1337 1634 1348 ·
1673 1317 1781 1372 Καὶ

205 1402 619 1458 εἰσελεύσεται
654 1405 994 1472 όβασιλεὺς
1021 1407 1127 1475 τῆς
1148 1409 1344 1477 δόξης.
1371 1411 1442 1461 Οὐ
1470 1411 1780 1481 προσθήκην

207 1489 305 1545 οὖν
335 1495 490 1566 δόξης
518 1498 678 1559 αἰτεῖ,
710 1496 842 1550 ἀλλά
877 1500 974 1570 τῆς
1007 1503 1311 1572 οἰκονομίας
1349 1503 1445 1570 τὴν
1482 1503 1782 1570 φανέρωσιν

208 1587 484 1650 γενέσθαι.

811 1685 912 1746 Εις
933 1684 997 1734 τὸ
1023 1685 1187 1735 αὐτό.

283 1767 346 1818 El
381 1765 476 1836 τὴν
510 1767 661 1832 δόξαν
691 1771 756 1837 ἣν
781 1769 894 1838 εἶχε
923 1773 1027 1842 πρὸ
1056 1773 1148 1824 τοῦ
1183 1773 1270 1824 τὸν
1305 1773 1505 1844 κόσμον
1534 1775 1777 1842 γενέσθαι

208 1858 431 1928 ἀληθῶς
483 1861 630 1932 παρά
683 1862 776 1914 τοῦ
836 1840 1046 1933 Πατρὺς
1090 1865 1227 1934 ᾔτει,
1288 1840 1570 1918 ἀποϐαλὼν
1616 1870 1779 1938 αὐτὴν
1811 1840 1855 1895 Β

210 1953 353 2021 ᾔτει.
390 1955 463 2006 Οὐ
499 1955 606 2026 γὰρ
639 1954 702 2008 ἂν
730 1954 757 2007 ὃ
785 1950 893 2024 εἶχε
926 1955 1106 2008 λαϐεῖν
1141 1957 1409 2027 ἐπεζήτει.
1443 1958 1504 2010 Ei
1527 1957 1582 2010 δὲ
1605 1958 1776 2020 τοῦτο,

209 2046 275 2096 οὐ
307 2046 407 2117 τὴν
446 2047 601 2112 δόξαν
631 2048 992 2117 ἀποϐεϐλήκει
1025 2049 1200 2119 μόνον,
1239 2049 1371 2103 ἀλλά
1405 2051 1496 2104 καὶ
1538 2051 1632 2122 τὴν
1664 2051 1779 2104 θεό-

208 2155 372 2208 τητα.
441 2139 763 2208 Ἀχώριστος
829 2141 935 2210 γὰρ
995 2142 1026 2209 ἠ
1071 2140 1193 2203 δόξα
1233 2141 1330 2210 τῆς
1381 2141 1646 2210 θεότητος.
1679 2141 1783 2193 Ψι-

207 2230 304 2292 λδς
373 2227 462 2282 οὖν
516 2231 654 2283 κατά
713 2232 972 2283 Φωτεινδν
1029 2232 1137 2297 (45)
1197 2228 1264 2300 ἦν
1311 2232 1587 2300 ἄνθρωπος
1651 2233 1774 2302 ἄρα.

207 2321 466 2372 Φαίνεται
519 2316 610 2372 οὖν
665 2320 734 2373 τὰ
791 2320 1010 2372 τοιαῦτα
1053 2320 1172 2372 κατ’
1206 2321 1510 2389 οἰκονομίαν
1555 2321 1651 2389 τῆς
1691 2324 1781 2373 ἁν-

211 2410 586 2481 θρωπότητος,
654 2409 714 2461 οὐ
784 2410 903 2462 κατ’
971 2408 1198 2478 ἔλλειψιν
1256 2410 1351 2477 τῆς
1409 2409 1655 2481 Θεότητος
1707 2412 1780 2462 εί·-

211 2499 423 2571 ρηκὼς.

359 2594 461 2658 Εἰς
489 2592 572 2655 τὸ,
609 2611 626 2643 ι
670 2595 1039 2661 Πρωτότοκος
1076 2592 1277 2659 πάσης
1306 2593 1571 2658 κτίσεως.
1614 2611 1632 2644 ι

285 2684 349 2735 EE
378 2684 481 2756 πρὸ
500 2685 597 2754 τῆς
623 2686 844 2745 κτίσεως
875 2686 902 2734 ὁ
929 2685 1050 2744 Υἱὸς
1080 2685 1138 2733 οὐ
1170 2684 1412 2751 γέννημά
1442 2688 1604 2744 ἐστιν,
1649 2683 1781 2736 ἀλλὰ

207 2777 454 2846 κτίσμα·
492 2777 888 2847 πρωτόκτιστος
923 2773 986 2824 ἂν
1025 2772 1257 2839 ἐλέγετο,
1297 2773 1389 2823 καὶ
1417 2773 1475 2822 οὺ
1510 2772 1779 2840 πρωτότο-

209 2885 332 2928 κος.
381 2869 464 2929 Ei,
520 2865 704 2935 ἐπειδὴ
757 2865 1096 2934 πρωτότοκος
1146 2862 1243 2930 τῆς
1288 2863 1510 2925 κτίσεως
1549 2862 1778 2932 εἴρηται,

212 2956 617 3025 πρωτόκτιστὸς
658 2957 795 3016 ἐστι,
831 2955 924 3005 καὶ
958 2954 1296 3022 πρωτότοκος
1345 2951 1627 3021 εἰρημένος
1659 2951 1781 3003 ιτῶν

211 3047 449 3117 νεκρῶν,
499 3047 925 3118 προτελευτῆσας
964 3044 1028 3098 ἂν
1062 3045 1144 3114 εἴη
1184 3044 1288 3096 τῶν
1339 3043 1564 3113 νεκρῶν.
1617 3043 1678 3094 Ei
1726 3042 1782 3094 δὲ

210 3142 555 3212 πρωτότοκος
588 3139 794 3211 νεκρῶν
827 3140 936 3208 (44)
970 3137 1200 3208 εἴρηται,
1232 3136 1319 3190 διά
1356 3136 1416 3189 τὸ
1443 3136 1611 3199 αἴτιος
1643 3134 1778 3188 εἶναι
1805 3177 1853 3241 c

206 3234 314 3302 τῆς
363 3234 426 3284 ἐκ
456 3233 659 3301 νεκρῶν
707 3232 1052 3292 ἀναστάσεως
1077 3247 1089 3259 '
1127 3229 1266 3282 οὕτω
1305 3231 1399 3282 καὶ
1443 3231 1779 3298 πρωτότοκος

208 3323 466 3385 κτίσεως,
504 3323 588 3374 διὰ
617 3324 676 3374 τὸ
700 3323 868 3384 αἴτιος
899 3319 1032 3373 εἶναι
1072 3322 1163 3375 τοῦ
1207 3320 1264 3385 ἐξ
1293 3322 1390 3374 οὐκ
1414 3321 1579 3374 ὄντων
1612 3324 1690 3384 είς
1721 3322 1781 3374 τὸ

207 3410 367 3466 εἶναι
410 3416 747 3482 παραγαγεῖν
784 3412 882 3482 τὴν
914 3412 1107 3464 κτίσιν.
1148 3412 1208 3462 Εἰ
1237 3411 1296 3462 τὸ
1335 3413 1668 3480 πρωτότοκος
1706 3413 1780 3463 εί·-

213 3501 417 3573 ρῆσθαι
439 3502 537 3572 τῆς
558 3501 803 3564 κτίσεως,
831 3501 1042 3569 πρῶτον
1064 3501 1220 3552 αὑτὸν
1236 3500 1557 3569 γεγενῆσθαι
1577 3501 1782 3552 δείκνυ-

213 3612 303 3646 σιν
354 3597 382 3648 6
418 3593 733 3656 Ἀπόστολος
762 3591 933 3646 εἰπὼν
964 3633 978 3655 ,
1019 3591 1220 3645 Πάντα
1253 3593 1324 3644 δι’
1354 3593 1536 3649 αὐτοῦ
1564 3594 1658 3645 καὶ
1695 3596 1781 3658 εἰς

209 3685 400 3737 αὐτὸν
431 3686 715 3749 ἔκτισται,
742 3685 968 3755 ὤφειλεν
996 3687 1187 3745 εἰπεῖν,
1223 3686 1331 3736 Καὶ
1366 3685 1522 3748 αὐτὸς
1547 3685 1780 3753 ἐγένετο

212 3776 325 3844 πρὸ
343 3777 572 3828 πάντων.
601 3775 780 3828 Εἰπὼν
806 3776 882 3839 δὲ,
909 3776 1012 3828 Καὶ
1033 3777 1211 3840 αὐτός
1229 3777 1358 3828 ἐστι
1387 3776 1498 3843 πρὸ
1519 3775 1775 3842 πάντων,

210 3863 380 3926 ἔδειξε
424 3865 513 3916 τὸν
556 3865 652 3932 μὲν
700 3866 785 3917 ἀεὶ
832 3865 978 3926 ὄντα,
1027 3866 1123 3936 τὴν
1161 3867 1217 3919 δὲ
1253 3867 1425 3919 κτίσιν
1461 3869 1774 3940 γενομένην.

211 3954 290 4007 Τὸ
315 3955 441 4024 γὰρ,
477 3956 662 4017 Ἔστι,
697 3954 793 4024 τῷ,
834 3957 927 4008 ‘Er
949 3955 1103 4024 ἀρχῇ
1129 3954 1208 4026 ἦν
1245 3962 1277 4011 ὀ
1306 3961 1513 4026 Λόγος,
1545 3961 1774 4031 συνᾴδει.

211 4047 278 4098 Ei
315 4047 670 4118 πρωτότοκος,
718 4048 897 4116 φασὶν,
952 4049 980 4099 ὁ
1030 4047 1173 4111 Υἱὸς,
1222 4050 1401 4102 οὐκέτι
1454 4053 1776 4122 μονογενής·

209 4137 330 4190 ἀλλ’
368 4138 569 4206 ὀφείλει
617 4139 708 4205 καί
751 4138 906 4201 ἄλλος
947 4134 1103 4201 εἶναι,
1151 4134 1210 4192 οὗ
1247 4141 1582 4208 πρωτότοκος
1627 4141 1780 4210 λέγη-

208 4246 303 4280 ται
338 4229 468 4296 (45).
520 4231 795 4299 Καίτοιγε,
823 4225 866 4282 ὧ
902 4231 1049 4300 σοφὲ,
1077 4231 1170 4283 καὶ
1199 4232 1261 4282 ὲκ
1286 4232 1496 4301 Μαρίας
1527 4232 1625 4300 τῆς
1648 4249 1778 4301 παρ-

209 4319 368 4372 θένου
403 4322 558 4390 μόνος
586 4323 863 4392 γεννηθεὶς
885 4364 898 4387 ,
935 4323 1275 4395 πρωτότοκος
1327 4324 1493 4393 αὐτῆς
1541 4323 1772 4394 εἴρηται.

210 4415 369 4477 ’Έως
411 4409 481 4467 οὗ
532 4412 638 4485 γὰρ
678 4415 862 4479 ἔτεκε,
906 4417 1066 4484 φησὶ,
1113 4416 1216 4467 τὸν
1261 4416 1392 4467 υἱὸν
1446 4415 1635 4483 αὐτῆς
1667 4417 1773 4468 τὸν

1885 579 2042 648 giuer
2082 581 2268 632 bonus.
2300 577 2594 644 Respondit
2635 583 2794 647 igitur
2830 581 2972 633 velut
3005 580 3070 632 ad
3121 588 3441 641 tentanlem,

1888 679 1946 722 ιιι
1976 671 2321 740 Evangelium
2342 670 2505 732 dicit;
2539 681 2628 723 aut
2653 673 2798 727 velut
2821 675 2886 727 ad
2917 669 3444 744 ignorantem,quod

1891 759 2027 814 Deus
2056 763 2228 815 bonus
2253 759 2340 824 sit,
2373 767 2426 812 et
2455 776 2558 812 non
2597 761 2911 828 simpliciter
2957 762 3216 833 magister
3246 762 3439 815 bonus.

2163 851 2230 905 In
2260 850 2416 913 illud,
2454 869 2471 900 ι
2522 849 2703 912 Pater,
2732 852 2968 921 glori/ica
2995 874 3071 909 me
3105 855 3178 904 η.
3221 871 3239 902 ι

1957 940 2012 995 Si
2044 960 2164 996 cum
2198 942 2493 1014 glorilicari
2520 957 2546 994 a
2588 942 2747 996 Patre
2770 944 2935 996 Filius
2971 948 3303 1013 postularet,
3352 960 3440 998 se-

1885 1035 2118 1085 cundum
2146 1035 2420 1098 deitatem,
2457 1048 2560 1086 non
2594 1036 2885 1086 secundum
2923 1034 3308 1092 humanitatem
3342 1052 3440 1105 po-

1885 1123 2158 1178 Stulaliat:
2194 1126 2333 1190 quod
2389 1142 2490 1179 non
2547 1125 2794 1184 habebat,
2843 1125 3077 1191 petebat.
3116 1125 3178 1179 Et
3205 1141 3440 1198 evange-

1886 1212 2006 1264 lista
2041 1215 2319 1276 mentitur,
2365 1232 2484 1266 cum
2509 1217 2644 1268 dixit
2672 1233 2686 1269 :
2719 1213 2953 1268 Vidimus
2980 1215 3196 1284 gloriam
3224 1219 3335 1286 ejus
3359 1222 3436 1284 ";

1886 1311 1936 1353 et
1969 1303 2258 1368 Apostolus
2290 1321 2304 1356 :
2356 1303 2478 1356 Non
2507 1309 2679 1374 utique
2733 1306 3015 1358 Dominum
3060 1309 3241 1376 gloria:
3267 1313 3436 1361 cruci-

1883 1393 2118 1462 ﬁxissent
2166 1395 2242 1458 ¹⁸;
2285 1406 2337 1447 ει
2385 1394 2548 1447 David
2583 1415 2594 1447 :
2648 1399 2712 1449 Ιιί
2764 1399 2996 1453 introibit
3029 1415 3118 1451 rea:
3157 1400 3341 1468 gloria:
3379 1403 3440 1456 ".

1884 1481 1998 1537 Non
2038 1484 2197 1553 igitur
2229 1485 2594 1536 accessionem
2625 1488 2753 1554 petit
2779 1488 2981 1557 gloria),
3013 1489 3107 1542 sed
3131 1500 3186 1542 ut
3226 1491 3443 1559 dispeito

1884 1579 2106 1631 sationis
2135 1578 2222 1631 iiat
2257 1577 2641 1630 manifestatio.

2544 1668 2608 1722 In
2632 1671 2785 1724 idem.

1960 1757 2015 1812 Si
2056 1775 2212 1827 quam
2246 1764 2478 1818 habebat
2508 1763 2732 1833 gloriam
2770 1772 3055 1833 antequam
3087 1769 3318 1823 mundus
3348 1767 3441 1824 ﬁe-

1885 1861 1988 1915 ret,
2017 1865 2133 1905 eam
2165 1869 2290 1907 vere
2317 1871 2345 1907 a
2380 1855 2538 1910 Patre
2563 1857 2806 1924 petebat;
2837 1856 2978 1909 hanc
3003 1861 3253 1914 amissam
3284 1871 3434 1930 pete-

1887 1945 1995 1996 bat.
2023 1944 2206 2011 Neque
2245 1947 2388 1999 enim
2419 1951 2558 2016 quod
2590 1947 2840 2012 habebat,
2877 1948 2926 2000 id
2969 1949 3216 2018 accipere
3245 1962 3431 2020 postu-

1883 2031 2046 2087 labat.
2079 2034 2134 2086 Si
2167 2049 2294 2087 vero
2331 2050 2415 2088 res
2453 2036 2522 2088 ita
2555 2053 2610 2090 se
2639 2039 2818 2100 habet,
2863 2052 2966 2090 non
2995 2038 3219 2106 gloriam
3258 2043 3439 2097 amisit

1881 2124 2072 2189 solmu,
2127 2126 2221 2180 sed
2252 2127 2506 2180 deitatem
2547 2129 2728 2181 etiam.
2776 2130 2909 2182 Nam
2946 2131 3114 2198 gloria
3162 2147 3190 2184 a
3236 2133 3439 2189 deitate

1879 2218 2118 2285 Separari
2168 2233 2270 2272 non
2303 2230 2504 2289 potest.
2552 2219 2736 2274 Nudus
2766 2238 2892 2287 ergo
2917 2227 3215 2278 secundum
3251 2225 3438 2280 Photi-

1880 2323 2003 2363 num
2041 2311 2202 2366 homo
2227 2323 2364 2366 erat.
2401 2311 2635 2365 Proinde
2681 2327 2803 2368 eum
2842 2315 2963 2369 talia
3013 2315 3308 2372 secundum
3343 2319 3442 2372 ltu-

1880 2407 2155 2459 manitatis
2201 2408 2682 2474 dispensationem,
2740 2425 2844 2464 non
2888 2414 3185 2467 secundum
3221 2414 3440 2470 deitatis

1881 2495 2144 2548 defectum
2188 2497 2388 2552 dixisse
2411 2509 2643 2552 constat.

1950 2583 2017 2638 In
2050 2586 2182 2638 illud
2204 2627 2218 2652 ,
2248 2605 2266 2637 ι
2315 2587 2702 2657 Primogenitus
2745 2591 2915 2643 omnis
2960 2602 3215 2646 creaturae
3247 2594 3310 2646 ¹⁸.
3343 2613 3362 2645 ι

1949 2676 2114 2731 Filius
2156 2679 2198 2730 si
2229 2687 2354 2731 ante
2383 2691 2681 2732 creaturam
2704 2684 2945 2750 genitura
2983 2699 3085 2736 non
3119 2697 3283 2750 esset,
3345 2687 3440 2741 sed

1879 2781 2121 2824 creatura
2150 2787 2163 2834 ;
2198 2773 2594 2840 primocreatns
2623 2775 2805 2841 utique
2845 2776 2928 2828 die
2943 2787 3145 2841 eretur,
3192 2795 3295 2833 non
3327 2780 3439 2848 pri-

1882 2865 2200 2933 mogenitus.
2236 2867 2288 2919 Si
2321 2879 2603 2935 propterea
2627 2870 2766 2935 quod
2797 2871 3184 2938 primogenitus
3215 2884 3434 2926 creatu-

1884 2969 1954 3006 rze
1982 2956 2154 3007 dictus
2191 2970 2296 3014 est.
2323 2957 2715 3023 primucreatus
2750 2966 2853 3017 est,
2880 2958 3043 3010 etiam
3071 2974 3134 3011 eu
3157 2961 3298 3027 quod
3327 2963 3439 3030 pri-

1882 3046 2192 3114 mogenitus
2222 3054 2552 3098 mortuorum
2597 3047 2772 3099 dictus
2805 3057 2887 3099 est
2920 3049 2962 3078 ¹⁹
2985 3087 3001 3112 ,
3049 3049 3253 3118 primus
3277 3066 3342 3105 ex
3374 3053 3438 3108 iis

1884 3137 1970 3203 qui
2012 3138 2202 3188 mortui
2232 3147 2376 3200 sunt,
2415 3152 2656 3190 mortuus
2689 3137 2868 3191 fuerit.
2902 3138 2958 3192 Si
3001 3155 3128 3194 vero
3161 3145 3435 3214 primoge—

1886 3228 2027 3280 nitus
2073 3239 2398 3279 mortuorum
2445 3244 2507 3280 ex
2536 3243 2599 3281 eo
2636 3229 2810 3281 dictus
2851 3239 2952 3294 cst,
2980 3233 3118 3298 quod
3161 3248 3324 3287 causa
3356 3245 3440 3287 est

1883 3317 2291 3372 resurrectionis
2313 3332 2342 3370 e
2379 3319 2602 3371 mortuis
2629 3335 2642 3370 :
2676 3320 2744 3370 ita
2775 3334 2827 3373 ει
2859 3322 3246 3390 primogenitus
3275 3339 3437 3378 crea-

1883 3420 2034 3471 tura}.
2061 3425 2124 3464 ex
2147 3425 2210 3463 eo
2233 3412 2372 3476 quod
2397 3425 2558 3462 causa
2580 3420 2993 3464 estutcreatura
3019 3431 3047 3466 e
3066 3414 3230 3468 nihilo
3252 3419 3316 3467 ad
3331 3433 3440 3470 esse

1882 3506 2134 3567 producta
2157 3503 2241 3554 sit.
2269 3500 2326 3552 Si
2355 3515 2474 3553 eum
2493 3503 2721 3566 primum
2748 3501 2944 3557 factum
2967 3520 3084 3558 esse
3113 3507 3237 3560 hinc
3256 3518 3440 3561 osten-

1881 3591 2042 3648 ditur,
2066 3592 2204 3657 quod
2237 3592 2630 3658 primogenitus
2651 3606 2910 3646 creaturae
2938 3596 3116 3648 dictus
3145 3607 3248 3661 est,
3285 3600 3440 3666 Apo-

1881 3682 2049 3735 stolus
2079 3683 2167 3750 qui
2197 3683 2328 3733 dixit
2353 3699 2365 3734 :
2403 3681 2592 3735 Omnia
2609 3686 2882 3752 peripsum
2913 3695 2958 3738 et
2983 3687 3036 3739 in
3067 3687 3233 3755 ipsum
3262 3702 3438 3744 creata

1878 3772 2077 3838 sunt”,
2109 3771 2291 3824 debuit
2316 3771 2498 3826 dicere
2526 3791 2540 3826 :
2565 3773 2630 3827 Et
2653 3773 2765 3842 ipse
2786 3775 2958 3843 [aetas
2987 3788 3057 3830 est
3072 3789 3206 3833 ante
3228 3782 3434 3834 omnia.

1876 3863 1946 3916 At
1969 3879 2088 3917 cum
2119 3864 2315 3915 dixerit
2352 3877 2365 3915 :
2395 3861 2460 3915 Et
2497 3865 2605 3933 ipse
2629 3875 2705 3919 est
2741 3879 2860 3919 ante
2907 3872 3082 3921 omnia
3117 3912 3131 3934 ,
3201 3873 3438 3928 ostendit

1877 3970 1997 4008 eum
2045 3954 2256 4020 quidem
2299 3966 2510 4009 semper
2560 3969 2702 4016 esse,
2744 3966 3050 4009 creaturam
3079 3973 3205 4011 vero
3238 3962 3435 4015 factam

1877 4042 2062 4096 fuisse.
2126 4041 2252 4093 Nam
2319 4042 2486 4103 illud,
2533 4054 2628 4106 est,
2690 4060 2810 4097 cum
2869 4046 2987 4112 hoc,
3069 4047 3134 4101 In
3181 4053 3435 4121 principio

1877 4146 1983 4187 erat
2023 4132 2240 4184 Verbum
2264 4132 2328 4193 ²¹,
2359 4136 2643 4188 consentit.
2681 4135 2738 4189 Si
2773 4137 2962 4197 Filius.
2997 4140 3276 4207 inquiunt,
3312 4146 3425 4212 pri-

1881 4225 2184 4293 mogenitus
2215 4233 2317 4289 est,
2354 4239 2456 4276 non
2499 4225 2723 4294 amplius
2756 4239 2836 4281 est
2873 4230 3200 4298 unigenitus,
3243 4236 3335 4288 sed
3378 4245 3436 4290 et

1879 4317 2014 4371 alius
2047 4331 2164 4370 esse
2193 4316 2372 4379 debet,
2411 4318 2496 4370 cui
2528 4331 2870 4388 comparatus
2912 4325 3304 4394 primogenitus
3351 4329 3434 4382 di-

1879 4419 2048 4462 catur.
2081 4409 2261 4476 Atqui,
2294 4424 2327 4462 ο
2357 4410 2588 4478 sapiens,
2615 4413 2774 4465 etiam
2803 4429 2867 4465 ex
2904 4414 3067 4466 Maria
3106 4417 3312 4482 virgine
3343 4434 3433 4473 so-

207 4504 605 4572 πρωτότοκον.
646 4505 804 4557 Ὥστε
844 4507 940 4558 οὐκ
985 4505 1194 4575 ἀνάγκη
1223 4505 1448 4573 ἀδελφοῦ
1480 4505 1589 4574 (46)
1619 4523 1764 4575 πρω-

1881 4503 1960 4554 lus
1990 4512 2162 4566 natus,
2195 4503 2584 4571 primogenitus
2609 4503 2725 4569 ejus
2751 4505 2928 4557 dictus
2955 4516 3054 4560 est.
3091 4507 3261 4562 Donec
3289 4512 3429 4564 enim

203 4597 427 4646 τότοκον
462 4593 731 4661 λέγεσθαι.
784 4596 1013 4667 Λεχθείη
1057 4597 1102 4648 δ’
1138 4598 1222 4660 ἂν,
1249 4597 1326 4650 ὅτι
1360 4598 1450 4650 καὶ
1475 4600 1502 4649 ὁ
1531 4598 1634 4669 πρὸ
1662 4601 1771 4668 (47)

204 4688 391 4758 πάσης
438 4688 740 4756 γεννήσεως
789 4688 1129 4757 πρωτότοκος
1183 4688 1433 4756 ἐλέγετοο
1475 4688 1552 4741 ἔτι
1591 4689 1645 4741 δὲ
1680 4692 1769 4743 καὶ

283 4917 327 4990 ‘_‘_
361 4914 512 4990 Joan.
542 4931 672 4990 xvii.
704 4916 793 4990 5.__
835 4917 879 4990 ξ’
906 4915 1128 4990 Joan.i.
1166 4917 1251 4990 14.
1285 4920 1407 4990 η¹⁶Ι
1453 4919 1576 4972 Cor.
1613 4936 1674 4978 ll,
1709 4923 1761 4976 8.

199 4986 252 5016 ²⁰
291 4986 494 5041 Coloss.
520 5001 559 5052 Ι,
593 4986 678 5042 16.
754 4986 795 5017 ¹¹
827 4986 976 5041 Joan.
1007 4986 1044 5051 ι’,
1077 4989 1120 5043 l.
1199 4989 1242 5018 “
1283 4988 1470 5042 Matth.
1501 5005 1540 5053 I,
1571 4990 1658 5042 '25.

277 5161 401 5237 (θλ
422 5162 556 5217 Editi
589 5166 681 5217 καὶ
706 5181 804 5235 ουχ
838 5165 1020 5228 ἁπλῶς
1057 5167 1226 5228 οὐδεὶς
1267 5167 1576 5231 διδάσκαλος
1629 5170 1764 5237 ἀγα-

196 5231 318 5294 θός.
361 5230 856 5300 Ττερειυιιιίυε,”δὶ
900 5251 1004 5288 ηοη
1035 5248 1197 5299 recte,
1233 5246 1287 5289 at
1321 5230 1761 5292 tidelitertauien

196 5305 592 5375 interpretatus
619 5311 720 5375 est.
751 5321 869 5356 cum
913 5306 983 5356 ita
1013 5307 1226 5373 scripsit
1258 5328 1268 5359 :
1315 5307 1378 5358 Et
1423 5324 1525 5359 non
1554 5309 1758 5375 simpli-

197 5374 336 5424 citer
367 5371 540 5441 nullus
571 5374 812 5441 magister
844 5376 1024 5426 bonus.
1066 5371 1136 5426 Αι
1177 5377 1343 5427 nostri
1389 5387 1590 5441 septem
1628 5371 1754 5430 mss.

195 5442 297 5493 καὶ
324 5442 420 5513 οὐχ
453 5440 639 5503 ἁπλῶς
661 5441 970 5513 διδάσκαλος
996 5444 1217 5511 ἀγαθός,
1259 5445 1370 5507 illo,
1404 5440 1596 5508 οὐδείς,
1623 5462 1758 5513 prae-

198 5512 478 5585 termisso,
523 5522 686 5564 recte.
734 5512 842 5585 Hoc
875 5525 954 5585 est
996 5532 1009 5585 ς
1049 5515 1127 5568 Με
1165 5515 1378 5582 quidem
1424 5517 1558 5568 dicis
1587 5512 1754 5585 magi-

193 5587 371 5633 strum
402 5580 595 5632 bunum
623 5595 634 5630 :
665 5583 756 5633 sed
783 5583 878 5634 hoc
901 5583 1116 5647 dixisse,
1141 5580 1274 5636 satis
1300 5600 1402 5637 non
1427 5596 1525 5637 est.
1544 5580 1750 5638 Etenim

195 5663 308 5722 non
335 5664 451 5701 sum
485 5650 654 5702 solum
683 5653 933 5718 magister
965 5655 1148 5722 bonus,
1178 5655 1268 5706 sed
1296 5669 1414 5706 sum
1435 5656 1596 5707 etiam
1619 5657 1753 5709 Deus

191 5719 392 5775 bonus.

274 5789 385 5858 (45)
435 5788 509 5843 De
547 5788 775 5844 Photino
808 5790 1052 5845 haeretico
1091 5791 1186 5852 legi
1223 5803 1399 5861 potest
1441 5794 1750 5851 dissertatio

1842 4921 1882 4950 ¹⁷
1911 4921 2049 4975 Psal.
2091 4935 2241 4984 χχιιι,
2288 4921 2337 4972 7.

1874 4598 2168 4661 peperisset,
2234 4595 2426 4661 inquit,
2487 4594 2655 4659 ﬁlium
2708 4611 2856 4646 suum
2912 4599 3318 4667 primogenitum
3361 4604 3427 4655 ⁸³.

1874 4688 2051 4752 Quare
2085 4700 2186 4737 non
2221 4693 2303 4735 est
2333 4699 2549 4737 necesse
2583 4685 2766 4738 fratris
2816 4703 3061 4746 resoecm
3097 4693 3426 4762 primogeni-

2419 4921 2459 4950 ”
2507 4921 2710 4976 Coloss.
2763 4940 2801 4990 I,
2840 4925 2924 4980 lfi.
3003 4927 3045 4958 ¹⁹
3079 4927 3240 4995 Apoc.
3293 4942 3332 4992 l,
3373 4928 3424 4980 Ξ».

1865 5167 2102 5238 Dionysii
2135 5168 2356 5233 Petavii,
2397 5169 2548 5224 initio
2591 5169 2889 5224 Rationarii
2923 5180 3229 5238 temporum.

1933 5239 2044 5309 (£4)
2079 5240 2206 5320 Reg.
2231 5241 2790 5320 tertiusygmrézoxo;
2829 5244 2891 5294 ὲκ
2924 5241 3152 5311 νεκρῶν.
3183 5240 3288 5295 Alii
3320 5241 3425 5298 duo

1861 5323 2001 5380 mss.
2022 5309 2486 5380 πρ-ωτότοκοςλτῶν
2509 5311 2735 5380 νεκρῶν.

1931 5378 2041 5446 (45)
2065 5368 2298 5449 Ὀοάξεεε
2327 5368 2565 5449 plerique
2589 5368 2776 5435 dtnnes
2805 5381 3039 5449 λέγεται.
3081 5381 3280 5437 Ibidem
3315 5378 3418 5432 ali-
3448 5368 3462 5398 ⁸

1858 5441 1988 5514 quot
2019 5441 2143 5500 mss.
2177 5441 2410 5515 ὦσοφοί.

1929 5515 2252 5592 (4ii)_Uod_ex_
2288 5520 2528 5592 Combef.
2583 5521 2682 5592 οὐκ
2711 5521 2952 5592 ἀνάγκης
2995 5521 3244 5590 ἀδελφοῦ.
3288 5516 3421 5592 ἣτε.

1860 5587 2370 5662 εεςιιιἎΙιλι-ςῄὰνὰγκῃ
2412 5590 2674 5657 ἀδελφῶν.
2719 5587 2982 5646 ΑΙίίίηεε.
3024 5587 3234 5662 ἀνάγκη
3267 5587 3423 5643 ἀδελ-

1860 5655 2282 5732 φοῦε-Ειριι-ῖ-ιιιυξ
2307 5655 2486 5732 Vocem
2511 5655 2719 5732 ἀνάγκη
2757 5677 2873 5714 cum
2907 5681 2922 5714 ι
2955 5655 3278 5730 subscripti).

1932 5725 2044 5802 (67)
2077 5725 2211 5802 Editi
2255 5727 2334 5777 ὅτι
2386 5731 2478 5782 καὶ
2519 5725 2644 5800 πρό.
2679 5725 2897 5786 Veteres
2926 5725 3310 5802 quinque-libri
3337 5733 3423 5787 δτι

1856 5795 1948 5847 καὶ
1976 5797 2002 5847 ὁ
2028 5796 2151 5864 πρό,
2178 5808 2339 5853 recte.
