4088 6318
655 343 754 397 ’705

1991 334 2044 385 S.
2095 331 2329 386 BASILII
2370 330 2582 383 MACNI

3793 325 3905 376 τοι

650 463 761 504 tum
793 451 994 503 vocari.
1033 446 1143 499 Dici
1182 448 1343 500 etiam
1375 447 1566 513 possit,
1602 448 1743 514 quod
1774 445 1971 514 etquis
1999 447 2087 515 qui
2120 463 2208 516 ge-

2321 445 2442 516 πρὸς
2460 448 2582 509 τοὺς
2611 444 2696 498 διὰ
2723 444 2989 504 υξοοεσίας
3015 448 3105 500 τοῦ
3131 448 3286 517 ἁγίου
3317 445 3631 514 Πνεύματος
3659 450 3724 500 ἐκ
3754 443 3904 499 Θεοῦ

645 540 1214 598 Iterationemomnem
1243 541 1534 605 antecedit,
1563 540 1959 609 pritnogenitus
1998 541 2210 596 dicere-

644 644 732 689 tur
762 653 774 688 :
803 634 928 700 quin
967 643 1020 685 ct
1049 641 1292 702 respectu
1333 645 1518 684 eorum
1543 671 1557 695 ,
1594 632 1682 698 qui
1731 646 1826 699 per
1863 631 2207 698 adoptionem

645 727 878 795 Spiritus
909 724 1085 778 sancti
1130 739 1194 777 ex
1238 722 1344 775 Deo
1377 724 1486 776 nati
1537 732 1702 786 sunt,
1761 733 1818 776 ut
1864 722 2061 779 Paulus
2089 726 2206 778 ait:

648 815 903 878 Quoniam
928 830 1053 882 quos
1079 812 1357 881 praascivit,
1403 829 1488 866 eos
1526 822 1572 866 et
1608 814 1884 880 prtefiuivit
1917 815 2208 883 couformes

646 905 889 974 imaginis
927 903 1052 956 Filii
1082 905 1184 968 sui,
1221 916 1273 956 ut
1306 904 1415 972 ipse
1443 909 1513 958 sit
1548 907 1921 975 primogenitus
1957 909 2010 962 in
2038 908 2210 959 multis

648 996 901 1066 fratribus
931 995 997 1048 ".

797 1085 1048 1157 29311:
1085 1085 1240 1150 illud,
1279 1105 1297 1137 t
1339 1086 1590 1140 Dominus
1620 1090 1810 1142 creavit
1835 1107 1914 1142 me
1955 1091 2000 1120 ”

721 1172 776 1226 Si
810 1173 897 1240 qui
943 1172 993 1223 in
1039 1187 1200 1226 carne
1233 1183 1350 1234 est,
1396 1173 1560 1225 dicit:
1615 1172 1724 1243 Ego
1771 1193 1884 1229 sum
1928 1177 2007 1228 via
2035 1176 2114 1237 ’5;
2162 1183 2215 1228 ct

651 1266 789 1318 idem
823 1281 837 1317 :
871 1261 1039 1317 Nemo
1072 1265 1205 1318 venit
1255 1265 1321 1316 ad
1357 1261 1572 1317 Patrem
1612 1268 1713 1319 nisi
1744 1284 1836 1335 per
1866 1284 1944 1320 me
1976 1267 2059 1331 ¹⁶;
2106 1269 2216 1335 ipse

650 1355 813 1408 ctiam
841 1365 922 1409 est
947 1356 1036 1424 qui
1063 1357 1234 1410 dixit:
1263 1355 1517 1410 Dominus
1543 1360 1735 1411 creavit
1769 1375 1847 1411 me
1874 1358 2078 1410 initium
2111 1359 2217 1410 via-

651 1463 768 1498 rum
796 1463 1011 1499 suarum
1039 1448 1102 1500 ¹⁷.
1129 1445 1268 1511 Quin
1299 1456 1352 1500 et
1380 1447 1445 1501 de
1473 1450 1723 1519 genitura
1751 1449 1946 1502 dicitur
1969 1458 2216 1503 creatura

651 1548 704 1591 et
739 1538 965 1601 factura,
985 1549 1037 1590 ut
1063 1539 1188 1591 illud
1214 1556 1225 1590 :
1249 1538 1429 1593 Creaoi
1456 1543 1714 1595 hominem
1744 1556 1834 1607 per
1860 1539 2026 1593 Deum
2053 1541 2130 1605 '3;
2163 1551 2218 1596 et

653 1628 875 1682 iterant:
911 1627 1055 1682 Fecit
1085 1629 1225 1696 ﬁlios
1254 1641 1299 1683 et
1327 1632 1466 1698 ﬁlias
1492 1635 1574 1696 '9;
1609 1644 1662 1686 et
1701 1633 1896 1687 David:
1925 1633 2028 1686 Cor
2065 1653 2216 1689 mun-

652 1719 775 1770 dum
811 1734 930 1771 crea
964 1720 1016 1770 in
1059 1736 1156 1782 me,
1203 1718 1338 1773 Deus
1364 1721 1442 1785 ³ο,
1475 1737 1576 1774 non
1610 1730 1798 1788 petens
1834 1720 1974 1773 aliud
1997 1762 2012 1787 ,
2049 1723 2141 1777 sed
2166 1723 2218 1777 id

2310 541 2701 608 γεννωμένους,
2754 538 2829 599 ὡς
2876 541 2904 590 6
2948 539 3157 603 Παῦλος
3200 542 3310 612 (48)
3363 555 3553 609 φησιν·
3601 541 3736 593 ’Ὁτι
3788 539 3904 603 οὓς

2311 631 2596 699 προέγνω,
2627 632 2721 684 καὶ
2767 628 3059 696 προώρισε
3088 634 3473 702 συμμόρφους
3510 629 3620 698 τῆς
3650 633 3904 694 εἰκόνος

2311 723 2415 775 τοῦ
2451 722 2588 776 Υἱοῦ
2634 721 2838 784 αὐτοῦ,
2869 724 2956 787 εὶς
3001 722 3064 774 τὸ
3103 717 3255 775 εἶναι
3293 724 3474 778 αὑτὸν
3508 725 3906 791 πρωτότοκον

2308 817 2380 868 ἐν
2406 816 2658 881 πολλοῖς
2685 813 2987 883 ἀδελφοῖς.

2619 1083 2720 1144 Εἰς
2754 1080 2840 1145 τὸ,
2877 1100 2894 1132 ι
2933 1083 3146 1149 Κύριος
3170 1079 3366 1134 ἐκτισέ
3397 1098 3492 1149 με.
3534 1102 3550 1132 ι

2394 1170 2457 1222 Ei
2503 1173 2531 1222 6
2561 1172 2618 1222 ὲν
2664 1172 2824 1242 σαρκί
2858 1189 3052 1243 φησιν,
3077 1187 3082 1194 ’
3104 1169 3240 1240 Ἐγώ
3275 1172 3388 1238 εἰμι
3436 1172 3473 1238 ἡ
3521 1171 3661 1236 εἶδός
3683 1192 3694 1204 ·
3734 1175 3839 1227 καὶ
3872 1173 3903 1223 6

2317 1264 2507 1325 αὐτὸς·
2543 1262 2752 1328 Οὐδεὶς
2783 1263 3013 1333 ἔρχεται
3041 1266 3185 1330 πρὸς
3219 1263 3322 1316 τὸν
3352 1262 3577 1330 Πατέρα
3612 1267 3665 1315 εὶ
3691 1267 3787 1332 μὴ
3824 1266 3897 1317 δι’

2316 1355 2460 1424 ἐμοῦ
2483 1373 2496 1385 °
2527 1355 2683 1418 αὑτός
2722 1359 2837 1410 ἐστι
2875 1357 2966 1409 καὶ
2997 1357 3023 1407 6
3069 1355 3268 1408 εἰπών’
3303 1357 3516 1421 Κύριος
3566 1355 3780 1408 ἔκτισέ
3819 1376 3900 1425 με

2316 1445 2511 1514 ἀρχὴν
2541 1446 2696 1499 ὁδῶν
2736 1447 2939 1502 αὐτοῦ.
3007 1446 3234 1514 Λέγεται
3277 1447 3333 1499 δὲ
3365 1445 3454 1498 καὶ
3479 1448 3569 1499 ἐπὶ
3614 1449 3901 1514 γεννήμα-

2315 1555 2405 1600 τος
2458 1539 2662 1607 κτίσμα
2708 1541 2798 1592 καὶ
2843 1539 3072 1608 ποίημα,
3105 1538 3180 1601 ὼς
3221 1539 3313 1603 τὸ,
3360 1537 3722 1606 Ἐκτισάμην
3780 1538 3896 1605 (49)

2318 1629 2629 1696 ἄνθρωπον
2662 1632 2756 1686 διὰ
2806 1631 2908 1683 τοῦ
2957 1630 3135 1682 Θεοῦ·
3181 1633 3271 1684 καὶ
3312 1630 3504 1683 πάλιν·
3566 1632 3897 1696 Ἐποίησεν

2320 1722 2487 1788 υἱοὺς
2525 1725 2622 1776 καὶ
2667 1722 3019 1792 θυγατέρας·
3060 1722 3152 1774 καὶ
3185 1726 3212 1775 ὁ
3238 1723 3396 1777 Δαϐξδ
3416 1741 3429 1754 ·
3461 1721 3722 1790 Καρδίαν
3747 1724 3894 1774 καθ-

652 1810 904 1864 νίιιεΙῙι-θι
933 1811 1074 1882 quod
1111 1823 1227 1866 erat
1261 1814 1534 1880 postulans
1568 1814 1838 1865 tnuudari.
1880 1812 2086 1869 Dicitur
2117 1832 2214 1870 au-

2321 1816 2468 1883 αρὰν
2500 1818 2712 1868 κτίσον
2757 1816 2824 1867 ἐν
2858 1815 3018 1884 ἐμοὶ,
3051 1817 3082 1866 ό
3126 1814 3286 1880 Θεὸς,
3336 1817 3432 1868 οὐκ
3479 1816 3645 1884 ἄλλην
3697 1814 3892 1873 αἰτῶν,

656 1911 759 1956 tem
793 1915 845 1957 et
875 1919 1011 1959 nova
1043 1916 1312 1962 creatura,
1353 1918 1454 1958 non
1495 1905 1634 1972 quod
1664 1905 1767 1957 alia
1795 1917 2043 1961 creatura
2075 1908 2215 1962 facta

655 1995 747 2056 sit,
779 1993 870 2048 sed
893 1996 1034 2064 quod
1067 1996 1117 2047 hi
1148 1995 1236 2062 qui
1275 1992 1669 2060 illuminantur,
1703 1997 1766 2050 ad
1796 1997 2016 2051 meliora
2052 2014 2215 2067 Opera

657 2096 1047 2154 pneparentur.
1104 2087 1161 2141 Si
1212 2085 1408 2139 Filium
1462 2085 1621 2140 Pater
1668 2089 1872 2142 creavit
1911 2090 1975 2142 ad
2021 2105 2212 2157 opera,

659 2193 764 2230 non
820 2188 1034 2248 propter
1091 2179 1286 2246 ipsum,
1346 2180 1440 2234 sed
1494 2190 1711 2248 propter
1762 2194 1925 2247 opera
1981 2181 2206 2233 creavit.

657 2269 810 2334 Quod
844 2279 1022 2322 autem
1057 2279 1274 2337 propter
1305 2269 1470 2332 aliud,
1527 2285 1630 2323 non
1663 2280 1877 2338 pr0pter
1909 2284 1966 2323 se
2015 2270 2091 2332 lit,
2127 2281 2216 2324 aut

655 2375 779 2428 pars
805 2370 889 2413 est
913 2359 1052 2413 illius
1075 2360 1228 2430 cujus
1257 2376 1420 2415 causa
1452 2359 1649 2416 factum
1678 2372 1782 2426 est,
1804 2371 1892 2416 aut
1914 2378 1980 2417 eo
2017 2363 2214 2417 minus.

659 2451 779 2505 Erit
822 2451 986 2523 igitur
1017 2452 1266 2510 Salvator
1306 2463 1401 2508 aut
1437 2471 1562 2524 pars
1592 2467 1878 2521 creaturte,
1909 2467 1999 2511 aut
2045 2459 2219 2512 minor

658 2555 822 2613 quam
869 2555 1140 2601 creatura.
1187 2547 1362 2613 Quare
1403 2563 1625 2607 necesse
1657 2560 1740 2604 est
1780 2552 1845 2605 de
1885 2551 2219 2605 immanitate

658 2640 775 2707 ejus
804 2640 1123 2707 intelligere.
1165 2639 1338 2693 Possit
1369 2642 1532 2693 etiam
1563 2643 1683 2708 quis
1716 2642 1912 2704 dicere,
1967 2642 2216 2695 Salomo-

660 2744 779 2782 nem
811 2731 923 2783 hare
951 2732 1015 2782 de
1049 2730 1134 2782 illa
1169 2731 1432 2798 sapientia
1469 2731 1692 2796 dixisse,
1731 2730 1881 2798 cuius
1912 2741 1964 2784 et
1992 2734 2218 2801 Aposto-

659 2818 742 2874 lus
774 2818 1036 2883 meminit,
1069 2818 1158 2871 ubi
1195 2818 1327 2872 dixit
1354 2835 1366 2870 :
1402 2816 1542 2872 Nam
1573 2829 1850 2888 postquam
1879 2819 1934 2872 in
1961 2822 2217 2888 sapientia

659 2909 756 2963 Dei
789 2926 891 2963 non
935 2910 1173 2980 cognouit
1212 2913 1436 2964 mundus
1478 2926 1569 2978 per
1610 2912 1918 2979 sapientiam
1955 2911 2117 2965 Deum
2145 2913 2214 2967 ⁸¹.

659 2997 922 3054 Praeterea
962 3016 1136 3067 neque
1161 2999 1421 3068 propheta
1447 3009 1528 3054 est
1553 3001 1644 3070 qui
1671 3000 1804 3054 dixit
1828 3041 1842 3066 ,
1874 3002 1966 3054 sed
1992 3001 2221 3056 Prover-

661 3092 868 3147 bisrtun
921 3093 1170 3163 scriptor.
1213 3091 1505 3146 Proverbia
1556 3107 1739 3148 autem
1787 3093 2046 3163 imagines
2095 3103 2220 3148 sunt

661 3185 910 3248 aliorum,
943 3199 1050 3238 non
1077 3199 1138 3237 ea
1169 3183 1282 3252 ipsa
1320 3197 1439 3254 quae
1480 3183 1750 3242 dicuntur.
1792 3185 1849 3240 Si
1876 3186 2016 3240 Deus
2050 3184 2222 3243 Filius

666 3285 784 3330 erat
811 3276 902 3345 qui
927 3275 1170 3331 dicebat:
1201 3275 1456 3330 Dominus
1488 3278 1679 3331 creavit
1703 3294 1803 3342 me,
1835 3281 2014 3348 potius
2042 3281 2226 3349 utique

663 3367 922 3429 dixisset,
979 3366 1136 3421 Pater
1177 3368 1384 3422 creavit
1428 3383 1531 3422 me.
1561 3368 1834 3437 Nusquam
1870 3370 2014 3424 enim
2054 3371 2225 3438 ipsum

663 3455 948 3510 Dominum
976 3466 1130 3509 Suum
1160 3459 1409 3523 vocabat,
1441 3459 1532 3513 sed
1563 3474 1776 3528 semper
1803 3458 2041 3513 Patrem.
2068 3461 2222 3514 Acci-

662 3547 911 3616 piendum
945 3547 1106 3615 igitur
1125 3556 1208 3601 est
1234 3547 1382 3611 illud,
1406 3551 1604 3618 genuit,
1635 3551 1700 3602 de
1736 3550 1846 3604 Deo
1875 3551 2012 3604 Filio
2043 3570 2055 3602 :
2096 3553 2224 3607 illud

665 3653 816 3702 vero,
864 3637 1086 3700 creavit,
1136 3637 1202 3691 de
1233 3653 1334 3704 eo,
1367 3638 1458 3708 qui
1503 3637 1730 3692 formam
1781 3642 2016 3709 suscepit
2057 3643 2220 3697 servi.

665 3729 929 3785 Caeterum
963 3730 1015 3783 in
1053 3729 1138 3783 his
1181 3731 1433 3784 omnibus
1461 3745 1566 3784 non
1603 3732 1735 3787 duos
1764 3733 2026 3800 dicimus,
2059 3733 2222 3787 Deum

665 3831 934 3886 seorsum,
970 3831 1022 3875 et
1063 3819 1332 3874 hominem
1367 3835 1607 3877 seorsum
1645 3824 1817 3893 (unus
1849 3824 1989 3878 enim
2033 3823 2220 3893 erat),

668 3914 762 3966 sed
815 3913 1136 3980 cogitatione
1188 3920 1433 3966 naturam
1479 3913 1738 3983 cujusque
1789 3914 2221 3969 consideramus.

668 4003 853 4071 Neque
887 4003 1029 4056 enim
1057 4003 1248 4058 Petrus
1282 4006 1415 4058 duos
1444 4004 1731 4071 intellexit,
1764 4006 1853 4060 ubi
1879 4006 2015 4061 dixit
2044 4024 2056 4060 :
2093 4007 2226 4061 Cum

667 4095 827 4164 igitur
854 4093 1092 4147 Christus
1125 4111 1310 4161 passus
1352 4096 1418 4148 sit
1448 4112 1541 4161 pro
1580 4097 1727 4150 nobis
1764 4114 1918 4151 carne
1947 4096 2011 4151 δ’.
2053 4097 2110 4152 Si
2144 4097 2230 4152 Fi-

669 4188 794 4250 lius.
823 4186 1095 4255 inquiunt,
1128 4186 1374 4254 genitura
1406 4197 1508 4254 est,
1545 4203 1650 4241 non
1682 4189 1892 4242 factura
1914 4232 1929 4256 ,
1959 4193 2229 4259 quomodo

670 4278 1102 4348 dicit-Scriptura
1128 4295 1140 4330 :
1169 4276 1318 4330 Certo
1346 4279 1506 4347 igitur
1527 4281 1656 4332 sciat
1679 4288 1787 4331 tota
1815 4280 2003 4334 domus
2034 4281 2225 4347 Israel,

669 4372 806 4438 quod
831 4385 946 4422 eum
972 4378 1017 4422 et
1038 4368 1316 4421 Dominum
1341 4378 1388 4422 et
1422 4366 1683 4422 Christum
1710 4369 1828 4437 fecit
1852 4367 1990 4422 Deus
2020 4370 2102 4422 “‘1
2135 4369 2228 4425 Est

2318 1907 2450 1961 ἀλλὰ
2477 1909 2573 1977 τὴν
2607 1905 2768 1959 οὖσαν
2801 1905 3128 1975 καθαρθῆναι
3149 1905 3405 1976 δηλονότι.
3443 1909 3672 1978 Εἴρηται
3706 1906 3763 1958 δὲ
3801 1907 3895 1957 καὶ

2319 1999 2476 2065 καινὴ
2506 1998 2699 2059 κτίσις,
2731 1999 2826 2064 οὐχ
2850 1996 2924 2057 ὡς
2955 1993 3120 2063 ἄλλης
3151 1995 3377 2059 κτίσεως
3400 1995 3718 2063 γενομένης,
3754 1992 3893 2043 ἀλλὰ

2316 2087 2420 2138 τῶν
2477 2085 2852 2154 φωτιζομένων
2887 2085 2978 2136 ἐπὶ
3026 2083 3289 2152 βελτίοσιν
3321 2087 3496 2154 ἔργοις
3541 2097 3890 2132 κατασκευα-

2317 2177 2575 2245 ζομένων.
2606 2177 2665 2228 Ei
2719 2178 2794 2238 είς
2825 2176 2962 2246 ἔργα
2986 2177 3076 2228 τὸν
3112 2177 3238 2229 Υίὸν
3264 2181 3290 2230 6
3333 2175 3516 2243 Πατὴρ
3553 2172 3798 2232 ἔκτισεν,
3829 2171 3890 2222 οὐ

2317 2268 2382 2319 δι’
2413 2268 2594 2330 αὐτὸν,
2623 2269 2756 2320 ἀλλὰ
2787 2269 2874 2320 διὰ
2907 2268 2973 2319 τὰ
3007 2269 3143 2340 ἔργα
3173 2272 3331 2323 αὐτὸν
3363 2271 3593 2318 ἔκτισεν.
3632 2265 3707 2315 T6
3736 2264 3794 2315 δὲ
3825 2263 3888 2315 δι’

2318 2359 2502 2429 ἕτερον
2525 2360 2618 2412 καὶ
2647 2361 2705 2411 οὐ
2742 2360 2804 2412 δι’
2837 2359 2966 2412 αὐτὸ
2990 2362 3099 2431 (51))
3129 2362 3429 2429 γινόμενον,
3468 2357 3500 2427 ἢ
3541 2353 3709 2426 μέρος
3747 2355 3888 2406 ὲκεί-

2319 2469 2405 2504 νου
2435 2453 2498 2503 δι’
2533 2451 2560 2502 ὃ
2593 2451 2824 2518 ἐγένετο,
2920 2449 3078 2521 ἦττον
3108 2451 3284 2505 αὑτοῦ.
3322 2451 3512 2501 Ἔσται
3538 2445 3628 2500 οὖν
3659 2448 3693 2517 ἢ
3730 2447 3890 2517 μέρπ

2319 2545 2346 2594 6
2382 2543 2566 2614 Σωτὴρ
2595 2544 2693 2613 τῆς
2727 2543 2977 2605 κτίσεως,
3015 2543 3045 2612 ἢ
3077 2544 3250 2612 ἥττων
3275 2540 3370 2607 τῆς
3402 2538 3650 2600 κτίσεως.
3697 2536 3886 2602 Ἀνάγ-

2321 2653 2389 2705 κη
2426 2636 2536 2706 (51)
2566 2630 2657 2688 οὖν
2693 2637 2770 2695 εἰς
2802 2635 2897 2704 τὴν
2927 2632 3316 2702 ἁνθρωπότητα
3344 2629 3505 2683 αὑτοῦ
3535 2631 3697 2682 νοεῖν.
3737 2628 3888 2680 Εἴποι

2319 2728 2361 2780 δ’
2390 2729 2453 2780 ἄν
2474 2747 2555 2791 τις
2587 2730 2679 2782 καὶ
2711 2731 2798 2782 τὸν
2831 2726 3143 2797 Σολομῶντα
3176 2726 3303 2793 περὶ
3326 2724 3420 2792 τῆς
3456 2723 3648 2791 σοφίας
3679 2721 3887 2790 ἐκείνης

2320 2820 2596 2889 εἰρηκέναι
2630 2820 2798 2873 ταῦτα
2840 2819 2972 2888 (52),
3023 2814 3089 2889 ἦς
3121 2818 3214 2869 καί
3254 2818 3281 2867 6
3322 2814 3638 2879 Ἀπόστολος
3685 2815 3891 2884 μέμνη-

2319 2927 2405 2962 ται
2432 2910 2636 2962 είπών·
2703 2911 2939 2977 Ἐπειδὴ
2989 2911 3097 2979 γὰρ
3133 2909 3202 2961 ἐν
3251 2905 3324 2976 τῇ
3363 2908 3546 2976 σοφίᾳ
3586 2906 3696 2960 τοῦ
3750 2905 3888 2959 Θεοῦ

2319 3000 2430 3051 οὐκ
2451 2998 2602 3066 ἔγνω
2627 3001 2659 3051 ὁ
2683 2999 2909 3066 κόσμος
2934 2998 3026 3051 διὰ
3051 2997 3159 3064 τῆς
3189 2998 3406 3065 σοφίας
3429 2999 3533 3048 τὸν
3563 2997 3734 3048 Θεόν.
3777 2994 3890 3045 Ἀλ-

2322 3089 2426 3153 lto;
2463 3108 2520 3143 τε
2556 3093 2649 3143 καὶ
2691 3090 2809 3142 οὐδὲ
2844 3091 3126 3160 προφήτης
3153 3092 3181 3141 6
3205 3089 3389 3151 εἰπὼν,
3425 3088 3557 3140 ἀλλὰ
3585 3089 3889 3157 Παροιμια·

2327 3185 2475 3254 στής.
2501 3184 2565 3234 Αἱ
2598 3182 2652 3235 δὲ
2683 3182 2968 3252 παροιμίαι
3011 3180 3216 3242 εἰκόνες
3248 3179 3472 3250 ἐτέρων,
3510 3180 3610 3231 οὐκ
3655 3179 3798 3232 αὐτὰ
3828 3181 3892 3230 τὰ

2325 3277 2611 3347 λεγόμενα.
2641 3277 2701 3328 Εἰ
2725 3278 2753 3328 6
2776 3275 2905 3338 Θεὸς
2927 3275 3050 3337 Υἱὸς
3073 3270 3142 3344 ἦν
3173 3276 3200 3325 6
3227 3273 3418 3340 λέγων,
3447 3273 3660 3340 Κύριος
3693 3271 3890 3327 ἕκτισέ

2322 3387 2416 3437 με,
2451 3369 2645 3439 μᾶλλον
2675 3369 2740 3421 ἂν
2786 3363 2955 3432 εἶπεν,
2990 3368 3017 3418 6
3048 3367 3236 3436 Πατὴρ
3287 3365 3465 3417 ἕκτισέ
3505 3383 3594 3435 με.
3639 3363 3889 3434 Οὐδαμοῦ

2327 3461 2431 3531 γὰρ
2463 3461 2622 3512 αὑτὸν
2648 3459 2847 3528 Κύριον
2907 3457 3130 3522 ἑαυτοῦ,
3178 3459 3262 3509 ἀεὶ
3315 3457 3369 3508 δὲ
3423 3457 3642 3526 Πατέρα
3691 3456 3889 3508 ἐκάλει.

2325 3551 2568 3621 Ληπτέον
2601 3546 2692 3601 οὖν
2716 3550 2775 3600 τὸ
2811 3550 2928 3617 μὲν,
2956 3549 3301 3614 ἐγέννησεν,
3335 3550 3424 3598 ἐπὶ
3454 3547 3544 3598 τοῦ
3572 3545 3709 3598 Θεοῦ
3749 3546 3891 3608 Υξοῦ,

2323 3643 2384 3692 τὸ
2416 3642 2491 3703 δὲ,
2522 3642 2779 3700 ἔκτισεν,
2817 3640 2907 3690 ἐπὶ
2949 3637 3040 3689 τοῦ
3076 3637 3171 3707 τὴν
3210 3639 3418 3708 μορφὴν
3457 3636 3553 3688 τοῦ
3583 3636 3774 3688 δούλου
3807 3637 3892 3688 λα-

2326 3732 2528 3794 ϐόντος.
2549 3733 2634 3783 Ἐν
2666 3733 2795 3783 πᾶσι
2821 3731 2875 3784 δὲ
2900 3729 3105 3791 τούτοις
3130 3729 3190 3780 οὑ
3213 3727 3303 3778 δύο
3326 3727 3572 3796 λέγομεν,
3604 3726 3741 3779 Θεὸν
3771 3727 3890 3796 ἰδίᾳ,

2327 3825 2419 3875 καὶ
2452 3823 2732 3894 ἄνθρωπον
2765 3820 2868 3890 ἰδίᾳ
2903 3814 3002 3889 (εἷς
3033 3817 3140 3888 γὰρ
3171 3814 3282 3887 ἦν),
3315 3817 3447 3870 ἀλλὰ
3490 3817 3610 3870 κατ’
3655 3818 3892 3871 ἐπίνοιαν

2326 3916 2421 3985 τὴν
2468 3915 2695 3967 ἑκάστου
2745 3912 2904 3980 φύσιν
2940 3910 3296 3980 λογιζόμενοι.
3351 3909 3484 3961 Οὐδὲ
3533 3911 3643 3980 γὰρ
3692 3911 3890 3979 Πέτρος

2325 4007 2417 4060 δύο
2459 4008 2676 4077 ἐνόησεν
2703 4005 2868 4058 εἰπὼν
2892 4022 2906 4034 ·
2951 3998 3203 4072 Χριστοῦ
3246 3999 3357 4057 οὖν
3399 4005 3698 4068 παθόντος
3746 4003 3891 4071 ὑπὲρ

2327 4099 2494 4169 ἡμῶν
2518 4099 2715 4167 σαρκί.
2768 4099 2830 4150 Ei
2877 4098 3142 4166 γέννημα,
3190 4094 3374 4163 φασὶν,
3401 4093 3430 4145 6
3457 4094 3580 4156 Υἱός
3629 4096 3771 4158 ἐστι,
3806 4095 3892 4148 καὶ

2328 4193 2387 4245 οὐ
2421 4192 2649 4263 ποίημα,
2685 4190 2799 4253 πῶς
2823 4191 2854 4260 ἡ
2881 4189 3068 4260 Γραφὴ
3110 4189 3285 4256 λέγει·
3330 4185 3643 4254 Ἀσραλῶς
3673 4184 3789 4242 οὖν
3808 4206 3890 4256 τι·

2329 4283 2604 4337 νωσκέτω
2637 4280 2753 4347 πᾶς
2791 4278 2950 4346 οἶκος
2983 4279 3218 4346 Ἰσραὴλ
3244 4319 3256 4340 ,
3285 4279 3372 4332 ὅτι
3418 4277 3512 4331 καὶ
3546 4280 3767 4346 Κύριοι·
3795 4281 3892 4331 αὺ-

2329 4373 2434 4426 τὸν
2493 4373 2592 4425 καὶ
2630 4372 2887 4439 Χριστὸν
2935 4373 2967 4423 ὀ
3013 4370 3156 4434 Θεὸς
3199 4371 3484 4436 ἑποίησε;
3539 4369 3760 4438 Ῥη-ςέον
3805 4365 3892 4422 οὖν

670 4459 852 4528 itaque
877 4459 1038 4512 etiam
1083 4459 1170 4513 hic
1199 4458 1503 4525 dicendum,
1545 4460 1596 4513 id
1630 4461 1697 4513 de
1723 4474 1788 4512 eo
1833 4458 1921 4526 qui
1955 4474 2021 4513 ex
2060 4459 2224 4514 Maria

2330 4462 2679 4517 καὶίὲνταῦθα
2703 4463 2827 4533 περὶ
2851 4461 2940 4515 τοῦ
2968 4463 3028 4514 ὲκ
3054 4461 3271 4531 Μαρίας
3302 4461 3362 4511 τὸ
3391 4459 3532 4512 κατὰ
3567 4459 3682 4529 (55)
3717 4463 3891 4530 σάρκα

670 4559 754 4604 est
789 4550 1081 4604 secundum
1115 4562 1330 4603 carnem
1365 4549 1565 4604 dictum
1610 4547 1813 4605 fuisse:
1847 4549 1988 4603 sicut
2029 4558 2084 4603 et
2129 4565 2226 4604 an-

740 4730 787 4762 ”
827 4729 983 4784 Rom.
1010 4744 1125 4796 vrn,
1144 4730 1233 4796 29.

672 4801 716 4833 ”
753 4800 888 4856 Gen.
936 4814 986 4853 ν.
1037 4800 1092 4855 4.

743 4891 853 4962 (48)
884 4890 1063 4962 Codex
1083 4891 1231 4948 Colb.
1257 4894 1332 4957 ὡς
1359 4897 1387 4947 6
1420 4895 1761 4956 Ἀπόστολος.

1335 4731 1382 4762 ’δ
1407 4730 1564 4785 Prov.
1595 4747 1712 4788 vut.
1741 4731 1829 4784 22.

1203 4732 1233 4796 l.
1335 4731 1382 4762 “
1407 4730 1564 4785 Prov.
1595 4747 1712 4788 vnt.
1741 4731 1829 4784 22.
1930 4728 2156 4785 “10m.
2206 4749 2311 4796 xw,
2348 4735 2400 4788 6.
2507 4733 2551 4765 '°
2592 4731 2757 4796 ibid,

1164 4798 1210 4833 “
1244 4799 1387 4856 Psal.
1433 4817 1483 4858 ι.
1535 4801 1622 4855 ιιι.
1698 4801 1738 4834 ³⁸
1782 4801 2016 4868 lCor.t,
2047 4802 2134 4855 21.
2210 4804 2229 4834 ³

2341 4805 2490 4861 Petr.
2519 4820 2593 4868 tv,
2623 4804 2674 4860 1.
2717 4801 2761 4833 ³³
2800 4802 2920 4855 Act.
2950 4816 3010 4862 ll,
3035 4799 3124 4854 '56.

2329 4917 2447 4956 nes.
2494 4915 2599 4953 non
2657 4897 2757 4968 legi
2795 4896 2845 4949 id
2896 4894 3086 4968 Bil‘iliis
3139 4890 3391 4968 ὲποίηοεν
3426 4889 3575 4952 υῐοὺς
3603 4888 3894 4968 καὶεθυγας

2330 4555 2608 4627 εἰρῆσθαι·
2644 4555 2718 4618 ὡς
2751 4554 2880 4623 γοῦν
2913 4555 3005 4607 καὶ
3038 4557 3065 4607 6
3097 4553 3324 4622 ἄγγελος
3354 4555 3381 4604 6
3411 4550 3892 4622 εὐαγγελιζόμενος

2507 4733 2551 4765 ’⁸
2592 4731 2727 4787 ibid.
2815 4731 2857 4762 ’τ
2901 4729 3058 4784 Prov.
3109 4743 3226 4793 vnt,
3271 4726 3361 4782 22.
3436 4725 3482 4758 ’⁸
3524 4725 3661 4781 Gen.
3721 4741 3800 4794 tv,
3845 4729 3890 4782 l.

747 4959 856 5030 (49)
886 4961 1015 5027 Iteg.
1036 4965 1224 5042 tertius
1253 4966 1590 5042 ixrﬂoapqv,
1619 4968 1844 5042 possedi.
1872 4967 1974 5020 Sed
1994 4966 2229 5042 dubitari

2326 4972 2520 5042 τέρας,
2541 4970 2664 5037 fecit
2710 4959 2854 5042 ‘fiiios
2876 4965 3115 5042 etﬂﬁiias,
3153 4959 3582 5042 εοιλὲγέννησεν
3619 4959 3780 5042 ,οἷοὺὲ
3807 4962 3891 5040 διαὶ

673 5047 780 5105 non
829 5042 1024 5096 putest,
1060 5034 1189 5100 quin
1222 5049 1285 5087 ex
1335 5034 1532 5088 Bibliis
1557 5038 1732 5105 inepte
1769 5039 1841 5090 ita
1885 5039 2229 5091 emendatum

2329 5027 2651 5110 θυγατέρας,
2701 5027 2872 5106 genuit
2916 5027 3054 5104 ﬁlios
3104 5027 3156 5087 et
3210 5027 3367 5100 ﬁlias.
3424 5027 3566 5099 Lege
3616 5027 3894 5083 Praefatio-

671 5104 760 5165 sit,
806 5116 926 5153 cum
972 5115 1072 5153 vox
1101 5105 1302 5168 possedi
1358 5106 1424 5158 ad
1455 5106 1596 5158 hunc
1631 5104 1804 5160 lucum
1837 5109 2230 5161 accommodari
2328 5104 2471 5167 nem.

675 5171 822 5245 nullo
854 5169 1009 5221 modo
1025 5172 1212 5245 possit.
1247 5175 1424 5228 Codex
1451 5173 1600 5228 Colb.
1629 5187 1682 5228 et
1713 5179 1801 5229 alii
1841 5189 2072 5245 quatuor
2097 5192 2228 5230 mss.

2400 5180 2508 5249 (50)
2563 5178 2740 5249 Codex
2779 5175 2950 5249 Δ(3011).
3013 5172 3182 5249 esse
3229 5168 3437 5249 ἑαυτό..
3474 5168 3605 5237 Reg.
3667 5178 3892 5248 quartus

675 5240 825 5309 Regii
875 5248 928 5292 et
973 5242 1096 5316 editi
1152 5241 1473 5315 ὲκτισὰμην,
1532 5248 1733 5310 creavi;
1770 5259 1824 5299 et
1860 5239 1941 5300 ita
1993 5246 2082 5300 hic
2127 5246 2229 5316 legi

2324 5239 2728 5303 οὐ’δι”ὲαυτοῦ.
2779 5247 2918 5300 Editi
2961 5255 3017 5299 et
3061 5244 3190 5309 Reg.
3242 5241 3509 5295 secundus
3548 5250 3606 5291 ut
3667 5239 3718 5291 in
3769 5251 3866 5288 c0u

673 5320 942 5383 oportere,
980 5312 1147 5383 series
1194 5312 1452 5369 orationis
1508 5330 1692 5383 aperte
1728 5319 1966 5371 ostendit
2006 5335 2018 5368 :
2053 5312 2224 5383 siqui-

675 5382 795 5434 dem
834 5380 1052 5455 ve_rbum_
1081 5381 1378 5454 ὲκτισὰμην
1427 5385 1490 5438 ad
1521 5380 1706 5439 vocem
1750 5388 2077 5455 superiorem
2107 5380 2220 5438 ica.

675 5464 788 5524 opu
815 5447 1147 5524 referendum
1172 5447 1291 5507 esse
1321 5447 1473 5510 nemo
1489 5470 1592 5508 non
1621 5456 1781 5509 videt.
1810 5447 1980 5510 Aliter
2008 5457 2221 5524 quidem

678 5519 728 5573 id
781 5519 897 5593 aliis
925 5523 1317 5593 exemplaribus
1345 5527 1575 5593 scriptus
1604 5527 1873 5580 invenitur
1923 5519 2220 5589 hic’locus,

679 5599 735 5662 ut
767 5591 943 5662 videre
970 5602 1050 5662 est
1079 5595 1127 5643 in
1168 5591 1418 5662 chaplis
1442 5591 1468 5648 ί
1491 5596 1581 5650 sed
1609 5597 1660 5649 in
1693 5612 1757 5649 eo
1791 5597 2133 5649 consentiunt
2171 5597 2225 5648 hi

676 5659 833 5736 111ιι·1,⁵
865 5661 1010 5736 quod
1063 5662 1255 5717 habent
1297 5659 1480 5718 omnes
1536 5682 1641 5719 non
1675 5667 1993 5736 ὲκτισάμην,
2034 5665 2222 5736 creavi,

678 5731 770 5805 sed
817 5729 1150 5801 ἐκτησάμην,
1185 5737 1410 5800 possedi.
1440 5736 1736 5790 Notandum
1771 5729 2047 5805 praeterea,
2078 5735 2143 5805 in_
2162 5748 2226 5788 eo

679 5797 796 5854 loco
856 5797 943 5868 qui
1004 5797 1194 5857 statuti
1242 5806 1508 5874 profertur
1555 5823 1585 5862 e
1637 5797 1822 5875 quinio
1879 5797 2055 5878 capite
2107 5803 2213 5860 Go«

2323 5480 2396 5532 κη

2329 5331 2498 5377 textu.

2395 5392 2501 5460 (51)
2534 5389 2665 5460 Reg.
2696 5397 2922 5460 quartus
2965 5394 3018 5440 et
3049 5383 3199 5438 Colb.
3233 5381 3266 5450 ἦ
3295 5375 3456 5450 ἦττον
3481 5378 3669 5446 αὐτῆς.
3700 5376 3890 5442 Ἀγά-ί-

2399 5501 2509 5601 (52)
2539 5530 2783 5601 Antiqui
2802 5530 2904 5582 duo
2934 5525 3057 5581 libri
3092 5519 3371 5594 εἰρηκέναι
3393 5519 3586 5572 ταῦτα.
3622 5516 3740 5572 Vox
3767 5515 3888 5567 ταῦ-

2329 5599 2473 5655 τᾶὶη
2492 5599 2732 5669 vulgatis
2755 5599 2962 5652 deerat.

2406 5673 2514 5753 (δῷ)
2543 5660 2683 5753 Editi
2712 5669 2920 5753 Μαρίας
2945 5668 3034 5722 τὸν
3053 5680 3210 5720 κατα.
3233 5660 3487 5720 Atnostri
3506 5668 3714 5731 septem
3739 5669 3880 5711 ωεε..

2333 5742 2549 5806 Μαρίας
2577 5741 2638 5796 τὸ
2673 5741 2832 5794 κατὰ.
