  <div class='ocr_page' id='page_1' title='image "/cluster/home/n/w/nwhite01/storage/ocr_20150623/29/pst.000005712274/758.png"; bbox 0 0 4078 6316; ppageno 0'>
   <div class='ocr_carea' id='block_1_1' title="bbox 214 410 3436 474">
    <p class='ocr_par' dir='ltr' id='par_1_1' title="bbox 214 410 3436 474">
     <span class='ocr_line' id='line_1_1' title="bbox 214 410 3436 474; baseline 0.004 -13"><span class='ocrx_word' id='word_1_1' title='bbox 214 410 320 463; x_wconf 83' lang='lat'><strong>709</strong></span> <span class='ocrx_word' id='word_1_2' title='bbox 1302 411 1662 469; x_wconf 82' lang='lat' dir='ltr'><strong><em>ADVERSUS</em></strong></span> <span class='ocrx_word' id='word_1_3' title='bbox 1699 411 2065 468; x_wconf 77' lang='lat' dir='ltr'><strong><em>EUNOMIUM</em></strong></span> <span class='ocrx_word' id='word_1_4' title='bbox 2106 413 2232 468; x_wconf 87' lang='lat' dir='ltr'><strong><em>LIB.</em></strong></span> <span class='ocrx_word' id='word_1_5' title='bbox 2278 415 2338 468; x_wconf 86' lang='grc' dir='ltr'>ν.</span> <span class='ocrx_word' id='word_1_6' title='bbox 3334 422 3436 474; x_wconf 84' lang='grc'><strong><em>710</em></strong></span> 
     </span>
    </p>
   </div>
   <div class='ocr_carea' id='block_1_2' title="bbox 209 523 1753 598">
    <p class='ocr_par' dir='ltr' id='par_1_2' title="bbox 209 523 1753 598">
     <span class='ocr_line' id='line_1_2' title="bbox 209 523 1753 598; baseline 0.004 -20"><span class='ocrx_word' id='word_1_7' title='bbox 209 523 292 592; x_wconf 78' lang='grc' dir='ltr'><em>τῇ</em></span> <span class='ocrx_word' id='word_1_8' title='bbox 316 526 737 594; x_wconf 55' lang='grc' dir='ltr'><strong><em>παλινγενεσίᾳ</em></strong></span> <span class='ocrx_word' id='word_1_9' title='bbox 760 525 1095 589; x_wconf 74' lang='grc' dir='ltr'><strong><em>καθήσεσθε</em></strong></span> <span class='ocrx_word' id='word_1_10' title='bbox 1121 526 1216 579; x_wconf 74' lang='grc' dir='ltr'><strong><em>ἐπὶ</em></strong></span> <span class='ocrx_word' id='word_1_11' title='bbox 1250 525 1478 580; x_wconf 80' lang='grc' dir='ltr'>δώδεκα</span> <span class='ocrx_word' id='word_1_12' title='bbox 1504 533 1753 598; x_wconf 79' lang='grc' dir='ltr'><strong><em>θρόνους</em></strong></span> 
     </span>
    </p>
   </div>
   <div class='ocr_carea' id='block_1_3' title="bbox 1856 523 3432 598">
    <p class='ocr_par' dir='ltr' id='par_1_3' title="bbox 1878 529 3432 598">
     <span class='ocr_line' id='line_1_3' title="bbox 1878 529 3432 598; baseline 0.006 -17"><span class='ocrx_word' id='word_1_13' title='bbox 1878 529 2153 585; x_wconf 78' lang='lat' dir='ltr'><strong><em>duodecim</em></strong></span> <span class='ocrx_word' id='word_1_14' title='bbox 2182 533 2348 595; x_wconf 86' lang='lat' dir='ltr'><strong><em>sedes,</em></strong></span> <span class='ocrx_word' id='word_1_15' title='bbox 2365 530 2664 598; x_wconf 84' lang='lat' dir='ltr'><strong><em>judicantes</em></strong></span> <span class='ocrx_word' id='word_1_16' title='bbox 2689 536 2959 589; x_wconf 75' lang='lat' dir='ltr'><strong><em>duodetim</em></strong></span> <span class='ocrx_word' id='word_1_17' title='bbox 2990 534 3156 588; x_wconf 79' lang='lat' dir='ltr'><strong><em>tribus</em></strong></span> <span class='ocrx_word' id='word_1_18' title='bbox 3178 531 3349 590; x_wconf 75' lang='lat' dir='ltr'><strong><em>Israel</em></strong></span> <span class='ocrx_word' id='word_1_19' title='bbox 3366 537 3432 591; x_wconf 78' lang='lat'><strong><em>“.</em></strong></span> 
     </span>
    </p>
   </div>
   <div class='ocr_carea' id='block_1_4' title="bbox 209 616 1753 691">
    <p class='ocr_par' dir='ltr' id='par_1_4' title="bbox 209 616 1752 686">
     <span class='ocr_line' id='line_1_4' title="bbox 209 616 1752 686; baseline 0.005 -18"><span class='ocrx_word' id='word_1_20' title='bbox 209 617 523 684; x_wconf 74' lang='grc' dir='ltr'><em>κρίνοντες</em></span> <span class='ocrx_word' id='word_1_21' title='bbox 559 621 664 682; x_wconf 84' lang='grc' dir='ltr'><em>τὰς</em></span> <span class='ocrx_word' id='word_1_22' title='bbox 703 616 927 670; x_wconf 72' lang='grc' dir='ltr'>δώδεκα</span> <span class='ocrx_word' id='word_1_23' title='bbox 973 619 1171 686; x_wconf 74' lang='grc' dir='ltr'><em>φυλὰς</em></span> <span class='ocrx_word' id='word_1_24' title='bbox 1205 619 1308 672; x_wconf 88' lang='grc' dir='ltr'><strong><em>τοῦ</em></strong></span> <span class='ocrx_word' id='word_1_25' title='bbox 1370 620 1625 686; x_wconf 72' lang='grc' dir='ltr'><strong><em>Ἰσραήλ.</em></strong></span> <span class='ocrx_word' id='word_1_26' title='bbox 1680 623 1752 675; x_wconf 82' lang='grc' dir='ltr'><strong><em>Λέ</em></strong></span> 
     </span>
    </p>
   </div>
   <div class='ocr_carea' id='block_1_5' title="bbox 1856 616 3434 691">
    <p class='ocr_par' dir='ltr' id='par_1_5' title="bbox 1881 620 3434 691">
     <span class='ocr_line' id='line_1_5' title="bbox 1881 620 3434 691; baseline 0.003 -17"><span class='ocrx_word' id='word_1_27' title='bbox 1881 620 1956 674; x_wconf 81' lang='lat' dir='ltr'><strong><em>Ex</em></strong></span> <span class='ocrx_word' id='word_1_28' title='bbox 1984 621 2113 690; x_wconf 85' lang='lat' dir='ltr'><strong>ipsis</strong></span> <span class='ocrx_word' id='word_1_29' title='bbox 2143 638 2271 691; x_wconf 75' lang='lat' dir='ltr'><strong><em>ergo</em></strong></span> <span class='ocrx_word' id='word_1_30' title='bbox 2311 622 2606 688; x_wconf 84' lang='lat' dir='ltr'><strong><em>Scripturis</em></strong></span> <span class='ocrx_word' id='word_1_31' title='bbox 2650 625 2886 679; x_wconf 83' lang='lat' dir='ltr'><strong><em>adhibita</em></strong></span> <span class='ocrx_word' id='word_1_32' title='bbox 2934 627 3130 682; x_wconf 89' lang='lat' dir='ltr'><strong><em>solutio</em></strong></span> <span class='ocrx_word' id='word_1_33' title='bbox 3157 635 3279 691; x_wconf 91' lang='lat' dir='ltr'><strong><em>est,</em></strong></span> <span class='ocrx_word' id='word_1_34' title='bbox 3311 642 3434 679; x_wconf 88' lang='lat' dir='ltr'><strong><em>cum</em></strong></span> 
     </span>
    </p>
   </div>
   <div class='ocr_carea' id='block_1_6' title="bbox 207 708 1753 790">
    <p class='ocr_par' dir='ltr' id='par_1_6' title="bbox 207 708 1753 783">
     <span class='ocr_line' id='line_1_6' title="bbox 207 708 1753 783; baseline 0.001 -24"><span class='ocrx_word' id='word_1_35' title='bbox 207 708 367 763; x_wconf 78' lang='grc' dir='ltr'>λυται</span> <span class='ocrx_word' id='word_1_36' title='bbox 414 708 505 764; x_wconf 82' lang='grc' dir='ltr'>οὖν</span> <span class='ocrx_word' id='word_1_37' title='bbox 558 711 738 770; x_wconf 78' lang='grc' dir='ltr'>αὐτοῖς</span> <span class='ocrx_word' id='word_1_38' title='bbox 771 711 881 772; x_wconf 83' lang='grc' dir='ltr'><em>τοῖς</em></span> <span class='ocrx_word' id='word_1_39' title='bbox 922 711 1239 780; x_wconf 72' lang='grc' dir='ltr'>ἐγγράφοις,</span> <span class='ocrx_word' id='word_1_40' title='bbox 1274 710 1366 761; x_wconf 77' lang='grc' dir='ltr'><strong><em>τοῦ</em></strong></span> <span class='ocrx_word' id='word_1_41' title='bbox 1401 709 1497 779; x_wconf 80' lang='grc' dir='ltr'><strong><em>μὲν</em></strong></span> <span class='ocrx_word' id='word_1_42' title='bbox 1529 712 1753 783; x_wconf 62' lang='grc' dir='ltr'><strong><em>Σωτῆρος</em></strong></span> 
     </span>
    </p>
   </div>
   <div class='ocr_carea' id='block_1_7' title="bbox 1856 708 3428 790">
    <p class='ocr_par' dir='ltr' id='par_1_7' title="bbox 1878 713 3428 790">
     <span class='ocr_line' id='line_1_7' title="bbox 1878 713 3428 790; baseline 0.001 -22"><span class='ocrx_word' id='word_1_43' title='bbox 1878 713 2125 768; x_wconf 77' lang='lat' dir='ltr'><strong><em>Salvator</em></strong></span> <span class='ocrx_word' id='word_1_44' title='bbox 2151 715 2384 770; x_wconf 77' lang='lat' dir='ltr'><strong><em>dixerit:</em></strong></span> <span class='ocrx_word' id='word_1_45' title='bbox 2420 713 2482 766; x_wconf 82' lang='lat' dir='ltr'><strong><em>Et</em></strong></span> <span class='ocrx_word' id='word_1_46' title='bbox 2520 722 2644 766; x_wconf 85' lang='lat' dir='ltr'><strong><em>tunc</em></strong></span> <span class='ocrx_word' id='word_1_47' title='bbox 2673 715 2884 768; x_wconf 82' lang='lat' dir='ltr'><strong><em>reddam</em></strong></span> <span class='ocrx_word' id='word_1_48' title='bbox 2915 721 3193 790; x_wconf 73' lang='lat' dir='ltr'><strong><em>unicuique</em></strong></span> <span class='ocrx_word' id='word_1_49' title='bbox 3240 733 3428 770; x_wconf 88' lang='lat' dir='ltr'><strong><em>secun-</em></strong></span> 
     </span>
    </p>
   </div>
   <div class='ocr_carea' id='block_1_8' title="bbox 205 799 1753 879">
    <p class='ocr_par' dir='ltr' id='par_1_8' title="bbox 205 799 1753 871">
     <span class='ocr_line' id='line_1_8' title="bbox 205 799 1753 871; baseline 0.004 -20"><span class='ocrx_word' id='word_1_50' title='bbox 205 802 488 864; x_wconf 80' lang='grc' dir='ltr'><strong><em>εῐπόντος·</em></strong></span> <span class='ocrx_word' id='word_1_51' title='bbox 533 801 638 852; x_wconf 82' lang='lat' dir='ltr'><strong><em>Kal</em></strong></span> <span class='ocrx_word' id='word_1_52' title='bbox 687 799 815 851; x_wconf 85' lang='grc' dir='ltr'><em>τότε</em></span> <span class='ocrx_word' id='word_1_53' title='bbox 853 800 1139 854; x_wconf 83' lang='grc' dir='ltr'><strong><em>ἀποδώσω</em></strong></span> <span class='ocrx_word' id='word_1_54' title='bbox 1190 801 1422 862; x_wconf 76' lang='grc' dir='ltr'><strong><em>ἑκάστῳ</em></strong></span> <span class='ocrx_word' id='word_1_55' title='bbox 1467 803 1614 855; x_wconf 77' lang='grc' dir='ltr'>κατὰ</span> <span class='ocrx_word' id='word_1_56' title='bbox 1663 803 1753 871; x_wconf 77' lang='grc' dir='ltr'><strong><em>τὴι</em></strong></span> 
     </span>
    </p>
   </div>
   <div class='ocr_carea' id='block_1_9' title="bbox 1856 799 3430 879">
    <p class='ocr_par' dir='ltr' id='par_1_9' title="bbox 1874 804 3430 879">
     <span class='ocr_line' id='line_1_9' title="bbox 1874 804 3430 879; baseline 0.002 -22"><span class='ocrx_word' id='word_1_57' title='bbox 1874 806 1996 857; x_wconf 88' lang='lat' dir='ltr'><strong><em>dum</em></strong></span> <span class='ocrx_word' id='word_1_58' title='bbox 2027 804 2165 873; x_wconf 78' lang='lat' dir='ltr'><strong><em>facta</em></strong></span> <span class='ocrx_word' id='word_1_59' title='bbox 2206 805 2317 873; x_wconf 84' lang='lat' dir='ltr'><strong><em>ejus</em></strong></span> <span class='ocrx_word' id='word_1_60' title='bbox 2339 805 2402 859; x_wconf 83' lang='grc'><strong><em>⁸³.</em></strong></span> <span class='ocrx_word' id='word_1_61' title='bbox 2435 804 2502 859; x_wconf 90' lang='grc' dir='ltr'>Ει</span> <span class='ocrx_word' id='word_1_62' title='bbox 2541 804 2666 858; x_wconf 81' lang='lat' dir='ltr'><strong><em>alibi</em></strong></span> <span class='ocrx_word' id='word_1_63' title='bbox 2697 820 2711 857; x_wconf 90' lang='lat'><strong>:</strong></span> <span class='ocrx_word' id='word_1_64' title='bbox 2745 804 2904 858; x_wconf 87' lang='lat' dir='ltr'><strong><em>Ibunt</em></strong></span> <span class='ocrx_word' id='word_1_65' title='bbox 2927 810 3013 875; x_wconf 89' lang='lat' dir='ltr'><strong><em>qui</em></strong></span> <span class='ocrx_word' id='word_1_66' title='bbox 3053 810 3185 864; x_wconf 88' lang='lat' dir='ltr'><strong><em>bona</em></strong></span> <span class='ocrx_word' id='word_1_67' title='bbox 3212 808 3430 879; x_wconf 81' lang='lat' dir='ltr'><strong><em>fecerint</em></strong></span> 
     </span>
    </p>
   </div>
   <div class='ocr_carea' id='block_1_10' title="bbox 203 890 1774 964">
    <p class='ocr_par' dir='ltr' id='par_1_10' title="bbox 203 890 1774 964">
     <span class='ocr_line' id='line_1_10' title="bbox 203 890 1774 964; baseline 0.004 -21"><span class='ocrx_word' id='word_1_68' title='bbox 203 892 430 959; x_wconf 78' lang='grc' dir='ltr'><em>πρᾶξιν</em></span> <span class='ocrx_word' id='word_1_69' title='bbox 467 890 670 943; x_wconf 84' lang='grc' dir='ltr'><strong><em>αὐτοῦ.</em></strong></span> <span class='ocrx_word' id='word_1_70' title='bbox 717 893 825 945; x_wconf 80' lang='grc' dir='ltr'>Καὶ</span> <span class='ocrx_word' id='word_1_71' title='bbox 869 893 1119 964; x_wconf 76' lang='grc' dir='ltr'><strong><em>ἀλλαχοῦ·</em></strong></span> <span class='ocrx_word' id='word_1_72' title='bbox 1175 894 1672 960; x_wconf 80' lang='grc' dir='ltr'><em>Ἐκπορεύσονται</em></span> <span class='ocrx_word' id='word_1_73' title='bbox 1720 901 1774 950; x_wconf 78' lang='grc' dir='ltr'><em>οἱ</em></span> 
     </span>
    </p>
   </div>
   <div class='ocr_carea' id='block_1_11' title="bbox 201 981 1774 1050">
    <p class='ocr_par' dir='ltr' id='par_1_11' title="bbox 201 981 1774 1050">
     <span class='ocr_line' id='line_1_11' title="bbox 201 981 1774 1050; baseline 0.003 -17"><span class='ocrx_word' id='word_1_74' title='bbox 201 985 281 1034; x_wconf 81' lang='grc' dir='ltr'><strong><em>τὰ</em></strong></span> <span class='ocrx_word' id='word_1_75' title='bbox 310 981 499 1048; x_wconf 58' lang='grc' dir='ltr'>ἀγαθὰ</span> <span class='ocrx_word' id='word_1_76' title='bbox 540 981 900 1050; x_wconf 64' lang='grc' dir='ltr'><em>ποιήσαντες</em></span> <span class='ocrx_word' id='word_1_77' title='bbox 929 989 1014 1049; x_wconf 85' lang='grc' dir='ltr'><strong><em>εὶς</em></strong></span> <span class='ocrx_word' id='word_1_78' title='bbox 1051 983 1388 1038; x_wconf 78' lang='grc' dir='ltr'><strong><em>ἀνάστασιν</em></strong></span> <span class='ocrx_word' id='word_1_79' title='bbox 1432 982 1598 1050; x_wconf 73' lang='grc' dir='ltr'><em>ζωῆς,</em></span> <span class='ocrx_word' id='word_1_80' title='bbox 1630 989 1683 1037; x_wconf 79' lang='grc' dir='ltr'><em>οἱ</em></span> <span class='ocrx_word' id='word_1_81' title='bbox 1706 986 1774 1038; x_wconf 80' lang='grc' dir='ltr'>δὲ</span> 
     </span>
    </p>
   </div>
   <div class='ocr_carea' id='block_1_12' title="bbox 201 1072 1768 1143">
    <p class='ocr_par' dir='ltr' id='par_1_12' title="bbox 201 1072 1768 1143">
     <span class='ocr_line' id='line_1_12' title="bbox 201 1072 1768 1143; baseline 0.004 -20"><span class='ocrx_word' id='word_1_82' title='bbox 201 1090 281 1124; x_wconf 87' lang='grc' dir='ltr'><em>τα</em></span> <span class='ocrx_word' id='word_1_83' title='bbox 332 1072 532 1138; x_wconf 59' lang='grc' dir='ltr'>φαῦλα</span> <span class='ocrx_word' id='word_1_84' title='bbox 573 1074 938 1143; x_wconf 74' lang='grc' dir='ltr'><em>πράξαντες,</em></span> <span class='ocrx_word' id='word_1_85' title='bbox 982 1077 1067 1138; x_wconf 84' lang='grc' dir='ltr'><strong><em>εὶς</em></strong></span> <span class='ocrx_word' id='word_1_86' title='bbox 1121 1075 1457 1129; x_wconf 76' lang='grc' dir='ltr'><em>ἀνάστασιν</em></span> <span class='ocrx_word' id='word_1_87' title='bbox 1499 1076 1768 1142; x_wconf 79' lang='grc' dir='ltr'><em>κρίσεως.</em></span> 
     </span>
    </p>
   </div>
   <div class='ocr_carea' id='block_1_13' title="bbox 214 1163 1772 1236">
    <p class='ocr_par' dir='ltr' id='par_1_13' title="bbox 214 1163 1772 1236">
     <span class='ocr_line' id='line_1_13' title="bbox 214 1163 1772 1236; baseline 0.005 -23"><span class='ocrx_word' id='word_1_88' title='bbox 214 1163 278 1213; x_wconf 81' lang='lat'><strong><em>&#39;0</em></strong></span> <span class='ocrx_word' id='word_1_89' title='bbox 309 1163 366 1215; x_wconf 81' lang='grc' dir='ltr'>δὲ</span> <span class='ocrx_word' id='word_1_90' title='bbox 409 1164 755 1228; x_wconf 81' lang='grc' dir='ltr'><strong><em>’Λπύστολος’</em></strong></span> <span class='ocrx_word' id='word_1_91' title='bbox 786 1167 930 1229; x_wconf 84' lang='grc' dir='ltr'><em>Τοὺς</em></span> <span class='ocrx_word' id='word_1_92' title='bbox 954 1165 1060 1233; x_wconf 76' lang='grc' dir='ltr'><strong><em>γὰρ</em></strong></span> <span class='ocrx_word' id='word_1_93' title='bbox 1084 1166 1310 1232; x_wconf 78' lang='grc' dir='ltr'><em>πάντας</em></span> <span class='ocrx_word' id='word_1_94' title='bbox 1336 1165 1491 1236; x_wconf 73' lang='grc' dir='ltr'><strong><em>ἡμᾶς</em></strong></span> <span class='ocrx_word' id='word_1_95' title='bbox 1521 1183 1772 1235; x_wconf 70' lang='grc' dir='ltr'><em>φανερω-</em></span> 
     </span>
    </p>
   </div>
   <div class='ocr_carea' id='block_1_14' title="bbox 198 1251 1769 1327">
    <p class='ocr_par' dir='ltr' id='par_1_14' title="bbox 198 1251 1769 1327">
     <span class='ocr_line' id='line_1_14' title="bbox 198 1251 1769 1327; baseline 0.001 -20"><span class='ocrx_word' id='word_1_96' title='bbox 198 1251 381 1320; x_wconf 82' lang='grc' dir='ltr'><strong><em>θῆναι</em></strong></span> <span class='ocrx_word' id='word_1_97' title='bbox 425 1257 516 1308; x_wconf 80' lang='grc' dir='ltr'><em>δεῖ</em></span> <span class='ocrx_word' id='word_1_98' title='bbox 548 1258 886 1324; x_wconf 80' lang='grc' dir='ltr'><em>ἔμπροσθεν</em></span> <span class='ocrx_word' id='word_1_99' title='bbox 929 1256 1034 1309; x_wconf 77' lang='grc' dir='ltr'><em>τοῦ</em></span> <span class='ocrx_word' id='word_1_100' title='bbox 1073 1257 1345 1327; x_wconf 64' lang='grc' dir='ltr'>,ϐήματος</span> <span class='ocrx_word' id='word_1_101' title='bbox 1374 1257 1477 1310; x_wconf 78' lang='grc' dir='ltr'><em>τοῦ</em></span> <span class='ocrx_word' id='word_1_102' title='bbox 1514 1256 1769 1323; x_wconf 82' lang='grc' dir='ltr'><em>Χριστοῦ</em></span> 
     </span>
    </p>
   </div>
   <div class='ocr_carea' id='block_1_15' title="bbox 197 1345 1770 1418">
    <p class='ocr_par' dir='ltr' id='par_1_15' title="bbox 197 1345 1770 1418">
     <span class='ocr_line' id='line_1_15' title="bbox 197 1345 1770 1418; baseline 0.001 -22"><span class='ocrx_word' id='word_1_103' title='bbox 197 1345 302 1398; x_wconf 77' lang='grc' dir='ltr'><strong><em>ἵνα</em></strong></span> <span class='ocrx_word' id='word_1_104' title='bbox 339 1350 650 1415; x_wconf 75' lang='grc' dir='ltr'><em>κομίσηται</em></span> <span class='ocrx_word' id='word_1_105' title='bbox 678 1346 933 1412; x_wconf 74' lang='grc' dir='ltr'><em>ἕκαστος</em></span> <span class='ocrx_word' id='word_1_106' title='bbox 959 1347 1029 1401; x_wconf 87' lang='grc' dir='ltr'><em>τὰ</em></span> <span class='ocrx_word' id='word_1_107' title='bbox 1055 1348 1152 1402; x_wconf 77' lang='grc' dir='ltr'>διὰ</span> <span class='ocrx_word' id='word_1_108' title='bbox 1179 1349 1282 1402; x_wconf 86' lang='grc' dir='ltr'><strong><em>τοῦ</em></strong></span> <span class='ocrx_word' id='word_1_109' title='bbox 1316 1348 1586 1418; x_wconf 77' lang='grc' dir='ltr'><em>σώματος</em></span> <span class='ocrx_word' id='word_1_110' title='bbox 1621 1347 1770 1414; x_wconf 78' lang='grc' dir='ltr'><em>πρὸς</em></span> 
     </span>
    </p>
   </div>
   <div class='ocr_carea' id='block_1_16' title="bbox 195 1436 1766 1508">
    <p class='ocr_par' dir='ltr' id='par_1_16' title="bbox 195 1436 1766 1508">
     <span class='ocr_line' id='line_1_16' title="bbox 195 1436 1766 1508; baseline -0.001 -18"><span class='ocrx_word' id='word_1_111' title='bbox 195 1436 238 1489; x_wconf 81' lang='lat' dir='ltr'><strong><em>d</em></strong></span> <span class='ocrx_word' id='word_1_112' title='bbox 267 1439 544 1506; x_wconf 66' lang='grc' dir='ltr'><em>ἔπραξεν,</em></span> <span class='ocrx_word' id='word_1_113' title='bbox 580 1436 697 1489; x_wconf 85' lang='grc' dir='ltr'><em>εἴτε</em></span> <span class='ocrx_word' id='word_1_114' title='bbox 739 1438 963 1507; x_wconf 71' lang='grc' dir='ltr'>ἀγαθὸν</span> <span class='ocrx_word' id='word_1_115' title='bbox 1005 1442 1122 1493; x_wconf 83' lang='grc' dir='ltr'><em>εἴτε</em></span> <span class='ocrx_word' id='word_1_116' title='bbox 1160 1442 1366 1493; x_wconf 80' lang='grc' dir='ltr'>κακόν.</span> <span class='ocrx_word' id='word_1_117' title='bbox 1405 1441 1522 1492; x_wconf 86' lang='grc' dir='ltr'><strong><em>Τῶν</em></strong></span> <span class='ocrx_word' id='word_1_118' title='bbox 1555 1437 1766 1508; x_wconf 74' lang='grc' dir='ltr'>λαμὸα-</span> 
     </span>
    </p>
   </div>
   <div class='ocr_carea' id='block_1_17' title="bbox 194 1525 1767 1600">
    <p class='ocr_par' dir='ltr' id='par_1_17' title="bbox 194 1525 1767 1600">
     <span class='ocr_line' id='line_1_17' title="bbox 194 1525 1767 1600; baseline -0.001 -20"><span class='ocrx_word' id='word_1_119' title='bbox 194 1529 398 1581; x_wconf 81' lang='grc' dir='ltr'>νόντων</span> <span class='ocrx_word' id='word_1_120' title='bbox 427 1527 534 1597; x_wconf 73' lang='lat'><strong>(69)</strong></span> <span class='ocrx_word' id='word_1_121' title='bbox 567 1525 657 1581; x_wconf 81' lang='grc' dir='ltr'><strong><em>οὖν</em></strong></span> <span class='ocrx_word' id='word_1_122' title='bbox 690 1529 836 1581; x_wconf 84' lang='grc' dir='ltr'>ἐστιν</span> <span class='ocrx_word' id='word_1_123' title='bbox 867 1529 1044 1594; x_wconf 78' lang='grc' dir='ltr'>ἀξίους</span> <span class='ocrx_word' id='word_1_124' title='bbox 1073 1532 1296 1594; x_wconf 71' lang='grc' dir='ltr'>ἑαυτοὺς</span> <span class='ocrx_word' id='word_1_125' title='bbox 1330 1531 1550 1600; x_wconf 86' lang='grc' dir='ltr'>ποιῆσαι</span> <span class='ocrx_word' id='word_1_126' title='bbox 1574 1529 1672 1599; x_wconf 79' lang='grc' dir='ltr'><strong><em>τῆς</em></strong></span> <span class='ocrx_word' id='word_1_127' title='bbox 1704 1529 1767 1579; x_wconf 79' lang='grc' dir='ltr'>ἐκ</span> 
     </span>
    </p>
   </div>
   <div class='ocr_carea' id='block_1_18' title="bbox 1873 895 3430 968">
    <p class='ocr_par' dir='ltr' id='par_1_18' title="bbox 1873 895 3430 968">
     <span class='ocr_line' id='line_1_18' title="bbox 1873 895 3430 968; baseline 0.001 -18"><span class='ocrx_word' id='word_1_128' title='bbox 1873 898 1927 950; x_wconf 90' lang='lat' dir='ltr'><strong><em>in</em></strong></span> <span class='ocrx_word' id='word_1_129' title='bbox 1973 895 2397 949; x_wconf 72' lang='lat' dir='ltr'><strong><em>resurrectionem</em></strong></span> <span class='ocrx_word' id='word_1_130' title='bbox 2436 897 2586 958; x_wconf 70' lang='lat' dir='ltr'><strong><em>vitae;</em></strong></span> <span class='ocrx_word' id='word_1_131' title='bbox 2628 895 2717 965; x_wconf 87' lang='lat' dir='ltr'><strong><em>qui</em></strong></span> <span class='ocrx_word' id='word_1_132' title='bbox 2764 912 2879 949; x_wconf 65' lang='lat' dir='ltr'><strong><em>vero</em></strong></span> <span class='ocrx_word' id='word_1_133' title='bbox 2926 897 3067 950; x_wconf 84' lang='lat' dir='ltr'><strong><em>mala</em></strong></span> <span class='ocrx_word' id='word_1_134' title='bbox 3115 902 3330 968; x_wconf 83' lang='lat' dir='ltr'><strong><em>egerint,</em></strong></span> <span class='ocrx_word' id='word_1_135' title='bbox 3375 901 3430 952; x_wconf 85' lang='lat' dir='ltr'><strong><em>in</em></strong></span> 
     </span>
    </p>
   </div>
   <div class='ocr_carea' id='block_1_19' title="bbox 1872 986 3424 1057">
    <p class='ocr_par' dir='ltr' id='par_1_19' title="bbox 1872 986 3424 1057">
     <span class='ocr_line' id='line_1_19' title="bbox 1872 986 3424 1057; baseline 0.005 -17"><span class='ocrx_word' id='word_1_136' title='bbox 1872 986 2298 1041; x_wconf 70' lang='lat' dir='ltr'><strong><em>resurrectionem</em></strong></span> <span class='ocrx_word' id='word_1_137' title='bbox 2338 989 2534 1054; x_wconf 81' lang='lat' dir='ltr'><strong><em>judicii</em></strong></span> <span class='ocrx_word' id='word_1_138' title='bbox 2565 988 2630 1042; x_wconf 76' lang='lat'><strong><em>“.</em></strong></span> <span class='ocrx_word' id='word_1_139' title='bbox 2661 987 2954 1057; x_wconf 77' lang='lat' dir='ltr'><strong><em>Apostolus</em></strong></span> <span class='ocrx_word' id='word_1_140' title='bbox 2992 1003 3119 1043; x_wconf 81' lang='lat' dir='ltr'><strong><em>vero</em></strong></span> <span class='ocrx_word' id='word_1_141' title='bbox 3168 1009 3181 1043; x_wconf 93' lang='lat'>:</span> <span class='ocrx_word' id='word_1_142' title='bbox 3233 991 3424 1047; x_wconf 81' lang='lat' dir='ltr'><strong><em>Omnes</em></strong></span> 
     </span>
    </p>
   </div>
   <div class='ocr_carea' id='block_1_20' title="bbox 1869 1077 3424 1148">
    <p class='ocr_par' dir='ltr' id='par_1_20' title="bbox 1869 1077 3424 1148">
     <span class='ocr_line' id='line_1_20' title="bbox 1869 1077 3424 1148; baseline 0.003 -18"><span class='ocrx_word' id='word_1_143' title='bbox 1869 1080 2004 1131; x_wconf 89' lang='lat' dir='ltr'><strong><em>enim</em></strong></span> <span class='ocrx_word' id='word_1_144' title='bbox 2037 1093 2129 1130; x_wconf 86' lang='lat' dir='ltr'><strong><em>nos</em></strong></span> <span class='ocrx_word' id='word_1_145' title='bbox 2159 1077 2486 1145; x_wconf 69' lang='lat' dir='ltr'><strong><em>manifestari</em></strong></span> <span class='ocrx_word' id='word_1_146' title='bbox 2518 1086 2719 1148; x_wconf 76' lang='lat' dir='ltr'><strong><em>oportet</em></strong></span> <span class='ocrx_word' id='word_1_147' title='bbox 2754 1093 2931 1129; x_wconf 85' lang='lat' dir='ltr'><strong><em>coram</em></strong></span> <span class='ocrx_word' id='word_1_148' title='bbox 2983 1077 3234 1131; x_wconf 80' lang='lat' dir='ltr'><strong><em>tribunali</em></strong></span> <span class='ocrx_word' id='word_1_149' title='bbox 3265 1078 3424 1134; x_wconf 83' lang='lat' dir='ltr'><strong><em>Chri-</em></strong></span> 
     </span>
    </p>
   </div>
   <div class='ocr_carea' id='block_1_21' title="bbox 1866 1168 3426 1238">
    <p class='ocr_par' dir='ltr' id='par_1_21' title="bbox 1866 1168 3426 1238">
     <span class='ocr_line' id='line_1_21' title="bbox 1866 1168 3426 1238; baseline 0.003 -18"><span class='ocrx_word' id='word_1_150' title='bbox 1866 1171 1952 1234; x_wconf 88' lang='lat' dir='ltr'><strong><em>sti,</em></strong></span> <span class='ocrx_word' id='word_1_151' title='bbox 2002 1180 2053 1220; x_wconf 88' lang='lat' dir='ltr'><strong><em>ut</em></strong></span> <span class='ocrx_word' id='word_1_152' title='bbox 2096 1177 2314 1234; x_wconf 83' lang='lat' dir='ltr'><strong><em>reportet</em></strong></span> <span class='ocrx_word' id='word_1_153' title='bbox 2361 1171 2710 1238; x_wconf 83' lang='lat' dir='ltr'><strong><em>unusquisque</em></strong></span> <span class='ocrx_word' id='word_1_154' title='bbox 2752 1184 2812 1221; x_wconf 88' lang='lat' dir='ltr'><strong><em>ea</em></strong></span> <span class='ocrx_word' id='word_1_155' title='bbox 2854 1183 2972 1237; x_wconf 69' lang='lat' dir='ltr'><strong><em>qua</em></strong></span> <span class='ocrx_word' id='word_1_156' title='bbox 3007 1168 3136 1233; x_wconf 82' lang='lat' dir='ltr'><strong><em>ﬁunt</em></strong></span> <span class='ocrx_word' id='word_1_157' title='bbox 3175 1185 3268 1234; x_wconf 88' lang='lat' dir='ltr'><strong><em>per</em></strong></span> <span class='ocrx_word' id='word_1_158' title='bbox 3308 1187 3426 1225; x_wconf 82' lang='lat' dir='ltr'><strong><em>cor-</em></strong></span> 
     </span>
    </p>
   </div>
   <div class='ocr_carea' id='block_1_22' title="bbox 1866 1258 3422 1328">
    <p class='ocr_par' dir='ltr' id='par_1_22' title="bbox 1866 1258 3422 1328">
     <span class='ocr_line' id='line_1_22' title="bbox 1866 1258 3422 1328; baseline 0.004 -18"><span class='ocrx_word' id='word_1_159' title='bbox 1866 1275 1976 1325; x_wconf 87' lang='lat' dir='ltr'><strong><em>pus.</em></strong></span> <span class='ocrx_word' id='word_1_160' title='bbox 2003 1267 2155 1328; x_wconf 80' lang='lat' dir='ltr'><strong><em>prout</em></strong></span> <span class='ocrx_word' id='word_1_161' title='bbox 2191 1258 2366 1328; x_wconf 78' lang='lat' dir='ltr'><strong><em>gessit,</em></strong></span> <span class='ocrx_word' id='word_1_162' title='bbox 2397 1258 2499 1312; x_wconf 81' lang='lat' dir='ltr'><strong><em>sive</em></strong></span> <span class='ocrx_word' id='word_1_163' title='bbox 2529 1259 2738 1324; x_wconf 86' lang='lat' dir='ltr'><strong><em>bonum,</em></strong></span> <span class='ocrx_word' id='word_1_164' title='bbox 2779 1261 2883 1314; x_wconf 80' lang='lat' dir='ltr'><strong><em>sive</em></strong></span> <span class='ocrx_word' id='word_1_165' title='bbox 2903 1259 3097 1312; x_wconf 85' lang='lat' dir='ltr'><strong><em>malum</em></strong></span> <span class='ocrx_word' id='word_1_166' title='bbox 3128 1260 3193 1313; x_wconf 84' lang='grc'><strong><em>⁸⁸.</em></strong></span> <span class='ocrx_word' id='word_1_167' title='bbox 3226 1261 3422 1316; x_wconf 87' lang='lat' dir='ltr'><strong><em>Eorum</em></strong></span> 
     </span>
    </p>
   </div>
   <div class='ocr_carea' id='block_1_23' title="bbox 1867 1349 3422 1421">
    <p class='ocr_par' dir='ltr' id='par_1_23' title="bbox 1867 1349 3422 1421">
     <span class='ocr_line' id='line_1_23' title="bbox 1867 1349 3422 1421; baseline 0.003 -21"><span class='ocrx_word' id='word_1_168' title='bbox 1867 1349 2028 1415; x_wconf 73' lang='lat' dir='ltr'><strong><em>igitur</em></strong></span> <span class='ocrx_word' id='word_1_169' title='bbox 2082 1350 2170 1418; x_wconf 87' lang='lat' dir='ltr'><strong><em>qui</em></strong></span> <span class='ocrx_word' id='word_1_170' title='bbox 2207 1358 2520 1418; x_wconf 84' lang='lat' dir='ltr'><strong><em>reportant,</em></strong></span> <span class='ocrx_word' id='word_1_171' title='bbox 2559 1360 2673 1414; x_wconf 85' lang='lat' dir='ltr'><strong><em>est,</em></strong></span> <span class='ocrx_word' id='word_1_172' title='bbox 2707 1353 2887 1406; x_wconf 78' lang='lat' dir='ltr'><strong><em>facere</em></strong></span> <span class='ocrx_word' id='word_1_173' title='bbox 2916 1366 2976 1405; x_wconf 89' lang='lat' dir='ltr'><strong><em>se</em></strong></span> <span class='ocrx_word' id='word_1_174' title='bbox 3008 1351 3229 1421; x_wconf 75' lang='lat' dir='ltr'><strong><em>dignos,</em></strong></span> <span class='ocrx_word' id='word_1_175' title='bbox 3269 1353 3359 1421; x_wconf 90' lang='lat' dir='ltr'><strong><em>qui</em></strong></span> <span class='ocrx_word' id='word_1_176' title='bbox 3390 1368 3422 1405; x_wconf 88' lang='lat' dir='ltr'><strong><em>a</em></strong></span> 
     </span>
    </p>
   </div>
   <div class='ocr_carea' id='block_1_24' title="bbox 1865 1436 3421 1512">
    <p class='ocr_par' dir='ltr' id='par_1_24' title="bbox 1865 1436 3421 1512">
     <span class='ocr_line' id='line_1_24' title="bbox 1865 1436 3421 1512; baseline 0.005 -24"><span class='ocrx_word' id='word_1_177' title='bbox 1865 1436 2071 1492; x_wconf 79' lang='lat' dir='ltr'><strong><em>dextris</em></strong></span> <span class='ocrx_word' id='word_1_178' title='bbox 2099 1437 2180 1492; x_wconf 82' lang='lat' dir='ltr'><strong><em>vel</em></strong></span> <span class='ocrx_word' id='word_1_179' title='bbox 2214 1437 2448 1491; x_wconf 85' lang='lat' dir='ltr'><strong><em>sinistris</em></strong></span> <span class='ocrx_word' id='word_1_180' title='bbox 2476 1439 2682 1492; x_wconf 86' lang='lat' dir='ltr'><strong><em>Domini</em></strong></span> <span class='ocrx_word' id='word_1_181' title='bbox 2716 1440 2938 1494; x_wconf 79' lang='lat' dir='ltr'><strong><em>sedeant</em></strong></span> <span class='ocrx_word' id='word_1_182' title='bbox 2964 1458 2976 1493; x_wconf 90' lang='lat'><strong>:</strong></span> <span class='ocrx_word' id='word_1_183' title='bbox 3013 1455 3117 1494; x_wconf 91' lang='lat' dir='ltr'><strong><em>non</em></strong></span> <span class='ocrx_word' id='word_1_184' title='bbox 3145 1441 3260 1509; x_wconf 86' lang='lat' dir='ltr'><strong><em>ejus</em></strong></span> <span class='ocrx_word' id='word_1_185' title='bbox 3280 1480 3295 1507; x_wconf 93' lang='lat'><strong><em>,</em></strong></span> <span class='ocrx_word' id='word_1_186' title='bbox 3329 1442 3421 1512; x_wconf 89' lang='lat' dir='ltr'><strong><em>qui</em></strong></span> 
     </span>
    </p>
   </div>
   <div class='ocr_carea' id='block_1_25' title="bbox 1866 1525 3047 1596">
    <p class='ocr_par' dir='ltr' id='par_1_25' title="bbox 1866 1525 3047 1596">
     <span class='ocr_line' id='line_1_25' title="bbox 1866 1525 3047 1596; baseline 0.006 -19"><span class='ocrx_word' id='word_1_187' title='bbox 1866 1527 1991 1578; x_wconf 88' lang='lat' dir='ltr'><strong><em>dare</em></strong></span> <span class='ocrx_word' id='word_1_188' title='bbox 2018 1537 2215 1594; x_wconf 88' lang='lat' dir='ltr'><strong><em>potest,</em></strong></span> <span class='ocrx_word' id='word_1_189' title='bbox 2252 1527 2466 1580; x_wconf 88' lang='lat' dir='ltr'><strong><em>etiamsi</em></strong></span> <span class='ocrx_word' id='word_1_190' title='bbox 2509 1525 2704 1593; x_wconf 73' lang='lat' dir='ltr'><strong><em>injuste</em></strong></span> <span class='ocrx_word' id='word_1_191' title='bbox 2733 1530 2917 1596; x_wconf 86' lang='lat' dir='ltr'><strong><em>petitio</em></strong></span> <span class='ocrx_word' id='word_1_192' title='bbox 2958 1530 3047 1584; x_wconf 88' lang='lat' dir='ltr'><strong><em>sit.</em></strong></span> 
     </span>
    </p>
   </div>
   <div class='ocr_carea' id='block_1_26' title="bbox 191 1615 3196 1694">
    <p class='ocr_par' dir='ltr' id='par_1_26' title="bbox 191 1615 3196 1694">
     <span class='ocr_line' id='line_1_26' title="bbox 191 1615 3196 1694; baseline 0.003 -25"><span class='ocrx_word' id='word_1_193' title='bbox 191 1618 385 1680; x_wconf 78' lang='grc' dir='ltr'><strong><em>δεξιῶν</em></strong></span> <span class='ocrx_word' id='word_1_194' title='bbox 424 1617 513 1668; x_wconf 77' lang='grc' dir='ltr'><strong><em>καὶ</em></strong></span> <span class='ocrx_word' id='word_1_195' title='bbox 546 1618 836 1686; x_wconf 77' lang='grc' dir='ltr'><strong><em>εὐωνύμων</em></strong></span> <span class='ocrx_word' id='word_1_196' title='bbox 875 1619 1138 1688; x_wconf 75' lang='grc' dir='ltr'><strong><em>καθέδρας</em></strong></span> <span class='ocrx_word' id='word_1_197' title='bbox 1178 1620 1266 1672; x_wconf 75' lang='grc' dir='ltr'><strong><em>τοῦ</em></strong></span> <span class='ocrx_word' id='word_1_198' title='bbox 1299 1623 1525 1692; x_wconf 80' lang='grc' dir='ltr'><strong><em>Κυρίου,</em></strong></span> <span class='ocrx_word' id='word_1_199' title='bbox 1556 1622 1616 1675; x_wconf 81' lang='grc' dir='ltr'>οὐ</span> <span class='ocrx_word' id='word_1_200' title='bbox 1655 1619 1748 1672; x_wconf 80' lang='grc' dir='ltr'><strong><em>τοῦ</em></strong></span> <span class='ocrx_word' id='word_1_201' title='bbox 1774 1615 2069 1671; x_wconf 71' lang='grc' dir='ltr'><strong><em>δυναμένου</em></strong></span> <span class='ocrx_word' id='word_1_202' title='bbox 2111 1618 2327 1682; x_wconf 79' lang='grc' dir='ltr'><strong><em>διδόναι,</em></strong></span> <span class='ocrx_word' id='word_1_203' title='bbox 2360 1618 2460 1672; x_wconf 83' lang='grc' dir='ltr'>κᾶν</span> <span class='ocrx_word' id='word_1_204' title='bbox 2484 1617 2664 1680; x_wconf 82' lang='grc' dir='ltr'>ἄδικος</span> <span class='ocrx_word' id='word_1_205' title='bbox 2694 1618 2804 1688; x_wconf 82' lang='grc'><strong><em>(70)</em></strong></span> <span class='ocrx_word' id='word_1_206' title='bbox 2841 1621 2873 1689; x_wconf 79' lang='grc' dir='ltr'>ἡ</span> <span class='ocrx_word' id='word_1_207' title='bbox 2912 1622 3118 1688; x_wconf 72' lang='grc' dir='ltr'>αἴτησις</span> 
     </span>
    </p>
   </div>
   <div class='ocr_carea' id='block_1_27' title="bbox 186 1706 1753 1788">
    <p class='ocr_par' dir='ltr' id='par_1_27' title="bbox 186 1707 1753 1788">
     <span class='ocr_line' id='line_1_27' title="bbox 186 1707 1753 1788; baseline 0.003 -27"><span class='ocrx_word' id='word_1_208' title='bbox 186 1711 294 1774; x_wconf 81' lang='grc' dir='ltr'><strong><em>Εἰς</em></strong></span> <span class='ocrx_word' id='word_1_209' title='bbox 325 1707 410 1772; x_wconf 86' lang='grc' dir='ltr'><strong><em>τὸ,</em></strong></span> <span class='ocrx_word' id='word_1_210' title='bbox 447 1727 464 1761; x_wconf 82' lang='grc' dir='ltr'><strong><em>ι</em></strong></span> <span class='ocrx_word' id='word_1_211' title='bbox 642 1710 803 1788; x_wconf 41' lang='grc' dir='ltr'><em>Θεὸς.</em></span> <span class='ocrx_word' id='word_1_212' title='bbox 827 1709 1170 1788; x_wconf 30' lang='grc' dir='ltr'><em>παρεξμτοῇ</em></span> <span class='ocrx_word' id='word_1_213' title='bbox 1208 1714 1473 1788; x_wconf 71' lang='grc' dir='ltr'><strong><em>ΔΚυρίου;</em></strong></span> <span class='ocrx_word' id='word_1_214' title='bbox 1525 1714 1624 1767; x_wconf 79' lang='grc' dir='ltr'>καὶ</span> <span class='ocrx_word' id='word_1_215' title='bbox 1674 1714 1753 1776; x_wconf 79' lang='grc' dir='ltr'><em>τίς</em></span> 
     </span>
    </p>
   </div>
   <div class='ocr_carea' id='block_1_28' title="bbox 1856 1706 3417 1788">
    <p class='ocr_par' dir='ltr' id='par_1_28' title="bbox 1865 1706 3417 1788">
     <span class='ocr_line' id='line_1_28' title="bbox 1865 1706 3417 1788; baseline 0.008 -28"><span class='ocrx_word' id='word_1_216' title='bbox 1865 1706 1929 1760; x_wconf 83' lang='grc' dir='ltr'><strong><em>1η</em></strong></span> <span class='ocrx_word' id='word_1_217' title='bbox 1979 1708 2133 1775; x_wconf 82' lang='lat' dir='ltr'><strong><em>illud,</em></strong></span> <span class='ocrx_word' id='word_1_218' title='bbox 2162 1729 2207 1788; x_wconf 69' lang='lat' dir='ltr'><strong><em>__t</em></strong></span> <span class='ocrx_word' id='word_1_219' title='bbox 2255 1710 2386 1775; x_wconf 84' lang='lat' dir='ltr'><strong><em>Quis</em></strong></span> <span class='ocrx_word' id='word_1_220' title='bbox 2430 1711 2570 1788; x_wconf 64' lang='lat' dir='ltr'><strong><em>Deus</em></strong></span> <span class='ocrx_word' id='word_1_221' title='bbox 2617 1720 2807 1776; x_wconf 60' lang='lat' dir='ltr'><strong><em>praeter</em></strong></span> <span class='ocrx_word' id='word_1_222' title='bbox 2845 1711 3165 1788; x_wconf 75' lang='lat' dir='ltr'><strong><em>Dominum?</em></strong></span> <span class='ocrx_word' id='word_1_223' title='bbox 3204 1727 3255 1772; x_wconf 83' lang='lat' dir='ltr'><strong><em>et</em></strong></span> <span class='ocrx_word' id='word_1_224' title='bbox 3299 1718 3417 1788; x_wconf 77' lang='lat' dir='ltr'><strong><em>quis</em></strong></span> 
     </span>
    </p>
   </div>
   <div class='ocr_carea' id='block_1_29' title="bbox 516 1779 1443 1847">
    <p class='ocr_par' dir='ltr' id='par_1_29' title="bbox 516 1779 1443 1847">
     <span class='ocr_line' id='line_1_29' title="bbox 516 1779 1443 1847; baseline 0 -15"><span class='ocrx_word' id='word_1_225' title='bbox 516 1779 657 1844; x_wconf 82' lang='grc' dir='ltr'><em>Θεὸς</em></span> <span class='ocrx_word' id='word_1_226' title='bbox 695 1779 861 1847; x_wconf 74' lang='grc' dir='ltr'><em>πλὴν</em></span> <span class='ocrx_word' id='word_1_227' title='bbox 887 1781 989 1832; x_wconf 73' lang='grc' dir='ltr'><em>τοῦ</em></span> <span class='ocrx_word' id='word_1_228' title='bbox 1019 1780 1164 1833; x_wconf 81' lang='grc' dir='ltr'><em>Θεοῦ</em></span> <span class='ocrx_word' id='word_1_229' title='bbox 1189 1780 1389 1847; x_wconf 55' lang='lat' dir='ltr'><strong><em>emtor;</em></strong></span> <span class='ocrx_word' id='word_1_230' title='bbox 1426 1802 1443 1832; x_wconf 71' lang='grc' dir='ltr'><strong><em>ι</em></strong></span> 
     </span>
    </p>
   </div>
   <div class='ocr_carea' id='block_1_30' title="bbox 267 1870 1760 1945">
    <p class='ocr_par' dir='ltr' id='par_1_30' title="bbox 267 1870 1760 1945">
     <span class='ocr_line' id='line_1_30' title="bbox 267 1870 1760 1945; baseline 0.003 -23"><span class='ocrx_word' id='word_1_231' title='bbox 267 1872 388 1923; x_wconf 82' lang='grc' dir='ltr'>’Ὁτι</span> <span class='ocrx_word' id='word_1_232' title='bbox 421 1871 515 1940; x_wconf 81' lang='grc' dir='ltr'><strong><em>μὲν</em></strong></span> <span class='ocrx_word' id='word_1_233' title='bbox 566 1872 624 1924; x_wconf 83' lang='grc' dir='ltr'><strong><em>οὺ</em></strong></span> <span class='ocrx_word' id='word_1_234' title='bbox 671 1872 803 1942; x_wconf 80' lang='grc' dir='ltr'><em>πρὸς</em></span> <span class='ocrx_word' id='word_1_235' title='bbox 857 1870 948 1923; x_wconf 78' lang='grc' dir='ltr'>τὸν</span> <span class='ocrx_word' id='word_1_236' title='bbox 997 1871 1111 1924; x_wconf 85' lang='grc' dir='ltr'>ῐ“ἰὸν</span> <span class='ocrx_word' id='word_1_237' title='bbox 1154 1871 1322 1924; x_wconf 80' lang='grc' dir='ltr'>ταῦτα</span> <span class='ocrx_word' id='word_1_238' title='bbox 1369 1873 1460 1924; x_wconf 75' lang='grc' dir='ltr'><strong><em>καὶ</em></strong></span> <span class='ocrx_word' id='word_1_239' title='bbox 1500 1873 1565 1925; x_wconf 79' lang='grc' dir='ltr'><strong><em>τὰ</em></strong></span> <span class='ocrx_word' id='word_1_240' title='bbox 1603 1876 1760 1945; x_wconf 81' lang='grc' dir='ltr'>ὅμοια</span> 
     </span>
    </p>
   </div>
   <div class='ocr_carea' id='block_1_31' title="bbox 187 1961 1760 2033">
    <p class='ocr_par' dir='ltr' id='par_1_31' title="bbox 187 1961 1760 2033">
     <span class='ocr_line' id='line_1_31' title="bbox 187 1961 1760 2033; baseline 0.006 -22"><span class='ocrx_word' id='word_1_241' title='bbox 187 1961 403 2025; x_wconf 72' lang='grc' dir='ltr'>τούτοις</span> <span class='ocrx_word' id='word_1_242' title='bbox 433 1965 564 2032; x_wconf 72' lang='grc'><strong><em>(71),</em></strong></span> <span class='ocrx_word' id='word_1_243' title='bbox 597 1963 731 2016; x_wconf 83' lang='grc' dir='ltr'>ἀλλά</span> <span class='ocrx_word' id='word_1_244' title='bbox 772 1964 905 2033; x_wconf 79' lang='grc' dir='ltr'><em>πρὸς</em></span> <span class='ocrx_word' id='word_1_245' title='bbox 940 1964 1061 2026; x_wconf 77' lang='grc' dir='ltr'>τοὺς</span> <span class='ocrx_word' id='word_1_246' title='bbox 1090 1963 1409 2033; x_wconf 72' lang='grc' dir='ltr'><strong><em>λεγομένους</em></strong></span> <span class='ocrx_word' id='word_1_247' title='bbox 1447 1964 1616 2028; x_wconf 77' lang='grc' dir='ltr'>Θεοὺς,</span> <span class='ocrx_word' id='word_1_248' title='bbox 1662 1970 1760 2021; x_wconf 76' lang='grc' dir='ltr'>οὐκ</span> 
     </span>
    </p>
   </div>
   <div class='ocr_carea' id='block_1_32' title="bbox 187 2052 1754 2126">
    <p class='ocr_par' dir='ltr' id='par_1_32' title="bbox 187 2052 1754 2126">
     <span class='ocr_line' id='line_1_32' title="bbox 187 2052 1754 2126; baseline 0.005 -23"><span class='ocrx_word' id='word_1_249' title='bbox 187 2052 354 2115; x_wconf 79' lang='grc' dir='ltr'>ὄντας</span> <span class='ocrx_word' id='word_1_250' title='bbox 381 2055 454 2116; x_wconf 81' lang='grc' dir='ltr'><strong><em>δὲ,</em></strong></span> <span class='ocrx_word' id='word_1_251' title='bbox 485 2058 766 2126; x_wconf 80' lang='grc' dir='ltr'><strong><em>εἰρήκασιν</em></strong></span> <span class='ocrx_word' id='word_1_252' title='bbox 799 2056 854 2105; x_wconf 82' lang='grc' dir='ltr'>αἱ</span> <span class='ocrx_word' id='word_1_253' title='bbox 885 2055 1113 2123; x_wconf 76' lang='grc' dir='ltr'>Γραφαὶ,</span> <span class='ocrx_word' id='word_1_254' title='bbox 1147 2056 1344 2118; x_wconf 80' lang='grc' dir='ltr'>ἱκανῶς</span> <span class='ocrx_word' id='word_1_255' title='bbox 1367 2056 1754 2121; x_wconf 78' lang='grc' dir='ltr'>ἀποδέδεικται,</span> 
     </span>
    </p>
   </div>
   <div class='ocr_carea' id='block_1_33' title="bbox 187 2139 1759 2218">
    <p class='ocr_par' dir='ltr' id='par_1_33' title="bbox 187 2139 1759 2218">
     <span class='ocr_line' id='line_1_33' title="bbox 187 2139 1759 2218; baseline 0.001 -23"><span class='ocrx_word' id='word_1_256' title='bbox 187 2145 286 2212; x_wconf 68' lang='grc' dir='ltr'>ἀφ’</span> <span class='ocrx_word' id='word_1_257' title='bbox 316 2139 388 2199; x_wconf 85' lang='grc' dir='ltr'>ὧν</span> <span class='ocrx_word' id='word_1_258' title='bbox 422 2149 514 2200; x_wconf 77' lang='grc' dir='ltr'>καὶ</span> <span class='ocrx_word' id='word_1_259' title='bbox 548 2147 680 2199; x_wconf 82' lang='grc' dir='ltr'>Θεὸν</span> <span class='ocrx_word' id='word_1_260' title='bbox 713 2146 806 2198; x_wconf 78' lang='grc' dir='ltr'><strong><em>καὶ</em></strong></span> <span class='ocrx_word' id='word_1_261' title='bbox 837 2146 1035 2217; x_wconf 78' lang='grc' dir='ltr'>Κύριον</span> <span class='ocrx_word' id='word_1_262' title='bbox 1071 2146 1327 2208; x_wconf 81' lang='grc' dir='ltr'><strong><em>πολλάκις</em></strong></span> <span class='ocrx_word' id='word_1_263' title='bbox 1367 2147 1422 2197; x_wconf 83' lang='grc' dir='ltr'>ὲν</span> <span class='ocrx_word' id='word_1_264' title='bbox 1457 2148 1521 2214; x_wconf 80' lang='grc' dir='ltr'>τῇ</span> <span class='ocrx_word' id='word_1_265' title='bbox 1551 2146 1759 2218; x_wconf 55' lang='lat' dir='ltr'><strong><em>Halat;</em></strong></span> 
     </span>
    </p>
   </div>
   <div class='ocr_carea' id='block_1_34' title="bbox 183 2235 1758 2310">
    <p class='ocr_par' dir='ltr' id='par_1_34' title="bbox 183 2235 1758 2310">
     <span class='ocr_line' id='line_1_34' title="bbox 183 2235 1758 2310; baseline 0 -21"><span class='ocrx_word' id='word_1_266' title='bbox 183 2238 431 2310; x_wconf 74' lang='grc' dir='ltr'>Διαθήκῃ</span> <span class='ocrx_word' id='word_1_267' title='bbox 475 2240 568 2291; x_wconf 72' lang='grc' dir='ltr'><strong><em>καὶ</em></strong></span> <span class='ocrx_word' id='word_1_268' title='bbox 607 2241 673 2306; x_wconf 84' lang='grc' dir='ltr'><strong><em>τῇ</em></strong></span> <span class='ocrx_word' id='word_1_269' title='bbox 714 2238 883 2308; x_wconf 82' lang='grc' dir='ltr'>Καινῇ</span> <span class='ocrx_word' id='word_1_270' title='bbox 924 2239 1012 2291; x_wconf 86' lang='grc' dir='ltr'><strong><em>τὸν</em></strong></span> <span class='ocrx_word' id='word_1_271' title='bbox 1048 2238 1173 2289; x_wconf 79' lang='grc' dir='ltr'>Υἱὸν</span> <span class='ocrx_word' id='word_1_272' title='bbox 1215 2235 1572 2306; x_wconf 83' lang='grc' dir='ltr'>ἀπεδείξαμεν</span> <span class='ocrx_word' id='word_1_273' title='bbox 1610 2237 1758 2308; x_wconf 77' lang='grc' dir='ltr'><strong><em>εὶρῆ-</em></strong></span> 
     </span>
    </p>
   </div>
   <div class='ocr_carea' id='block_1_35' title="bbox 187 2329 1757 2400">
    <p class='ocr_par' dir='ltr' id='par_1_35' title="bbox 187 2329 1757 2400">
     <span class='ocr_line' id='line_1_35' title="bbox 187 2329 1757 2400; baseline -0.001 -18"><span class='ocrx_word' id='word_1_274' title='bbox 187 2331 340 2386; x_wconf 82' lang='grc' dir='ltr'>σΟαι.</span> <span class='ocrx_word' id='word_1_275' title='bbox 385 2333 440 2383; x_wconf 83' lang='grc' dir='ltr'><strong><em>ὐ</em></strong></span> <span class='ocrx_word' id='word_1_276' title='bbox 470 2329 630 2382; x_wconf 78' lang='grc' dir='ltr'>Δαϐὶδ</span> <span class='ocrx_word' id='word_1_277' title='bbox 655 2329 709 2381; x_wconf 83' lang='grc' dir='ltr'>δὲ</span> <span class='ocrx_word' id='word_1_278' title='bbox 736 2330 1060 2400; x_wconf 79' lang='grc' dir='ltr'>σαφέστερον</span> <span class='ocrx_word' id='word_1_279' title='bbox 1091 2329 1220 2383; x_wconf 80' lang='grc' dir='ltr'>αὐτὸ</span> <span class='ocrx_word' id='word_1_280' title='bbox 1253 2333 1411 2393; x_wconf 87' lang='grc' dir='ltr'>ποιεῖ,</span> <span class='ocrx_word' id='word_1_281' title='bbox 1441 2329 1634 2398; x_wconf 77' lang='grc' dir='ltr'><strong><em>λέγων’</em></strong></span> <span class='ocrx_word' id='word_1_282' title='bbox 1663 2331 1757 2396; x_wconf 88' lang='grc' dir='ltr'><em>Τίς</em></span> 
     </span>
    </p>
   </div>
   <div class='ocr_carea' id='block_1_36' title="bbox 182 2419 1755 2490">
    <p class='ocr_par' dir='ltr' id='par_1_36' title="bbox 182 2419 1755 2490">
     <span class='ocr_line' id='line_1_36' title="bbox 182 2419 1755 2490; baseline 0.001 -19"><span class='ocrx_word' id='word_1_283' title='bbox 182 2419 391 2490; x_wconf 77' lang='grc' dir='ltr'><em>ὅμοιός</em></span> <span class='ocrx_word' id='word_1_284' title='bbox 423 2434 559 2479; x_wconf 88' lang='grc' dir='ltr'><em>σοι;</em></span> <span class='ocrx_word' id='word_1_285' title='bbox 605 2421 693 2472; x_wconf 77' lang='grc' dir='ltr'><strong><em>καὶ</em></strong></span> <span class='ocrx_word' id='word_1_286' title='bbox 726 2422 1036 2490; x_wconf 62' lang='grc' dir='ltr'>ἐπήγαγενέ</span> <span class='ocrx_word' id='word_1_287' title='bbox 1076 2423 1175 2474; x_wconf 84' lang='grc' dir='ltr'><em>Ἐν</em></span> <span class='ocrx_word' id='word_1_288' title='bbox 1201 2421 1376 2487; x_wconf 81' lang='grc' dir='ltr'><strong><em>θεοῖς,</em></strong></span> <span class='ocrx_word' id='word_1_289' title='bbox 1409 2423 1581 2489; x_wconf 82' lang='grc' dir='ltr'><em>Κύριε</em></span> <span class='ocrx_word' id='word_1_290' title='bbox 1602 2438 1614 2450; x_wconf 94' lang='grc'><strong>·</strong></span> <span class='ocrx_word' id='word_1_291' title='bbox 1663 2421 1755 2473; x_wconf 80' lang='grc' dir='ltr'>καὶ</span> 
     </span>
    </p>
   </div>
   <div class='ocr_carea' id='block_1_37' title="bbox 179 2508 1756 2580">
    <p class='ocr_par' dir='ltr' id='par_1_37' title="bbox 179 2508 1756 2580">
     <span class='ocr_line' id='line_1_37' title="bbox 179 2508 1756 2580; baseline 0.001 -18"><span class='ocrx_word' id='word_1_292' title='bbox 179 2512 210 2562; x_wconf 98' lang='lat'><strong><em>6</em></strong></span> <span class='ocrx_word' id='word_1_293' title='bbox 235 2511 504 2579; x_wconf 78' lang='grc' dir='ltr'><strong><em>Μωῡσῆς·</em></strong></span> <span class='ocrx_word' id='word_1_294' title='bbox 536 2512 748 2577; x_wconf 78' lang='grc' dir='ltr'><em>Κύριος</em></span> <span class='ocrx_word' id='word_1_295' title='bbox 772 2514 956 2580; x_wconf 72' lang='grc' dir='ltr'><em>μόνος</em></span> <span class='ocrx_word' id='word_1_296' title='bbox 985 2509 1384 2579; x_wconf 73' lang='grc' dir='ltr'><strong><em>ἦγεναὺτοὺς,</em></strong></span> <span class='ocrx_word' id='word_1_297' title='bbox 1417 2513 1509 2565; x_wconf 69' lang='grc' dir='ltr'>καὶ</span> <span class='ocrx_word' id='word_1_298' title='bbox 1539 2514 1648 2565; x_wconf 81' lang='grc' dir='ltr'><strong><em>οὐκ</em></strong></span> <span class='ocrx_word' id='word_1_299' title='bbox 1678 2508 1756 2580; x_wconf 81' lang='grc' dir='ltr'><strong><em>ἦν</em></strong></span> 
     </span>
    </p>
   </div>
   <div class='ocr_carea' id='block_1_38' title="bbox 177 2601 1753 2673">
    <p class='ocr_par' dir='ltr' id='par_1_38' title="bbox 177 2601 1753 2673">
     <span class='ocr_line' id='line_1_38' title="bbox 177 2601 1753 2673; baseline -0.001 -17"><span class='ocrx_word' id='word_1_300' title='bbox 177 2605 313 2671; x_wconf 78' lang='grc' dir='ltr'><em>μετ’</em></span> <span class='ocrx_word' id='word_1_301' title='bbox 336 2601 532 2655; x_wconf 81' lang='grc' dir='ltr'>αὐτῶν</span> <span class='ocrx_word' id='word_1_302' title='bbox 571 2603 712 2668; x_wconf 81' lang='grc' dir='ltr'><em>Θεὸς</em></span> <span class='ocrx_word' id='word_1_303' title='bbox 738 2604 1050 2670; x_wconf 71' lang='grc' dir='ltr'><em>ἀλλότριος</em></span> <span class='ocrx_word' id='word_1_304' title='bbox 1070 2619 1082 2630; x_wconf 86' lang='grc'><strong>·</strong></span> <span class='ocrx_word' id='word_1_305' title='bbox 1115 2602 1349 2668; x_wconf 81' lang='grc' dir='ltr'>καίτοιγε</span> <span class='ocrx_word' id='word_1_306' title='bbox 1379 2603 1470 2654; x_wconf 79' lang='grc' dir='ltr'><strong><em>τοῦ</em></strong></span> <span class='ocrx_word' id='word_1_307' title='bbox 1508 2603 1753 2673; x_wconf 80' lang='grc' dir='ltr'><em>Σωτῆρος</em></span> 
     </span>
    </p>
   </div>
   <div class='ocr_carea' id='block_1_39' title="bbox 179 2692 1752 2764">
    <p class='ocr_par' dir='ltr' id='par_1_39' title="bbox 179 2692 1752 2764">
     <span class='ocr_line' id='line_1_39' title="bbox 179 2692 1752 2764; baseline 0.002 -20"><span class='ocrx_word' id='word_1_308' title='bbox 179 2693 340 2756; x_wconf 76' lang='grc' dir='ltr'>ὖντος</span> <span class='ocrx_word' id='word_1_309' title='bbox 365 2694 477 2764; x_wconf 88' lang='grc' dir='ltr'>μετ’</span> <span class='ocrx_word' id='word_1_310' title='bbox 508 2693 703 2756; x_wconf 79' lang='grc' dir='ltr'>αὐτῶν,</span> <span class='ocrx_word' id='word_1_311' title='bbox 752 2692 825 2752; x_wconf 79' lang='grc' dir='ltr'><em>ὥς</em></span> <span class='ocrx_word' id='word_1_312' title='bbox 855 2695 1033 2764; x_wconf 75' lang='grc' dir='ltr'>φησιν’</span> <span class='ocrx_word' id='word_1_313' title='bbox 1059 2695 1086 2745; x_wconf 93' lang='lat'><strong><em>6</em></strong></span> <span class='ocrx_word' id='word_1_314' title='bbox 1134 2692 1475 2754; x_wconf 74' lang='grc' dir='ltr'><strong><em>Ἀπόστολος·</em></strong></span> <span class='ocrx_word' id='word_1_315' title='bbox 1510 2695 1752 2747; x_wconf 86' lang='grc' dir='ltr'><em>Ἔπινον</em></span> 
     </span>
    </p>
   </div>
   <div class='ocr_carea' id='block_1_40' title="bbox 178 2784 1745 2855">
    <p class='ocr_par' dir='ltr' id='par_1_40' title="bbox 178 2784 1745 2855">
     <span class='ocr_line' id='line_1_40' title="bbox 178 2784 1745 2855; baseline -0.001 -19"><span class='ocrx_word' id='word_1_316' title='bbox 178 2787 300 2851; x_wconf 70' lang='grc' dir='ltr'><strong><em>γὰρ</em></strong></span> <span class='ocrx_word' id='word_1_317' title='bbox 333 2787 396 2838; x_wconf 81' lang='grc' dir='ltr'>ἐκ</span> <span class='ocrx_word' id='word_1_318' title='bbox 435 2785 836 2855; x_wconf 81' lang='grc' dir='ltr'><strong><em>πνευματικῆς</em></strong></span> <span class='ocrx_word' id='word_1_319' title='bbox 869 2786 978 2855; x_wconf 70' lang='grc'><strong><em>(72)</em></strong></span> <span class='ocrx_word' id='word_1_320' title='bbox 1012 2785 1466 2850; x_wconf 68' lang='grc' dir='ltr'><em>ἀκολουθούσης</em></span> <span class='ocrx_word' id='word_1_321' title='bbox 1498 2784 1745 2851; x_wconf 85' lang='grc' dir='ltr'><em>πέτρας·</em></span> 
     </span>
    </p>
   </div>
   <div class='ocr_carea' id='block_1_41' title="bbox 179 2873 1746 2945">
    <p class='ocr_par' dir='ltr' id='par_1_41' title="bbox 179 2873 1746 2945">
     <span class='ocr_line' id='line_1_41' title="bbox 179 2873 1746 2945; baseline 0.002 -19"><span class='ocrx_word' id='word_1_322' title='bbox 179 2876 220 2940; x_wconf 80' lang='grc' dir='ltr'><em>ὴ</em></span> <span class='ocrx_word' id='word_1_323' title='bbox 265 2874 333 2924; x_wconf 79' lang='grc' dir='ltr'>δὲ</span> <span class='ocrx_word' id='word_1_324' title='bbox 359 2876 539 2943; x_wconf 83' lang='grc' dir='ltr'><em>πέτρα</em></span> <span class='ocrx_word' id='word_1_325' title='bbox 575 2873 652 2944; x_wconf 81' lang='grc' dir='ltr'><strong><em>ἦν</em></strong></span> <span class='ocrx_word' id='word_1_326' title='bbox 688 2880 719 2928; x_wconf 86' lang='lat' dir='ltr'><strong><em>o&#39;</em></strong></span> <span class='ocrx_word' id='word_1_327' title='bbox 766 2879 1013 2942; x_wconf 77' lang='grc' dir='ltr'><em>Χριστός</em></span> <span class='ocrx_word' id='word_1_328' title='bbox 1036 2893 1046 2904; x_wconf 93' lang='grc'>·</span> <span class='ocrx_word' id='word_1_329' title='bbox 1081 2877 1108 2926; x_wconf 90' lang='grc' dir='ltr'>ὁ</span> <span class='ocrx_word' id='word_1_330' title='bbox 1139 2877 1194 2927; x_wconf 76' lang='grc' dir='ltr'>δὲ</span> <span class='ocrx_word' id='word_1_331' title='bbox 1250 2876 1511 2945; x_wconf 82' lang='grc' dir='ltr'><strong><em>Ἱερεμίας</em></strong></span> <span class='ocrx_word' id='word_1_332' title='bbox 1533 2892 1544 2904; x_wconf 91' lang='grc'><strong>·</strong></span> <span class='ocrx_word' id='word_1_333' title='bbox 1597 2877 1746 2940; x_wconf 80' lang='grc' dir='ltr'><em>Θεοὶ,</em></span> 
     </span>
    </p>
   </div>
   <div class='ocr_carea' id='block_1_42' title="bbox 177 2965 1748 3035">
    <p class='ocr_par' dir='ltr' id='par_1_42' title="bbox 177 2965 1748 3035">
     <span class='ocr_line' id='line_1_42' title="bbox 177 2965 1748 3035; baseline 0.001 -19"><span class='ocrx_word' id='word_1_334' title='bbox 177 2965 241 3016; x_wconf 84' lang='grc' dir='ltr'><em>οἳ</em></span> <span class='ocrx_word' id='word_1_335' title='bbox 273 2965 375 3016; x_wconf 78' lang='grc' dir='ltr'><em>τὸν</em></span> <span class='ocrx_word' id='word_1_336' title='bbox 410 2967 666 3032; x_wconf 79' lang='grc' dir='ltr'><strong><em>οὐρανὸν</em></strong></span> <span class='ocrx_word' id='word_1_337' title='bbox 703 2967 798 3018; x_wconf 80' lang='grc' dir='ltr'>καὶ</span> <span class='ocrx_word' id='word_1_338' title='bbox 825 2968 935 3034; x_wconf 75' lang='grc' dir='ltr'><strong><em>τὴν</em></strong></span> <span class='ocrx_word' id='word_1_339' title='bbox 980 2965 1094 3035; x_wconf 77' lang='grc' dir='ltr'><strong><em>γῆν</em></strong></span> <span class='ocrx_word' id='word_1_340' title='bbox 1136 2968 1245 3019; x_wconf 79' lang='grc' dir='ltr'><strong><em>οὐκ</em></strong></span> <span class='ocrx_word' id='word_1_341' title='bbox 1288 2967 1606 3034; x_wconf 74' lang='grc' dir='ltr'><em>ἐποίησαν,</em></span> <span class='ocrx_word' id='word_1_342' title='bbox 1638 2969 1748 3020; x_wconf 83' lang='grc' dir='ltr'><strong><em>ἀπ-</em></strong></span> 
     </span>
    </p>
   </div>
   <div class='ocr_carea' id='block_1_43' title="bbox 2149 1780 3136 1848">
    <p class='ocr_par' dir='ltr' id='par_1_43' title="bbox 2149 1780 3136 1848">
     <span class='ocr_line' id='line_1_43' title="bbox 2149 1780 3136 1848; baseline 0.007 -18"><span class='ocrx_word' id='word_1_343' title='bbox 2149 1780 2288 1833; x_wconf 88' lang='lat' dir='ltr'><strong><em>Deus</em></strong></span> <span class='ocrx_word' id='word_1_344' title='bbox 2319 1794 2506 1848; x_wconf 73' lang='lat' dir='ltr'><strong><em>prwter</em></strong></span> <span class='ocrx_word' id='word_1_345' title='bbox 2528 1781 2694 1834; x_wconf 87' lang='lat' dir='ltr'><strong><em>Deum</em></strong></span> <span class='ocrx_word' id='word_1_346' title='bbox 2723 1795 2956 1835; x_wconf 84' lang='lat' dir='ltr'><strong><em>nostrum</em></strong></span> <span class='ocrx_word' id='word_1_347' title='bbox 2992 1784 3074 1836; x_wconf 82' lang='lat'><strong><em>“?</em></strong></span> <span class='ocrx_word' id='word_1_348' title='bbox 3117 1805 3136 1837; x_wconf 84' lang='lat' dir='ltr'><strong><em>s</em></strong></span> 
     </span>
    </p>
   </div>
   <div class='ocr_carea' id='block_1_44' title="bbox 1932 1869 3417 1936">
    <p class='ocr_par' dir='ltr' id='par_1_44' title="bbox 1932 1869 3417 1936">
     <span class='ocr_line' id='line_1_44' title="bbox 1932 1869 3417 1936; baseline 0.008 -14"><span class='ocrx_word' id='word_1_349' title='bbox 1932 1869 2084 1936; x_wconf 85' lang='lat' dir='ltr'><strong><em>Quod</em></strong></span> <span class='ocrx_word' id='word_1_350' title='bbox 2128 1885 2232 1925; x_wconf 94' lang='lat' dir='ltr'><strong><em>non</em></strong></span> <span class='ocrx_word' id='word_1_351' title='bbox 2277 1873 2341 1925; x_wconf 90' lang='lat' dir='ltr'><strong><em>de</em></strong></span> <span class='ocrx_word' id='word_1_352' title='bbox 2381 1871 2515 1928; x_wconf 89' lang='lat' dir='ltr'><strong><em>Filio</em></strong></span> <span class='ocrx_word' id='word_1_353' title='bbox 2559 1875 2674 1929; x_wconf 68' lang='lat' dir='ltr'><strong><em>haec</em></strong></span> <span class='ocrx_word' id='word_1_354' title='bbox 2701 1883 2756 1928; x_wconf 90' lang='lat' dir='ltr'><strong><em>et</em></strong></span> <span class='ocrx_word' id='word_1_355' title='bbox 2803 1874 2885 1929; x_wconf 88' lang='lat' dir='ltr'><strong><em>bis</em></strong></span> <span class='ocrx_word' id='word_1_356' title='bbox 2937 1875 3132 1930; x_wconf 85' lang='lat' dir='ltr'><strong><em>similia</em></strong></span> <span class='ocrx_word' id='word_1_357' title='bbox 3183 1879 3417 1935; x_wconf 76' lang='lat' dir='ltr'><strong><em>dixerint</em></strong></span> 
     </span>
    </p>
   </div>
   <div class='ocr_carea' id='block_1_45' title="bbox 1862 1955 3414 2033">
    <p class='ocr_par' dir='ltr' id='par_1_45' title="bbox 1862 1955 3414 2033">
     <span class='ocr_line' id='line_1_45' title="bbox 1862 1955 3414 2033; baseline 0.006 -18"><span class='ocrx_word' id='word_1_358' title='bbox 1862 1959 2158 2029; x_wconf 68' lang='lat' dir='ltr'><strong><em>Scriptura:</em></strong></span> <span class='ocrx_word' id='word_1_359' title='bbox 2184 2001 2198 2024; x_wconf 94' lang='lat'><strong><em>,</em></strong></span> <span class='ocrx_word' id='word_1_360' title='bbox 2233 1961 2324 2015; x_wconf 90' lang='lat' dir='ltr'><strong><em>sed</em></strong></span> <span class='ocrx_word' id='word_1_361' title='bbox 2371 1961 2434 2015; x_wconf 90' lang='lat' dir='ltr'><strong><em>de</em></strong></span> <span class='ocrx_word' id='word_1_362' title='bbox 2480 1963 2544 2017; x_wconf 91' lang='lat' dir='ltr'><strong><em>iis</em></strong></span> <span class='ocrx_word' id='word_1_363' title='bbox 2579 1966 2666 2033; x_wconf 89' lang='lat' dir='ltr'><strong><em>qui</em></strong></span> <span class='ocrx_word' id='word_1_364' title='bbox 2701 1955 2780 2019; x_wconf 83' lang='lat' dir='ltr'><strong><em>(lii</em></strong></span> <span class='ocrx_word' id='word_1_365' title='bbox 2820 1963 3088 2032; x_wconf 86' lang='lat' dir='ltr'><strong><em>dicuntur,</em></strong></span> <span class='ocrx_word' id='word_1_366' title='bbox 3139 1982 3259 2021; x_wconf 91' lang='lat' dir='ltr'><strong><em>cum</em></strong></span> <span class='ocrx_word' id='word_1_367' title='bbox 3307 1985 3414 2025; x_wconf 83' lang='lat' dir='ltr'><strong><em>non</em></strong></span> 
     </span>
    </p>
   </div>
   <div class='ocr_carea' id='block_1_46' title="bbox 1859 2050 3414 2126">
    <p class='ocr_par' dir='ltr' id='par_1_46' title="bbox 1859 2050 3414 2126">
     <span class='ocr_line' id='line_1_46' title="bbox 1859 2050 3414 2126; baseline 0.003 -20"><span class='ocrx_word' id='word_1_368' title='bbox 1859 2055 1986 2116; x_wconf 89' lang='lat' dir='ltr'><strong><em>sint,</em></strong></span> <span class='ocrx_word' id='word_1_369' title='bbox 2020 2051 2227 2106; x_wconf 84' lang='lat' dir='ltr'><strong><em>abunde</em></strong></span> <span class='ocrx_word' id='word_1_370' title='bbox 2261 2064 2328 2104; x_wconf 82' lang='lat' dir='ltr'><strong><em>ex</em></strong></span> <span class='ocrx_word' id='word_1_371' title='bbox 2358 2050 2422 2104; x_wconf 87' lang='lat' dir='ltr'><strong><em>lis</em></strong></span> <span class='ocrx_word' id='word_1_372' title='bbox 2451 2050 2580 2105; x_wconf 86' lang='lat' dir='ltr'><strong><em>locis</em></strong></span> <span class='ocrx_word' id='word_1_373' title='bbox 2607 2054 3027 2108; x_wconf 85' lang='lat' dir='ltr'><strong><em>demonstratum</em></strong></span> <span class='ocrx_word' id='word_1_374' title='bbox 3064 2064 3165 2117; x_wconf 88' lang='lat' dir='ltr'><strong><em>est,</em></strong></span> <span class='ocrx_word' id='word_1_375' title='bbox 3203 2069 3269 2109; x_wconf 80' lang='lat' dir='ltr'><strong><em>ex</em></strong></span> <span class='ocrx_word' id='word_1_376' title='bbox 3296 2060 3414 2126; x_wconf 85' lang='lat' dir='ltr'><strong><em>qui-</em></strong></span> 
     </span>
    </p>
   </div>
   <div class='ocr_carea' id='block_1_47' title="bbox 1859 2140 3415 2210">
    <p class='ocr_par' dir='ltr' id='par_1_47' title="bbox 1859 2140 3415 2210">
     <span class='ocr_line' id='line_1_47' title="bbox 1859 2140 3415 2210; baseline 0.002 -13"><span class='ocrx_word' id='word_1_377' title='bbox 1859 2145 1956 2198; x_wconf 86' lang='lat' dir='ltr'><strong><em>bus</em></strong></span> <span class='ocrx_word' id='word_1_378' title='bbox 1984 2142 2177 2197; x_wconf 86' lang='lat' dir='ltr'><strong><em>Filium</em></strong></span> <span class='ocrx_word' id='word_1_379' title='bbox 2212 2151 2266 2195; x_wconf 89' lang='lat' dir='ltr'><strong><em>et</em></strong></span> <span class='ocrx_word' id='word_1_380' title='bbox 2295 2140 2463 2194; x_wconf 92' lang='lat' dir='ltr'><strong><em>Deum</em></strong></span> <span class='ocrx_word' id='word_1_381' title='bbox 2493 2150 2543 2194; x_wconf 91' lang='lat' dir='ltr'><strong><em>et</em></strong></span> <span class='ocrx_word' id='word_1_382' title='bbox 2577 2140 2857 2196; x_wconf 89' lang='lat' dir='ltr'><strong><em>Dominum</em></strong></span> <span class='ocrx_word' id='word_1_383' title='bbox 2891 2157 3032 2210; x_wconf 69' lang='lat' dir='ltr'><strong><em>saepe</em></strong></span> <span class='ocrx_word' id='word_1_384' title='bbox 3061 2144 3112 2197; x_wconf 89' lang='lat' dir='ltr'><strong><em>in</em></strong></span> <span class='ocrx_word' id='word_1_385' title='bbox 3140 2144 3321 2200; x_wconf 85' lang='lat' dir='ltr'><strong><em>Veteri</em></strong></span> <span class='ocrx_word' id='word_1_386' title='bbox 3350 2162 3415 2200; x_wconf 80' lang='lat' dir='ltr'><strong><em>ac</em></strong></span> 
     </span>
    </p>
   </div>
   <div class='ocr_carea' id='block_1_48' title="bbox 1858 2231 3410 2293">
    <p class='ocr_par' dir='ltr' id='par_1_48' title="bbox 1858 2231 3410 2293">
     <span class='ocr_line' id='line_1_48' title="bbox 1858 2231 3410 2293; baseline 0.003 -6"><span class='ocrx_word' id='word_1_387' title='bbox 1858 2233 2003 2290; x_wconf 77' lang='lat' dir='ltr'><strong><em>Novo</em></strong></span> <span class='ocrx_word' id='word_1_388' title='bbox 2045 2234 2391 2289; x_wconf 88' lang='lat' dir='ltr'><strong><em>Testamento</em></strong></span> <span class='ocrx_word' id='word_1_389' title='bbox 2442 2231 2640 2286; x_wconf 91' lang='lat' dir='ltr'><strong><em>dictum</em></strong></span> <span class='ocrx_word' id='word_1_390' title='bbox 2683 2231 2848 2290; x_wconf 79' lang='lat' dir='ltr'><strong><em>fuisse</em></strong></span> <span class='ocrx_word' id='word_1_391' title='bbox 2906 2234 3410 2293; x_wconf 80' lang='lat' dir='ltr'><strong><em>demonstravimus.</em></strong></span> 
     </span>
    </p>
   </div>
   <div class='ocr_carea' id='block_1_49' title="bbox 1859 2324 3411 2396">
    <p class='ocr_par' dir='ltr' id='par_1_49' title="bbox 1859 2324 3411 2396">
     <span class='ocr_line' id='line_1_49' title="bbox 1859 2324 3411 2396; baseline 0.003 -17"><span class='ocrx_word' id='word_1_392' title='bbox 1859 2325 2053 2380; x_wconf 83' lang='lat' dir='ltr'><strong><em>Verum</em></strong></span> <span class='ocrx_word' id='word_1_393' title='bbox 2082 2327 2246 2381; x_wconf 85' lang='lat' dir='ltr'><strong>David</strong></span> <span class='ocrx_word' id='word_1_394' title='bbox 2276 2327 2504 2396; x_wconf 90' lang='lat' dir='ltr'><strong><em>idipsum</em></strong></span> <span class='ocrx_word' id='word_1_395' title='bbox 2535 2324 2733 2380; x_wconf 84' lang='lat' dir='ltr'><strong><em>clarius</em></strong></span> <span class='ocrx_word' id='word_1_396' title='bbox 2755 2326 2900 2394; x_wconf 82' lang='lat' dir='ltr'><strong><em>facit,</em></strong></span> <span class='ocrx_word' id='word_1_397' title='bbox 2929 2343 3051 2383; x_wconf 87' lang='lat' dir='ltr'><strong><em>cum</em></strong></span> <span class='ocrx_word' id='word_1_398' title='bbox 3079 2328 3209 2383; x_wconf 90' lang='lat' dir='ltr'><strong><em>dicit</em></strong></span> <span class='ocrx_word' id='word_1_399' title='bbox 3233 2346 3248 2382; x_wconf 88' lang='lat'><strong>:</strong></span> <span class='ocrx_word' id='word_1_400' title='bbox 3280 2327 3411 2394; x_wconf 73' lang='lat' dir='ltr'><strong><em>Quis</em></strong></span> 
     </span>
    </p>
   </div>
   <div class='ocr_carea' id='block_1_50' title="bbox 1861 2417 3412 2488">
    <p class='ocr_par' dir='ltr' id='par_1_50' title="bbox 1861 2417 3412 2488">
     <span class='ocr_line' id='line_1_50' title="bbox 1861 2417 3412 2488; baseline 0.004 -18"><span class='ocrx_word' id='word_1_401' title='bbox 1861 2417 2050 2470; x_wconf 81' lang='lat' dir='ltr'><strong><em>similis</em></strong></span> <span class='ocrx_word' id='word_1_402' title='bbox 2101 2420 2194 2472; x_wconf 83' lang='lat' dir='ltr'><strong><em>tibi</em></strong></span> <span class='ocrx_word' id='word_1_403' title='bbox 2252 2421 2338 2471; x_wconf 69' lang='lat'><strong><em>‘7?</em></strong></span> <span class='ocrx_word' id='word_1_404' title='bbox 2366 2429 2421 2472; x_wconf 88' lang='lat' dir='ltr'><strong><em>et</em></strong></span> <span class='ocrx_word' id='word_1_405' title='bbox 2459 2419 2701 2487; x_wconf 74' lang='lat' dir='ltr'><strong><em>atljltnxit</em></strong></span> <span class='ocrx_word' id='word_1_406' title='bbox 2728 2435 2743 2472; x_wconf 86' lang='lat'><strong>:</strong></span> <span class='ocrx_word' id='word_1_407' title='bbox 2775 2420 2841 2475; x_wconf 85' lang='lat' dir='ltr'><strong><em>In</em></strong></span> <span class='ocrx_word' id='word_1_408' title='bbox 2873 2424 2998 2487; x_wconf 76' lang='lat' dir='ltr'><strong><em>diis,</em></strong></span> <span class='ocrx_word' id='word_1_409' title='bbox 3051 2422 3310 2488; x_wconf 74' lang='lat' dir='ltr'><strong><em>Domine;</em></strong></span> <span class='ocrx_word' id='word_1_410' title='bbox 3357 2433 3412 2478; x_wconf 91' lang='lat' dir='ltr'><strong><em>et</em></strong></span> 
     </span>
    </p>
   </div>
   <div class='ocr_carea' id='block_1_51' title="bbox 1855 2505 3410 2579">
    <p class='ocr_par' dir='ltr' id='par_1_51' title="bbox 1855 2505 3410 2579">
     <span class='ocr_line' id='line_1_51' title="bbox 1855 2505 3410 2579; baseline 0.005 -19"><span class='ocrx_word' id='word_1_411' title='bbox 1855 2505 2100 2574; x_wconf 75' lang='lat' dir='ltr'><strong><em>Moyses:</em></strong></span> <span class='ocrx_word' id='word_1_412' title='bbox 2131 2506 2385 2560; x_wconf 87' lang='lat' dir='ltr'><strong><em>Dominus</em></strong></span> <span class='ocrx_word' id='word_1_413' title='bbox 2422 2509 2563 2563; x_wconf 82' lang='lat' dir='ltr'><strong><em>solus</em></strong></span> <span class='ocrx_word' id='word_1_414' title='bbox 2601 2511 2746 2562; x_wconf 74' lang='lat' dir='ltr'><strong><em>duxit</em></strong></span> <span class='ocrx_word' id='word_1_415' title='bbox 2769 2511 2923 2579; x_wconf 86' lang='lat' dir='ltr'><strong><em>ipsos,</em></strong></span> <span class='ocrx_word' id='word_1_416' title='bbox 2952 2523 2997 2565; x_wconf 89' lang='lat' dir='ltr'><strong><em>et</em></strong></span> <span class='ocrx_word' id='word_1_417' title='bbox 3021 2529 3120 2566; x_wconf 88' lang='lat' dir='ltr'><strong><em>non</em></strong></span> <span class='ocrx_word' id='word_1_418' title='bbox 3149 2523 3259 2566; x_wconf 85' lang='lat' dir='ltr'><strong><em>erat</em></strong></span> <span class='ocrx_word' id='word_1_419' title='bbox 3290 2518 3410 2567; x_wconf 73' lang='lat' dir='ltr'><strong><em>curti</em></strong></span> 
     </span>
    </p>
   </div>
   <div class='ocr_carea' id='block_1_52' title="bbox 1853 2596 3409 2672">
    <p class='ocr_par' dir='ltr' id='par_1_52' title="bbox 1853 2596 3409 2672">
     <span class='ocr_line' id='line_1_52' title="bbox 1853 2596 3409 2672; baseline 0.005 -23"><span class='ocrx_word' id='word_1_420' title='bbox 1853 2596 1978 2664; x_wconf 85' lang='lat' dir='ltr'><strong><em>ipsis</em></strong></span> <span class='ocrx_word' id='word_1_421' title='bbox 2041 2596 2177 2650; x_wconf 89' lang='lat' dir='ltr'><strong><em>Deus</em></strong></span> <span class='ocrx_word' id='word_1_422' title='bbox 2214 2597 2417 2651; x_wconf 87' lang='lat' dir='ltr'><strong><em>alienus</em></strong></span> <span class='ocrx_word' id='word_1_423' title='bbox 2460 2597 2542 2664; x_wconf 76' lang='lat'><strong><em>“;</em></strong></span> <span class='ocrx_word' id='word_1_424' title='bbox 2586 2614 2888 2669; x_wconf 84' lang='lat' dir='ltr'><strong><em>quanquam</em></strong></span> <span class='ocrx_word' id='word_1_425' title='bbox 2946 2611 3064 2655; x_wconf 89' lang='lat' dir='ltr'><strong><em>erat</em></strong></span> <span class='ocrx_word' id='word_1_426' title='bbox 3106 2611 3228 2656; x_wconf 84' lang='lat' dir='ltr'><strong><em>cum</em></strong></span> <span class='ocrx_word' id='word_1_427' title='bbox 3277 2605 3409 2672; x_wconf 80' lang='lat' dir='ltr'><strong><em>ipsis</em></strong></span> 
     </span>
    </p>
   </div>
   <div class='ocr_carea' id='block_1_53' title="bbox 1853 2689 3407 2761">
    <p class='ocr_par' dir='ltr' id='par_1_53' title="bbox 1853 2689 3407 2761">
     <span class='ocr_line' id='line_1_53' title="bbox 1853 2689 3407 2761; baseline 0.001 -17"><span class='ocrx_word' id='word_1_428' title='bbox 1853 2689 2118 2756; x_wconf 83' lang='lat' dir='ltr'><strong><em>Salvator,</em></strong></span> <span class='ocrx_word' id='word_1_429' title='bbox 2155 2699 2213 2744; x_wconf 93' lang='lat' dir='ltr'><strong><em>ut</em></strong></span> <span class='ocrx_word' id='word_1_430' title='bbox 2237 2691 2311 2744; x_wconf 87' lang='lat' dir='ltr'><strong><em>ait</em></strong></span> <span class='ocrx_word' id='word_1_431' title='bbox 2340 2690 2628 2760; x_wconf 84' lang='lat' dir='ltr'><strong><em>Apostolus</em></strong></span> <span class='ocrx_word' id='word_1_432' title='bbox 2653 2708 2668 2745; x_wconf 92' lang='lat'><strong>:</strong></span> <span class='ocrx_word' id='word_1_433' title='bbox 2707 2689 2959 2744; x_wconf 82' lang='lat' dir='ltr'><strong><em>Bibebant</em></strong></span> <span class='ocrx_word' id='word_1_434' title='bbox 2988 2696 3124 2745; x_wconf 76' lang='lat' dir='ltr'><strong><em>enim</em></strong></span> <span class='ocrx_word' id='word_1_435' title='bbox 3152 2695 3216 2745; x_wconf 90' lang='lat' dir='ltr'><strong><em>de</em></strong></span> <span class='ocrx_word' id='word_1_436' title='bbox 3247 2695 3407 2761; x_wconf 81' lang='lat' dir='ltr'><strong><em>spiri-</em></strong></span> 
     </span>
    </p>
   </div>
   <div class='ocr_carea' id='block_1_54' title="bbox 1850 2781 3407 2853">
    <p class='ocr_par' dir='ltr' id='par_1_54' title="bbox 1850 2781 3407 2853">
     <span class='ocr_line' id='line_1_54' title="bbox 1850 2781 3407 2853; baseline 0.001 -18"><span class='ocrx_word' id='word_1_437' title='bbox 1850 2784 1983 2836; x_wconf 86' lang='lat' dir='ltr'><strong><em>tuali</em></strong></span> <span class='ocrx_word' id='word_1_438' title='bbox 2028 2800 2143 2853; x_wconf 73' lang='lat' dir='ltr'><strong><em>ques</em></strong></span> <span class='ocrx_word' id='word_1_439' title='bbox 2172 2783 2292 2837; x_wconf 85' lang='lat' dir='ltr'><strong><em>illos</em></strong></span> <span class='ocrx_word' id='word_1_440' title='bbox 2317 2781 2669 2838; x_wconf 82' lang='lat' dir='ltr'><strong><em>comitabatur</em></strong></span> <span class='ocrx_word' id='word_1_441' title='bbox 2692 2793 2874 2852; x_wconf 81' lang='lat' dir='ltr'><strong><em>petra;</em></strong></span> <span class='ocrx_word' id='word_1_442' title='bbox 2902 2794 3045 2851; x_wconf 88' lang='lat' dir='ltr'><strong><em>petra</em></strong></span> <span class='ocrx_word' id='word_1_443' title='bbox 3084 2795 3256 2838; x_wconf 87' lang='lat' dir='ltr'><strong><em>autem</em></strong></span> <span class='ocrx_word' id='word_1_444' title='bbox 3291 2784 3407 2839; x_wconf 84' lang='lat' dir='ltr'><strong><em>eral</em></strong></span> 
     </span>
    </p>
   </div>
   <div class='ocr_carea' id='block_1_55' title="bbox 1851 2871 3404 2945">
    <p class='ocr_par' dir='ltr' id='par_1_55' title="bbox 1851 2871 3404 2945">
     <span class='ocr_line' id='line_1_55' title="bbox 1851 2871 3404 2945; baseline 0.002 -20"><span class='ocrx_word' id='word_1_445' title='bbox 1851 2871 2088 2928; x_wconf 83' lang='lat' dir='ltr'><strong><em>Christus</em></strong></span> <span class='ocrx_word' id='word_1_446' title='bbox 2129 2874 2203 2943; x_wconf 79' lang='grc'><strong><em>⁶’;</em></strong></span> <span class='ocrx_word' id='word_1_447' title='bbox 2255 2874 2516 2931; x_wconf 81' lang='lat' dir='ltr'><strong><em>Jeremias</em></strong></span> <span class='ocrx_word' id='word_1_448' title='bbox 2559 2877 2779 2931; x_wconf 87' lang='lat' dir='ltr'><strong><em>itidem:</em></strong></span> <span class='ocrx_word' id='word_1_449' title='bbox 2829 2878 3068 2945; x_wconf 80' lang='lat' dir='ltr'><strong><em>Dii,qui</em></strong></span> <span class='ocrx_word' id='word_1_450' title='bbox 3122 2880 3306 2930; x_wconf 67' lang='lat' dir='ltr'><strong><em>caelum</em></strong></span> <span class='ocrx_word' id='word_1_451' title='bbox 3354 2883 3404 2930; x_wconf 84' lang='lat' dir='ltr'><strong><em>ct</em></strong></span> 
     </span>
    </p>
   </div>
   <div class='ocr_carea' id='block_1_56' title="bbox 1851 2967 3406 3035">
    <p class='ocr_par' dir='ltr' id='par_1_56' title="bbox 1851 2967 3406 3035">
     <span class='ocr_line' id='line_1_56' title="bbox 1851 2967 3406 3035; baseline 0.005 -19"><span class='ocrx_word' id='word_1_452' title='bbox 1851 2975 2041 3018; x_wconf 85' lang='lat' dir='ltr'><strong><em>terram</em></strong></span> <span class='ocrx_word' id='word_1_453' title='bbox 2075 2983 2176 3019; x_wconf 92' lang='lat' dir='ltr'><strong><em>non</em></strong></span> <span class='ocrx_word' id='word_1_454' title='bbox 2204 2968 2460 3035; x_wconf 76' lang='lat' dir='ltr'><strong><em>fecerunt,</em></strong></span> <span class='ocrx_word' id='word_1_455' title='bbox 2500 2978 2710 3035; x_wconf 84' lang='lat' dir='ltr'><strong><em>pereant</em></strong></span> <span class='ocrx_word' id='word_1_456' title='bbox 2737 2970 2800 3022; x_wconf 90' lang='lat' dir='ltr'><strong><em>de</em></strong></span> <span class='ocrx_word' id='word_1_457' title='bbox 2838 2971 3015 3021; x_wconf 84' lang='lat' dir='ltr'><strong><em>subter</em></strong></span> <span class='ocrx_word' id='word_1_458' title='bbox 3047 2968 3170 3021; x_wconf 72' lang='lat' dir='ltr'><strong><em>coelo</em></strong></span> <span class='ocrx_word' id='word_1_459' title='bbox 3200 2968 3269 3022; x_wconf 81' lang='grc'><strong>⁷⁸.</strong></span> <span class='ocrx_word' id='word_1_460' title='bbox 3296 2967 3406 3024; x_wconf 81' lang='lat' dir='ltr'><strong><em>Nec</em></strong></span> 
     </span>
    </p>
   </div>
   <div class='ocr_carea' id='block_1_57' title="bbox 176 3053 1753 3142">
    <p class='ocr_par' dir='ltr' id='par_1_57' title="bbox 176 3053 1753 3126">
     <span class='ocr_line' id='line_1_57' title="bbox 176 3053 1753 3126; baseline 0.003 -19"><span class='ocrx_word' id='word_1_461' title='bbox 176 3055 547 3110; x_wconf 70' lang='grc' dir='ltr'><strong><em>ωλέσϐωσαν</em></strong></span> <span class='ocrx_word' id='word_1_462' title='bbox 577 3059 851 3111; x_wconf 81' lang='grc' dir='ltr'><strong><em>ὑποκάτω</em></strong></span> <span class='ocrx_word' id='word_1_463' title='bbox 874 3059 977 3112; x_wconf 85' lang='grc' dir='ltr'><em>τοῦ</em></span> <span class='ocrx_word' id='word_1_464' title='bbox 1005 3058 1279 3126; x_wconf 80' lang='grc' dir='ltr'><strong><em>οὐρανοῦ.</em></strong></span> <span class='ocrx_word' id='word_1_465' title='bbox 1305 3059 1436 3112; x_wconf 78' lang='grc' dir='ltr'>Οὐδὲ</span> <span class='ocrx_word' id='word_1_466' title='bbox 1471 3061 1527 3111; x_wconf 76' lang='grc' dir='ltr'>ἐν</span> <span class='ocrx_word' id='word_1_467' title='bbox 1548 3053 1753 3122; x_wconf 82' lang='grc' dir='ltr'><em>τούτοις</em></span> 
     </span>
    </p>
   </div>
   <div class='ocr_carea' id='block_1_58' title="bbox 1856 3053 3402 3142">
    <p class='ocr_par' dir='ltr' id='par_1_58' title="bbox 1856 3057 3402 3130">
     <span class='ocr_line' id='line_1_58' title="bbox 1856 3057 3402 3130; baseline 0.002 -20"><span class='ocrx_word' id='word_1_468' title='bbox 1856 3057 1995 3110; x_wconf 90' lang='lat' dir='ltr'><strong><em>enim</em></strong></span> <span class='ocrx_word' id='word_1_469' title='bbox 2033 3057 2174 3110; x_wconf 90' lang='lat' dir='ltr'><strong><em>inter</em></strong></span> <span class='ocrx_word' id='word_1_470' title='bbox 2201 3059 2296 3112; x_wconf 84' lang='lat' dir='ltr'><strong><em>bos</em></strong></span> <span class='ocrx_word' id='word_1_471' title='bbox 2328 3059 2492 3112; x_wconf 86' lang='lat' dir='ltr'><strong><em>Filius</em></strong></span> <span class='ocrx_word' id='word_1_472' title='bbox 2538 3071 2622 3114; x_wconf 88' lang='lat' dir='ltr'><strong><em>est</em></strong></span> <span class='ocrx_word' id='word_1_473' title='bbox 2653 3077 2667 3113; x_wconf 90' lang='lat'><strong>:</strong></span> <span class='ocrx_word' id='word_1_474' title='bbox 2716 3060 2827 3130; x_wconf 88' lang='lat' dir='ltr'><strong><em>ipse</em></strong></span> <span class='ocrx_word' id='word_1_475' title='bbox 2865 3059 3123 3128; x_wconf 85' lang='lat' dir='ltr'><strong><em>siquidem</em></strong></span> <span class='ocrx_word' id='word_1_476' title='bbox 3167 3061 3402 3114; x_wconf 90' lang='lat' dir='ltr'><strong><em>omnium</em></strong></span> 
     </span>
    </p>
   </div>
   <div class='ocr_carea' id='block_1_59' title="bbox 175 3149 1745 3224">
    <p class='ocr_par' dir='ltr' id='par_1_59' title="bbox 175 3149 1745 3224">
     <span class='ocr_line' id='line_1_59' title="bbox 175 3149 1745 3224; baseline 0.003 -24"><span class='ocrx_word' id='word_1_477' title='bbox 175 3149 297 3218; x_wconf 71' lang='grc' dir='ltr'><strong><em>γὰρ</em></strong></span> <span class='ocrx_word' id='word_1_478' title='bbox 323 3152 349 3201; x_wconf 91' lang='lat'><strong><em>6</em></strong></span> <span class='ocrx_word' id='word_1_479' title='bbox 376 3151 530 3211; x_wconf 73' lang='grc' dir='ltr'><strong><em>Υῐὸςο</em></strong></span> <span class='ocrx_word' id='word_1_480' title='bbox 579 3151 734 3215; x_wconf 77' lang='grc' dir='ltr'>αὐτὸς</span> <span class='ocrx_word' id='word_1_481' title='bbox 772 3151 876 3222; x_wconf 86' lang='grc' dir='ltr'>γὰρ</span> <span class='ocrx_word' id='word_1_482' title='bbox 924 3155 952 3205; x_wconf 94' lang='lat'><strong><em>6</em></strong></span> <span class='ocrx_word' id='word_1_483' title='bbox 995 3152 1320 3224; x_wconf 77' lang='grc' dir='ltr'>δημιουργὸς</span> <span class='ocrx_word' id='word_1_484' title='bbox 1364 3151 1469 3204; x_wconf 88' lang='grc' dir='ltr'><strong><em>τῶν</em></strong></span> <span class='ocrx_word' id='word_1_485' title='bbox 1513 3150 1745 3204; x_wconf 85' lang='grc' dir='ltr'><strong><em>πάντων.</em></strong></span> 
     </span>
    </p>
   </div>
   <div class='ocr_carea' id='block_1_60' title="bbox 175 3241 1748 3314">
    <p class='ocr_par' dir='ltr' id='par_1_60' title="bbox 175 3241 1748 3314">
     <span class='ocr_line' id='line_1_60' title="bbox 175 3241 1748 3314; baseline 0.002 -22"><span class='ocrx_word' id='word_1_486' title='bbox 175 3242 332 3312; x_wconf 77' lang='grc' dir='ltr'><strong><em>Πρὸς</em></strong></span> <span class='ocrx_word' id='word_1_487' title='bbox 356 3245 420 3295; x_wconf 84' lang='grc' dir='ltr'><strong><em>τά</em></strong></span> <span class='ocrx_word' id='word_1_488' title='bbox 446 3244 634 3296; x_wconf 80' lang='grc' dir='ltr'>εἴδωλα</span> <span class='ocrx_word' id='word_1_489' title='bbox 665 3241 753 3297; x_wconf 78' lang='grc' dir='ltr'><strong><em>οὖν</em></strong></span> <span class='ocrx_word' id='word_1_490' title='bbox 782 3245 873 3296; x_wconf 73' lang='grc' dir='ltr'><strong><em>καὶ</em></strong></span> <span class='ocrx_word' id='word_1_491' title='bbox 898 3245 963 3296; x_wconf 81' lang='grc' dir='ltr'><strong><em>τά</em></strong></span> <span class='ocrx_word' id='word_1_492' title='bbox 989 3244 1304 3314; x_wconf 76' lang='grc' dir='ltr'>σεὸἀσματα</span> <span class='ocrx_word' id='word_1_493' title='bbox 1332 3243 1437 3296; x_wconf 86' lang='grc' dir='ltr'><strong><em>τῶν</em></strong></span> <span class='ocrx_word' id='word_1_494' title='bbox 1467 3243 1633 3297; x_wconf 79' lang='grc' dir='ltr'>ὲΘνῶν</span> <span class='ocrx_word' id='word_1_495' title='bbox 1659 3245 1748 3296; x_wconf 79' lang='grc' dir='ltr'><strong><em>καὶ</em></strong></span> 
     </span>
    </p>
   </div>
   <div class='ocr_carea' id='block_1_61' title="bbox 172 3333 1748 3404">
    <p class='ocr_par' dir='ltr' id='par_1_61' title="bbox 172 3333 1748 3404">
     <span class='ocr_line' id='line_1_61' title="bbox 172 3333 1748 3404; baseline 0.003 -20"><span class='ocrx_word' id='word_1_496' title='bbox 172 3334 242 3384; x_wconf 84' lang='grc' dir='ltr'>τὺ</span> <span class='ocrx_word' id='word_1_497' title='bbox 283 3336 688 3404; x_wconf 76' lang='grc' dir='ltr'><strong><em>προειρημένον,</em></strong></span> <span class='ocrx_word' id='word_1_498' title='bbox 741 3337 831 3386; x_wconf 73' lang='grc' dir='ltr'>καὶ</span> <span class='ocrx_word' id='word_1_499' title='bbox 878 3335 965 3396; x_wconf 80' lang='grc' dir='ltr'>τὸ,</span> <span class='ocrx_word' id='word_1_500' title='bbox 1012 3333 1158 3402; x_wconf 60' lang='grc' dir='ltr'><strong><em>Ἐῃὼ</em></strong></span> <span class='ocrx_word' id='word_1_501' title='bbox 1194 3334 1335 3398; x_wconf 83' lang='grc' dir='ltr'><em>Θεὸς</em></span> <span class='ocrx_word' id='word_1_502' title='bbox 1376 3333 1622 3399; x_wconf 89' lang='grc' dir='ltr'><em>πρῶτος,</em></span> <span class='ocrx_word' id='word_1_503' title='bbox 1653 3336 1748 3388; x_wconf 79' lang='grc' dir='ltr'>καὶ</span> 
     </span>
    </p>
   </div>
   <div class='ocr_carea' id='block_1_62' title="bbox 172 3407 1745 3494">
    <p class='ocr_par' dir='ltr' id='par_1_62' title="bbox 172 3407 1745 3494">
     <span class='ocr_line' id='line_1_62' title="bbox 172 3407 1745 3494; baseline -0.001 -17"><span class='ocrx_word' id='word_1_504' title='bbox 172 3424 300 3494; x_wconf 73' lang='grc' dir='ltr'><strong><em>ἐγὼ</em></strong></span> <span class='ocrx_word' id='word_1_505' title='bbox 342 3426 488 3493; x_wconf 78' lang='grc' dir='ltr'><strong><em>μετά</em></strong></span> <span class='ocrx_word' id='word_1_506' title='bbox 528 3427 730 3487; x_wconf 81' lang='grc' dir='ltr'>ταῦτα,</span> <span class='ocrx_word' id='word_1_507' title='bbox 773 3425 868 3478; x_wconf 72' lang='grc' dir='ltr'>καὶ</span> <span class='ocrx_word' id='word_1_508' title='bbox 904 3425 1069 3492; x_wconf 67' lang='grc' dir='ltr'><em>πλὴν</em></span> <span class='ocrx_word' id='word_1_509' title='bbox 1090 3423 1235 3493; x_wconf 81' lang='grc' dir='ltr'><strong><em>ἐμοῦ</em></strong></span> <span class='ocrx_word' id='word_1_510' title='bbox 1261 3426 1370 3477; x_wconf 81' lang='grc' dir='ltr'><strong><em>οὐκ</em></strong></span> <span class='ocrx_word' id='word_1_511' title='bbox 1403 3424 1533 3476; x_wconf 79' lang='grc' dir='ltr'><em>ἔστι</em></span> <span class='ocrx_word' id='word_1_512' title='bbox 1571 3407 1745 3490; x_wconf 63' lang='grc' dir='ltr'><em>ὃεόςο</em></span> 
     </span>
    </p>
   </div>
   <div class='ocr_carea' id='block_1_63' title="bbox 172 3512 1746 3584">
    <p class='ocr_par' dir='ltr' id='par_1_63' title="bbox 172 3512 1746 3584">
     <span class='ocr_line' id='line_1_63' title="bbox 172 3512 1746 3584; baseline 0.006 -17"><span class='ocrx_word' id='word_1_513' title='bbox 172 3516 281 3567; x_wconf 72' lang='grc' dir='ltr'><strong><em>καὶ</em></strong></span> <span class='ocrx_word' id='word_1_514' title='bbox 309 3516 383 3578; x_wconf 88' lang='grc' dir='ltr'><strong><em>τὸ,</em></strong></span> <span class='ocrx_word' id='word_1_515' title='bbox 415 3516 780 3583; x_wconf 80' lang='grc' dir='ltr'><em>Ἐμπροσθέν</em></span> <span class='ocrx_word' id='word_1_516' title='bbox 800 3535 916 3584; x_wconf 87' lang='grc' dir='ltr'><em>μου</em></span> <span class='ocrx_word' id='word_1_517' title='bbox 956 3516 1026 3568; x_wconf 85' lang='grc' dir='ltr'><em>οὐ</em></span> <span class='ocrx_word' id='word_1_518' title='bbox 1064 3513 1308 3583; x_wconf 75' lang='grc' dir='ltr'><em>γέγονεν</em></span> <span class='ocrx_word' id='word_1_519' title='bbox 1347 3512 1536 3576; x_wconf 79' lang='grc' dir='ltr'><em>ἄλλος</em></span> <span class='ocrx_word' id='word_1_520' title='bbox 1585 3512 1746 3576; x_wconf 68' lang='grc' dir='ltr'><strong><em>Θεάςν</em></strong></span> 
     </span>
    </p>
   </div>
   <div class='ocr_carea' id='block_1_64' title="bbox 173 3602 1746 3675">
    <p class='ocr_par' dir='ltr' id='par_1_64' title="bbox 173 3602 1746 3675">
     <span class='ocr_line' id='line_1_64' title="bbox 173 3602 1746 3675; baseline -0.001 -18"><span class='ocrx_word' id='word_1_521' title='bbox 173 3607 284 3658; x_wconf 79' lang='grc' dir='ltr'>καὶ</span> <span class='ocrx_word' id='word_1_522' title='bbox 316 3609 440 3675; x_wconf 82' lang='grc' dir='ltr'><em>μετ’</em></span> <span class='ocrx_word' id='word_1_523' title='bbox 480 3606 582 3675; x_wconf 81' lang='grc' dir='ltr'><strong><em>ἐμὲ</em></strong></span> <span class='ocrx_word' id='word_1_524' title='bbox 604 3610 711 3660; x_wconf 82' lang='grc' dir='ltr'><strong><em>οὐκ</em></strong></span> <span class='ocrx_word' id='word_1_525' title='bbox 744 3607 943 3659; x_wconf 80' lang='grc' dir='ltr'><strong><em>ἔσται·</em></strong></span> <span class='ocrx_word' id='word_1_526' title='bbox 983 3607 1074 3658; x_wconf 74' lang='grc' dir='ltr'><strong><em>καὶ</em></strong></span> <span class='ocrx_word' id='word_1_527' title='bbox 1097 3604 1176 3667; x_wconf 91' lang='grc' dir='ltr'><strong><em>τὸ,</em></strong></span> <span class='ocrx_word' id='word_1_528' title='bbox 1216 3606 1449 3666; x_wconf 80' lang='grc' dir='ltr'>Ἀκουε,</span> <span class='ocrx_word' id='word_1_529' title='bbox 1490 3602 1746 3670; x_wconf 78' lang='grc' dir='ltr'><strong><em>Ἰσραὴλ,</em></strong></span> 
     </span>
    </p>
   </div>
   <div class='ocr_carea' id='block_1_65' title="bbox 170 3691 1726 3764">
    <p class='ocr_par' dir='ltr' id='par_1_65' title="bbox 170 3691 1726 3764">
     <span class='ocr_line' id='line_1_65' title="bbox 170 3691 1726 3764; baseline -0.003 -15"><span class='ocrx_word' id='word_1_530' title='bbox 170 3698 394 3764; x_wconf 75' lang='grc' dir='ltr'><em>Κύριος</em></span> <span class='ocrx_word' id='word_1_531' title='bbox 413 3702 444 3751; x_wconf 76' lang='grc' dir='ltr'><strong><em>ό</em></strong></span> <span class='ocrx_word' id='word_1_532' title='bbox 471 3698 610 3762; x_wconf 83' lang='grc' dir='ltr'><em>Θεός</em></span> <span class='ocrx_word' id='word_1_533' title='bbox 637 3712 770 3759; x_wconf 89' lang='grc' dir='ltr'><em>σου,</em></span> <span class='ocrx_word' id='word_1_534' title='bbox 797 3698 1009 3764; x_wconf 79' lang='grc' dir='ltr'><em>Κύριος</em></span> <span class='ocrx_word' id='word_1_535' title='bbox 1040 3691 1127 3759; x_wconf 86' lang='grc' dir='ltr'><em>εἷς</em></span> <span class='ocrx_word' id='word_1_536' title='bbox 1150 3696 1298 3747; x_wconf 84' lang='grc' dir='ltr'><em>ἐστι·</em></span> <span class='ocrx_word' id='word_1_537' title='bbox 1334 3693 1425 3744; x_wconf 74' lang='grc' dir='ltr'>καὶ</span> <span class='ocrx_word' id='word_1_538' title='bbox 1458 3693 1556 3744; x_wconf 81' lang='grc' dir='ltr'>ὅσα</span> <span class='ocrx_word' id='word_1_539' title='bbox 1579 3692 1726 3745; x_wconf 88' lang='grc' dir='ltr'><strong><em>τοιαῦ</em></strong></span> 
     </span>
    </p>
   </div>
   <div class='ocr_carea' id='block_1_66' title="bbox 168 3786 1130 3857">
    <p class='ocr_par' dir='ltr' id='par_1_66' title="bbox 168 3786 1130 3857">
     <span class='ocr_line' id='line_1_66' title="bbox 168 3786 1130 3857; baseline -0.003 -18"><span class='ocrx_word' id='word_1_540' title='bbox 168 3805 272 3850; x_wconf 82' lang='grc' dir='ltr'><strong><em>τα,</em></strong></span> <span class='ocrx_word' id='word_1_541' title='bbox 309 3793 443 3841; x_wconf 87' lang='grc' dir='ltr'>νοεῖν</span> <span class='ocrx_word' id='word_1_542' title='bbox 480 3791 560 3842; x_wconf 75' lang='grc' dir='ltr'>δεῖ</span> <span class='ocrx_word' id='word_1_543' title='bbox 601 3789 660 3841; x_wconf 86' lang='grc' dir='ltr'>οὐ</span> <span class='ocrx_word' id='word_1_544' title='bbox 701 3788 834 3857; x_wconf 83' lang='grc' dir='ltr'><em>πρὸς</em></span> <span class='ocrx_word' id='word_1_545' title='bbox 859 3788 950 3839; x_wconf 85' lang='grc' dir='ltr'><strong><em>τὸν</em></strong></span> <span class='ocrx_word' id='word_1_546' title='bbox 986 3786 1130 3837; x_wconf 76' lang='grc' dir='ltr'>Υἱόν.</span> 
     </span>
    </p>
   </div>
   <div class='ocr_carea' id='block_1_67' title="bbox 1857 3147 3406 3220">
    <p class='ocr_par' dir='ltr' id='par_1_67' title="bbox 1857 3147 3406 3220">
     <span class='ocr_line' id='line_1_67' title="bbox 1857 3147 3406 3220; baseline 0.003 -20"><span class='ocrx_word' id='word_1_547' title='bbox 1857 3155 1940 3200; x_wconf 89' lang='lat' dir='ltr'><strong><em>est</em></strong></span> <span class='ocrx_word' id='word_1_548' title='bbox 1973 3147 2236 3201; x_wconf 87' lang='lat' dir='ltr'><strong><em>conditor.</em></strong></span> <span class='ocrx_word' id='word_1_549' title='bbox 2272 3150 2351 3203; x_wconf 78' lang='lat' dir='ltr'><strong><em>Ad</em></strong></span> <span class='ocrx_word' id='word_1_550' title='bbox 2402 3150 2536 3204; x_wconf 85' lang='lat' dir='ltr'><strong><em>idola</em></strong></span> <span class='ocrx_word' id='word_1_551' title='bbox 2569 3151 2729 3219; x_wconf 76' lang='lat' dir='ltr'><strong><em>igitur</em></strong></span> <span class='ocrx_word' id='word_1_552' title='bbox 2776 3159 2936 3218; x_wconf 89' lang='lat' dir='ltr'><strong><em>atque</em></strong></span> <span class='ocrx_word' id='word_1_553' title='bbox 2967 3154 3035 3203; x_wconf 84' lang='lat' dir='ltr'><strong><em>ad</em></strong></span> <span class='ocrx_word' id='word_1_554' title='bbox 3070 3151 3302 3220; x_wconf 72' lang='lat' dir='ltr'><strong><em>gentium</em></strong></span> <span class='ocrx_word' id='word_1_555' title='bbox 3330 3154 3406 3204; x_wconf 84' lang='lat' dir='ltr'><strong><em>si-</em></strong></span> 
     </span>
    </p>
   </div>
   <div class='ocr_carea' id='block_1_68' title="bbox 1849 3237 3405 3310">
    <p class='ocr_par' dir='ltr' id='par_1_68' title="bbox 1849 3237 3405 3310">
     <span class='ocr_line' id='line_1_68' title="bbox 1849 3237 3405 3310; baseline 0.004 -20"><span class='ocrx_word' id='word_1_556' title='bbox 1849 3237 2084 3292; x_wconf 78' lang='lat' dir='ltr'><strong><em>mulacra</em></strong></span> <span class='ocrx_word' id='word_1_557' title='bbox 2126 3250 2372 3308; x_wconf 85' lang='lat' dir='ltr'><strong><em>spectat,</em></strong></span> <span class='ocrx_word' id='word_1_558' title='bbox 2417 3253 2470 3294; x_wconf 88' lang='lat' dir='ltr'><strong><em>et</em></strong></span> <span class='ocrx_word' id='word_1_559' title='bbox 2505 3243 2554 3296; x_wconf 91' lang='lat' dir='ltr'><strong><em>id</em></strong></span> <span class='ocrx_word' id='word_1_560' title='bbox 2599 3242 2739 3310; x_wconf 86' lang='lat' dir='ltr'><strong><em>quod</em></strong></span> <span class='ocrx_word' id='word_1_561' title='bbox 2785 3257 2907 3296; x_wconf 81' lang='lat' dir='ltr'><strong><em>mox</em></strong></span> <span class='ocrx_word' id='word_1_562' title='bbox 2951 3243 3152 3297; x_wconf 88' lang='lat' dir='ltr'><strong><em>dictum</em></strong></span> <span class='ocrx_word' id='word_1_563' title='bbox 3201 3252 3314 3309; x_wconf 85' lang='lat' dir='ltr'><strong><em>est;</em></strong></span> <span class='ocrx_word' id='word_1_564' title='bbox 3349 3251 3405 3296; x_wconf 88' lang='lat' dir='ltr'><strong><em>et</em></strong></span> 
     </span>
    </p>
   </div>
   <div class='ocr_carea' id='block_1_69' title="bbox 1845 3328 3404 3402">
    <p class='ocr_par' dir='ltr' id='par_1_69' title="bbox 1845 3328 3404 3402">
     <span class='ocr_line' id='line_1_69' title="bbox 1845 3328 3404 3402; baseline 0.001 -20"><span class='ocrx_word' id='word_1_565' title='bbox 1845 3328 2005 3383; x_wconf 86' lang='lat' dir='ltr'><strong><em>illud:</em></strong></span> <span class='ocrx_word' id='word_1_566' title='bbox 2034 3334 2147 3399; x_wconf 85' lang='lat' dir='ltr'><strong><em>Ego</em></strong></span> <span class='ocrx_word' id='word_1_567' title='bbox 2177 3331 2315 3385; x_wconf 86' lang='lat' dir='ltr'><strong><em>Deus</em></strong></span> <span class='ocrx_word' id='word_1_568' title='bbox 2353 3332 2556 3399; x_wconf 86' lang='lat' dir='ltr'><strong><em>primus</em></strong></span> <span class='ocrx_word' id='word_1_569' title='bbox 2576 3371 2592 3397; x_wconf 94' lang='lat'><strong><em>,</em></strong></span> <span class='ocrx_word' id='word_1_570' title='bbox 2621 3342 2668 3386; x_wconf 89' lang='lat' dir='ltr'><strong><em>et</em></strong></span> <span class='ocrx_word' id='word_1_571' title='bbox 2701 3347 2792 3402; x_wconf 84' lang='lat' dir='ltr'><strong><em>ego</em></strong></span> <span class='ocrx_word' id='word_1_572' title='bbox 2823 3343 2934 3400; x_wconf 84' lang='lat' dir='ltr'><strong><em>post</em></strong></span> <span class='ocrx_word' id='word_1_573' title='bbox 2965 3332 3073 3386; x_wconf 77' lang='lat' dir='ltr'><strong><em>l1th</em></strong></span> <span class='ocrx_word' id='word_1_574' title='bbox 3095 3373 3109 3397; x_wconf 98' lang='lat'><strong><em>,</em></strong></span> <span class='ocrx_word' id='word_1_575' title='bbox 3139 3341 3189 3384; x_wconf 89' lang='lat' dir='ltr'><strong><em>et</em></strong></span> <span class='ocrx_word' id='word_1_576' title='bbox 3215 3339 3404 3400; x_wconf 71' lang='lat' dir='ltr'><strong><em>prwler</em></strong></span> 
     </span>
    </p>
   </div>
   <div class='ocr_carea' id='block_1_70' title="bbox 1844 3421 3401 3490">
    <p class='ocr_par' dir='ltr' id='par_1_70' title="bbox 1844 3421 3401 3490">
     <span class='ocr_line' id='line_1_70' title="bbox 1844 3421 3401 3490; baseline 0.004 -19"><span class='ocrx_word' id='word_1_577' title='bbox 1844 3437 1924 3474; x_wconf 87' lang='lat' dir='ltr'><strong><em>rne</em></strong></span> <span class='ocrx_word' id='word_1_578' title='bbox 1954 3440 2053 3476; x_wconf 89' lang='lat' dir='ltr'><strong><em>non</em></strong></span> <span class='ocrx_word' id='word_1_579' title='bbox 2083 3432 2158 3478; x_wconf 86' lang='lat' dir='ltr'><strong><em>est</em></strong></span> <span class='ocrx_word' id='word_1_580' title='bbox 2182 3425 2316 3478; x_wconf 88' lang='lat' dir='ltr'><strong><em>Deus</em></strong></span> <span class='ocrx_word' id='word_1_581' title='bbox 2343 3426 2422 3490; x_wconf 88' lang='lat'><strong><em>&#39;“;</em></strong></span> <span class='ocrx_word' id='word_1_582' title='bbox 2456 3434 2511 3479; x_wconf 88' lang='lat' dir='ltr'><strong><em>et</em></strong></span> <span class='ocrx_word' id='word_1_583' title='bbox 2541 3424 2664 3478; x_wconf 87' lang='lat' dir='ltr'><strong><em>illud</em></strong></span> <span class='ocrx_word' id='word_1_584' title='bbox 2699 3441 2712 3476; x_wconf 92' lang='lat'>:</span> <span class='ocrx_word' id='word_1_585' title='bbox 2743 3424 2875 3476; x_wconf 84' lang='lat' dir='ltr'><strong><em>Ante</em></strong></span> <span class='ocrx_word' id='word_1_586' title='bbox 2897 3439 2974 3476; x_wconf 87' lang='lat' dir='ltr'><strong><em>me</em></strong></span> <span class='ocrx_word' id='word_1_587' title='bbox 3007 3440 3108 3476; x_wconf 87' lang='lat' dir='ltr'><strong><em>non</em></strong></span> <span class='ocrx_word' id='word_1_588' title='bbox 3137 3421 3235 3490; x_wconf 81' lang='lat' dir='ltr'><strong><em>[uit</em></strong></span> <span class='ocrx_word' id='word_1_589' title='bbox 3261 3425 3401 3477; x_wconf 75' lang='lat' dir='ltr'><strong><em>alius</em></strong></span> 
     </span>
    </p>
   </div>
   <div class='ocr_carea' id='block_1_71' title="bbox 1850 3511 3398 3582">
    <p class='ocr_par' dir='ltr' id='par_1_71' title="bbox 1850 3511 3398 3582">
     <span class='ocr_line' id='line_1_71' title="bbox 1850 3511 3398 3582; baseline 0.001 -18"><span class='ocrx_word' id='word_1_590' title='bbox 1850 3511 2005 3579; x_wconf 87' lang='lat' dir='ltr'><strong><em>Deus,</em></strong></span> <span class='ocrx_word' id='word_1_591' title='bbox 2035 3524 2085 3567; x_wconf 89' lang='lat' dir='ltr'><strong><em>et</em></strong></span> <span class='ocrx_word' id='word_1_592' title='bbox 2113 3525 2228 3582; x_wconf 86' lang='lat' dir='ltr'><strong><em>post</em></strong></span> <span class='ocrx_word' id='word_1_593' title='bbox 2255 3534 2334 3569; x_wconf 86' lang='lat' dir='ltr'><strong><em>me</em></strong></span> <span class='ocrx_word' id='word_1_594' title='bbox 2359 3534 2460 3570; x_wconf 85' lang='lat' dir='ltr'><strong><em>non</em></strong></span> <span class='ocrx_word' id='word_1_595' title='bbox 2483 3519 2580 3570; x_wconf 86' lang='lat' dir='ltr'><strong><em>erit</em></strong></span> <span class='ocrx_word' id='word_1_596' title='bbox 2616 3518 2692 3580; x_wconf 73' lang='grc' dir='ltr'><strong><em>ἠς</em></strong></span> <span class='ocrx_word' id='word_1_597' title='bbox 2721 3526 2774 3569; x_wconf 85' lang='lat' dir='ltr'><strong><em>et</em></strong></span> <span class='ocrx_word' id='word_1_598' title='bbox 2803 3514 2928 3568; x_wconf 88' lang='lat' dir='ltr'><strong><em>illud</em></strong></span> <span class='ocrx_word' id='word_1_599' title='bbox 2959 3536 2970 3569; x_wconf 92' lang='lat'><strong>:</strong></span> <span class='ocrx_word' id='word_1_600' title='bbox 3007 3516 3164 3580; x_wconf 80' lang='lat' dir='ltr'><strong><em>Audi,</em></strong></span> <span class='ocrx_word' id='word_1_601' title='bbox 3203 3513 3398 3582; x_wconf 81' lang='lat' dir='ltr'><strong><em>Israel,</em></strong></span> 
     </span>
    </p>
   </div>
   <div class='ocr_carea' id='block_1_72' title="bbox 1851 3602 3398 3677">
    <p class='ocr_par' dir='ltr' id='par_1_72' title="bbox 1851 3602 3398 3677">
     <span class='ocr_line' id='line_1_72' title="bbox 1851 3602 3398 3677; baseline 0.005 -24"><span class='ocrx_word' id='word_1_602' title='bbox 1851 3602 2104 3656; x_wconf 83' lang='lat' dir='ltr'><strong><em>Dominus</em></strong></span> <span class='ocrx_word' id='word_1_603' title='bbox 2138 3604 2276 3658; x_wconf 90' lang='lat' dir='ltr'><strong><em>Deus</em></strong></span> <span class='ocrx_word' id='word_1_604' title='bbox 2327 3618 2444 3660; x_wconf 86' lang='lat' dir='ltr'><strong><em>tuus</em></strong></span> <span class='ocrx_word' id='word_1_605' title='bbox 2471 3652 2485 3675; x_wconf 93' lang='lat'><strong><em>,</em></strong></span> <span class='ocrx_word' id='word_1_606' title='bbox 2533 3608 2788 3662; x_wconf 85' lang='lat' dir='ltr'><strong><em>Dominus</em></strong></span> <span class='ocrx_word' id='word_1_607' title='bbox 2831 3623 2962 3661; x_wconf 89' lang='lat' dir='ltr'><strong><em>unus</em></strong></span> <span class='ocrx_word' id='word_1_608' title='bbox 3010 3619 3122 3671; x_wconf 85' lang='lat' dir='ltr'><strong><em>est;</em></strong></span> <span class='ocrx_word' id='word_1_609' title='bbox 3153 3619 3207 3661; x_wconf 91' lang='lat' dir='ltr'><strong><em>et</em></strong></span> <span class='ocrx_word' id='word_1_610' title='bbox 3249 3623 3398 3677; x_wconf 61' lang='lat' dir='ltr'><strong><em>quau</em></strong></span> 
     </span>
    </p>
   </div>
   <div class='ocr_carea' id='block_1_73' title="bbox 1845 3696 3395 3770">
    <p class='ocr_par' dir='ltr' id='par_1_73' title="bbox 1845 3696 3395 3770">
     <span class='ocr_line' id='line_1_73' title="bbox 1845 3696 3395 3770; baseline 0.004 -22"><span class='ocrx_word' id='word_1_611' title='bbox 1845 3710 2053 3764; x_wconf 87' lang='lat' dir='ltr'><strong><em>cunque</em></strong></span> <span class='ocrx_word' id='word_1_612' title='bbox 2104 3696 2365 3765; x_wconf 85' lang='lat' dir='ltr'><strong><em>ejusmodi</em></strong></span> <span class='ocrx_word' id='word_1_613' title='bbox 2396 3710 2558 3768; x_wconf 87' lang='lat' dir='ltr'><strong><em>sunt,</em></strong></span> <span class='ocrx_word' id='word_1_614' title='bbox 2611 3717 2713 3755; x_wconf 91' lang='lat' dir='ltr'><strong><em>non</em></strong></span> <span class='ocrx_word' id='word_1_615' title='bbox 2767 3699 2833 3754; x_wconf 90' lang='lat' dir='ltr'><strong><em>de</em></strong></span> <span class='ocrx_word' id='word_1_616' title='bbox 2877 3700 3014 3756; x_wconf 89' lang='lat' dir='ltr'><strong><em>Filio</em></strong></span> <span class='ocrx_word' id='word_1_617' title='bbox 3055 3700 3395 3770; x_wconf 79' lang='lat' dir='ltr'><strong><em>intelligenda</em></strong></span> 
     </span>
    </p>
   </div>
   <div class='ocr_carea' id='block_1_74' title="bbox 1844 3798 1986 3842">
    <p class='ocr_par' dir='ltr' id='par_1_74' title="bbox 1844 3798 1986 3842">
     <span class='ocr_line' id='line_1_74' title="bbox 1844 3798 1986 3842; baseline 0.007 -1"><span class='ocrx_word' id='word_1_618' title='bbox 1844 3798 1986 3842; x_wconf 80' lang='lat' dir='ltr'><strong><em>sum.</em></strong></span> 
     </span>
    </p>
   </div>
   <div class='ocr_carea' id='block_1_75' title="bbox 258 3899 1753 3988">
    <p class='ocr_par' dir='ltr' id='par_1_75' title="bbox 258 3899 1753 3988">
     <span class='ocr_line' id='line_1_75' title="bbox 258 3899 1753 3988; baseline 0.001 -31"><span class='ocrx_word' id='word_1_619' title='bbox 258 3907 300 3935; x_wconf 83' lang='grc'><strong><em>⁶¹</em></strong></span> <span class='ocrx_word' id='word_1_620' title='bbox 342 3905 523 3961; x_wconf 84' lang='lat' dir='ltr'><strong><em>Matth.</em></strong></span> <span class='ocrx_word' id='word_1_621' title='bbox 565 3922 682 3968; x_wconf 66' lang='grc' dir='ltr'>χιχ,</span> <span class='ocrx_word' id='word_1_622' title='bbox 722 3905 808 3960; x_wconf 73' lang='lat'><strong><em>28.</em></strong></span> <span class='ocrx_word' id='word_1_623' title='bbox 887 3907 930 3936; x_wconf 88' lang='grc'><strong><em>⁶³</em></strong></span> <span class='ocrx_word' id='word_1_624' title='bbox 967 3903 1310 3988; x_wconf 40' lang='grc' dir='ltr'>Δξκὶιιιι.ηχ¹νι,,</span> <span class='ocrx_word' id='word_1_625' title='bbox 1351 3902 1441 3955; x_wconf 72' lang='grc'><strong><em>27.</em></strong></span> <span class='ocrx_word' id='word_1_626' title='bbox 1507 3899 1564 3988; x_wconf 43' lang='grc'><strong><em>,⁸⁸</em></strong></span> <span class='ocrx_word' id='word_1_627' title='bbox 1601 3900 1753 3988; x_wconf 56' lang='grc'><strong><em>12³9.</em></strong></span> 
     </span>
    </p>
   </div>
   <div class='ocr_carea' id='block_1_76' title="bbox 1856 3899 3384 3988">
    <p class='ocr_par' dir='ltr' id='par_1_76' title="bbox 1877 3905 3384 3988">
     <span class='ocr_line' id='line_1_76' title="bbox 1877 3905 3384 3988; baseline 0.011 -29"><span class='ocrx_word' id='word_1_628' title='bbox 1877 3905 1966 3964; x_wconf 77' lang='lat'><strong><em>29.</em></strong></span> <span class='ocrx_word' id='word_1_629' title='bbox 2011 3907 2087 3988; x_wconf 43' lang='grc' dir='ltr'><strong><em>,ξ’</em></strong></span> <span class='ocrx_word' id='word_1_630' title='bbox 2128 3911 2334 3988; x_wconf 53' lang='lat' dir='ltr'><strong><em>ligor.</em></strong></span> <span class='ocrx_word' id='word_1_631' title='bbox 2368 3929 2418 3977; x_wconf 71' lang='grc' dir='ltr'><strong><em>ν,</em></strong></span> <span class='ocrx_word' id='word_1_632' title='bbox 2448 3916 2534 3970; x_wconf 80' lang='grc'><strong><em>10.</em></strong></span> <span class='ocrx_word' id='word_1_633' title='bbox 2605 3914 2649 3947; x_wconf 80' lang='grc'><strong><em>⁸⁸</em></strong></span> <span class='ocrx_word' id='word_1_634' title='bbox 2679 3918 2820 3978; x_wconf 82' lang='lat' dir='ltr'><strong><em>Psal.</em></strong></span> <span class='ocrx_word' id='word_1_635' title='bbox 2854 3938 2990 3988; x_wconf 80' lang='lat' dir='ltr'><strong><em>xvn,</em></strong></span> <span class='ocrx_word' id='word_1_636' title='bbox 3019 3925 3106 3981; x_wconf 58' lang='grc' dir='ltr'><strong><em>δὲ.</em></strong></span> <span class='ocrx_word' id='word_1_637' title='bbox 3183 3926 3226 3959; x_wconf 79' lang='grc'><strong><em>⁸⁷</em></strong></span> <span class='ocrx_word' id='word_1_638' title='bbox 3248 3919 3384 3980; x_wconf 84' lang='lat' dir='ltr'><strong><em>Psal.</em></strong></span> 
     </span>
    </p>
   </div>
   <div class='ocr_carea' id='block_1_77' title="bbox 170 3972 1753 4061">
    <p class='ocr_par' dir='ltr' id='par_1_77' title="bbox 170 3972 1753 4038">
     <span class='ocr_line' id='line_1_77' title="bbox 170 3972 1753 4038; baseline -0.001 -8"><span class='ocrx_word' id='word_1_639' title='bbox 170 3991 380 4038; x_wconf 58' lang='grc' dir='ltr'>ωιτη,</span> <span class='ocrx_word' id='word_1_640' title='bbox 415 3978 466 4031; x_wconf 83' lang='grc'><strong><em>8.</em></strong></span> <span class='ocrx_word' id='word_1_641' title='bbox 533 3977 576 4008; x_wconf 75' lang='grc'>⁸⁸</span> <span class='ocrx_word' id='word_1_642' title='bbox 606 3977 758 4031; x_wconf 85' lang='lat' dir='ltr'><strong><em>Deut.</em></strong></span> <span class='ocrx_word' id='word_1_643' title='bbox 793 3992 962 4038; x_wconf 64' lang='lat' dir='ltr'><strong><em>usu,</em></strong></span> <span class='ocrx_word' id='word_1_644' title='bbox 996 3974 1081 4027; x_wconf 71' lang='lat'><strong><em>12.</em></strong></span> <span class='ocrx_word' id='word_1_645' title='bbox 1156 3973 1385 4026; x_wconf 79' lang='lat' dir='ltr'><strong><em>&quot;lCor.</em></strong></span> <span class='ocrx_word' id='word_1_646' title='bbox 1418 3991 1472 4037; x_wconf 73' lang='grc' dir='ltr'>χ,</span> <span class='ocrx_word' id='word_1_647' title='bbox 1495 3972 1550 4025; x_wconf 70' lang='grc'><strong><em>4.</em></strong></span> <span class='ocrx_word' id='word_1_648' title='bbox 1627 3972 1672 4006; x_wconf 85' lang='grc'><strong><em>’⁸</em></strong></span> <span class='ocrx_word' id='word_1_649' title='bbox 1695 3975 1753 4029; x_wconf 85' lang='lat' dir='ltr'><strong><em>Je</em></strong></span> 
     </span>
    </p>
   </div>
   <div class='ocr_carea' id='block_1_78' title="bbox 1856 3972 3078 4061">
    <p class='ocr_par' dir='ltr' id='par_1_78' title="bbox 1857 3972 3078 4061">
     <span class='ocr_line' id='line_1_78' title="bbox 1857 3972 3078 4061; baseline 0.019 -33"><span class='ocrx_word' id='word_1_650' title='bbox 1857 3991 1892 4030; x_wconf 89' lang='grc' dir='ltr'>ι.</span> <span class='ocrx_word' id='word_1_651' title='bbox 1919 3993 1974 4043; x_wconf 82' lang='lat' dir='ltr'><strong><em>x,</em></strong></span> <span class='ocrx_word' id='word_1_652' title='bbox 2006 3979 2090 4034; x_wconf 81' lang='lat' dir='ltr'><strong><em>H.</em></strong></span> <span class='ocrx_word' id='word_1_653' title='bbox 2166 3981 2210 4011; x_wconf 82' lang='lat'>“</span> <span class='ocrx_word' id='word_1_654' title='bbox 2233 3984 2333 4036; x_wconf 86' lang='lat' dir='ltr'><strong><em>lsa.</em></strong></span> <span class='ocrx_word' id='word_1_655' title='bbox 2362 3972 2504 4050; x_wconf 66' lang='lat' dir='ltr'><strong><em>XLIV,</em></strong></span> <span class='ocrx_word' id='word_1_656' title='bbox 2533 3989 2584 4040; x_wconf 90' lang='lat'>6.</span> <span class='ocrx_word' id='word_1_657' title='bbox 2661 3990 2705 4020; x_wconf 85' lang='grc'><strong><em>⁷¹</em></strong></span> 
     </span>
    </p>
   </div>
   <div class='ocr_carea' id='block_1_79' title="bbox 254 4087 2970 4168">
    <p class='ocr_par' dir='ltr' id='par_1_79' title="bbox 254 4087 2970 4168">
     <span class='ocr_line' id='line_1_79' title="bbox 254 4087 2970 4168; baseline 0.006 -28"><span class='ocrx_word' id='word_1_658' title='bbox 254 4088 367 4168; x_wconf 69' lang='grc' dir='ltr'><strong><em>(β9)</em></strong></span> <span class='ocrx_word' id='word_1_659' title='bbox 412 4087 574 4142; x_wconf 84' lang='lat' dir='ltr'><strong><em>Velim</em></strong></span> <span class='ocrx_word' id='word_1_660' title='bbox 630 4089 778 4168; x_wconf 71' lang='lat' dir='ltr'><strong><em>legas</em></strong></span> <span class='ocrx_word' id='word_1_661' title='bbox 825 4087 999 4168; x_wconf 52' lang='grc' dir='ltr'>[ξιιεωί</span> <span class='ocrx_word' id='word_1_662' title='bbox 1041 4089 1092 4140; x_wconf 93' lang='lat' dir='ltr'><strong><em>in</em></strong></span> <span class='ocrx_word' id='word_1_663' title='bbox 1149 4089 1288 4142; x_wconf 88' lang='lat' dir='ltr'><strong><em>hunc</em></strong></span> <span class='ocrx_word' id='word_1_664' title='bbox 1333 4088 1510 4142; x_wconf 89' lang='lat' dir='ltr'><strong><em>locum</em></strong></span> <span class='ocrx_word' id='word_1_665' title='bbox 1553 4098 1734 4142; x_wconf 84' lang='lat' dir='ltr'><strong><em>notam</em></strong></span> <span class='ocrx_word' id='word_1_666' title='bbox 1836 4091 2032 4168; x_wconf 60' lang='lat' dir='ltr'><strong><em>dictum</em></strong></span> <span class='ocrx_word' id='word_1_667' title='bbox 2053 4094 2215 4168; x_wconf 50' lang='lat' dir='ltr'><strong><em>fuisse</em></strong></span> <span class='ocrx_word' id='word_1_668' title='bbox 2251 4095 2313 4147; x_wconf 90' lang='lat' dir='ltr'><strong><em>ob</em></strong></span> <span class='ocrx_word' id='word_1_669' title='bbox 2342 4095 2597 4149; x_wconf 72' lang='lat' dir='ltr'><strong><em>Iacobum</em></strong></span> <span class='ocrx_word' id='word_1_670' title='bbox 2627 4100 2970 4162; x_wconf 83' lang='lat' dir='ltr'><strong><em>etJonnnem.</em></strong></span> 
     </span>
    </p>
   </div>
   <div class='ocr_carea' id='block_1_80' title="bbox 169 4161 1028 4227">
    <p class='ocr_par' dir='ltr' id='par_1_80' title="bbox 169 4161 1028 4227">
     <span class='ocr_line' id='line_1_80' title="bbox 169 4161 1028 4227; baseline 0.007 -23"><span class='ocrx_word' id='word_1_671' title='bbox 169 4161 436 4227; x_wconf 74' lang='lat' dir='ltr'><strong><em>optimum</em></strong></span> <span class='ocrx_word' id='word_1_672' title='bbox 473 4170 631 4225; x_wconf 86' lang='lat' dir='ltr'><strong><em>atque</em></strong></span> <span class='ocrx_word' id='word_1_673' title='bbox 667 4161 1028 4211; x_wconf 78' lang='lat' dir='ltr'><strong><em>utilissimam.</em></strong></span> 
     </span>
    </p>
   </div>
   <div class='ocr_carea' id='block_1_81' title="bbox 254 4226 1734 4295">
    <p class='ocr_par' dir='ltr' id='par_1_81' title="bbox 254 4226 1734 4295">
     <span class='ocr_line' id='line_1_81' title="bbox 254 4226 1734 4295; baseline 0.001 -17"><span class='ocrx_word' id='word_1_674' title='bbox 254 4226 364 4295; x_wconf 85' lang='lat'><strong><em>(70)</em></strong></span> <span class='ocrx_word' id='word_1_675' title='bbox 403 4227 442 4279; x_wconf 82' lang='grc' dir='ltr'>Ε</span> <span class='ocrx_word' id='word_1_676' title='bbox 506 4230 720 4295; x_wconf 81' lang='lat' dir='ltr'><strong><em>regione</em></strong></span> <span class='ocrx_word' id='word_1_677' title='bbox 778 4229 965 4280; x_wconf 85' lang='lat' dir='ltr'><strong><em>borum</em></strong></span> <span class='ocrx_word' id='word_1_678' title='bbox 1022 4228 1341 4287; x_wconf 83' lang='lat' dir='ltr'><strong><em>verborum,</em></strong></span> <span class='ocrx_word' id='word_1_679' title='bbox 1383 4227 1484 4280; x_wconf 82' lang='grc' dir='ltr'><strong><em>κᾶν</em></strong></span> <span class='ocrx_word' id='word_1_680' title='bbox 1527 4227 1734 4291; x_wconf 82' lang='grc' dir='ltr'>ἄδικος,</span> 
     </span>
    </p>
   </div>
   <div class='ocr_carea' id='block_1_82' title="bbox 169 4295 1736 4363">
    <p class='ocr_par' dir='ltr' id='par_1_82' title="bbox 169 4295 1736 4363">
     <span class='ocr_line' id='line_1_82' title="bbox 169 4295 1736 4363; baseline 0 -16"><span class='ocrx_word' id='word_1_681' title='bbox 169 4307 437 4363; x_wconf 69' lang='lat' dir='ltr'><strong><em>scriptun;</em></strong></span> <span class='ocrx_word' id='word_1_682' title='bbox 467 4297 764 4348; x_wconf 85' lang='lat' dir='ltr'><strong><em>invenimus</em></strong></span> <span class='ocrx_word' id='word_1_683' title='bbox 786 4297 837 4348; x_wconf 87' lang='lat' dir='ltr'><strong><em>in</em></strong></span> <span class='ocrx_word' id='word_1_684' title='bbox 873 4295 1002 4363; x_wconf 74' lang='lat' dir='ltr'><strong><em>Heg.</em></strong></span> <span class='ocrx_word' id='word_1_685' title='bbox 1034 4299 1268 4348; x_wconf 82' lang='lat' dir='ltr'><strong><em>secundo</em></strong></span> <span class='ocrx_word' id='word_1_686' title='bbox 1297 4298 1421 4348; x_wconf 85' lang='lat' dir='ltr'><strong><em>illud</em></strong></span> <span class='ocrx_word' id='word_1_687' title='bbox 1446 4299 1736 4359; x_wconf 87' lang='lat' dir='ltr'><strong><em>scholium,</em></strong></span> 
     </span>
    </p>
   </div>
   <div class='ocr_carea' id='block_1_83' title="bbox 167 4361 1735 4436">
    <p class='ocr_par' dir='ltr' id='par_1_83' title="bbox 167 4361 1735 4436">
     <span class='ocr_line' id='line_1_83' title="bbox 167 4361 1735 4436; baseline -0.002 -15"><span class='ocrx_word' id='word_1_688' title='bbox 167 4361 334 4421; x_wconf 77' lang='grc' dir='ltr'>τοῦτο</span> <span class='ocrx_word' id='word_1_689' title='bbox 382 4361 532 4436; x_wconf 77' lang='grc' dir='ltr'>οἶμαι</span> <span class='ocrx_word' id='word_1_690' title='bbox 572 4364 660 4418; x_wconf 79' lang='grc' dir='ltr'>διὰ</span> <span class='ocrx_word' id='word_1_691' title='bbox 715 4361 973 4419; x_wconf 70' lang='grc' dir='ltr'>Ἰάκωϐον</span> <span class='ocrx_word' id='word_1_692' title='bbox 1001 4367 1096 4417; x_wconf 79' lang='grc' dir='ltr'><strong><em>καὶ</em></strong></span> <span class='ocrx_word' id='word_1_693' title='bbox 1137 4365 1408 4434; x_wconf 87' lang='grc' dir='ltr'>Ἰωάννην,</span> <span class='ocrx_word' id='word_1_694' title='bbox 1461 4376 1583 4434; x_wconf 85' lang='lat' dir='ltr'><strong><em>puto</em></strong></span> <span class='ocrx_word' id='word_1_695' title='bbox 1641 4367 1735 4418; x_wconf 84' lang='lat' dir='ltr'><strong><em>.‘toc</em></strong></span> 
     </span>
    </p>
   </div>
   <div class='ocr_carea' id='block_1_84' title="bbox 191 4495 512 4512">
    <p class='ocr_par' dir='ltr' id='par_1_84' title="bbox 191 4495 512 4512">
     <span class='ocr_line' id='line_1_84' title="bbox 191 4495 512 4512; baseline 0.003 -2"><span class='ocrx_word' id='word_1_696' title='bbox 191 4495 512 4512; x_wconf 64' lang='lat' dir='ltr'><strong><em>—l..—-t</em></strong></span> 
     </span>
    </p>
   </div>
   <div class='ocr_carea' id='block_1_85' title="bbox 1909 4161 2918 4237">
    <p class='ocr_par' dir='ltr' id='par_1_85' title="bbox 1909 4161 2918 4237">
     <span class='ocr_line' id='line_1_85' title="bbox 1909 4161 2918 4237; baseline 0.008 -18"><span class='ocrx_word' id='word_1_697' title='bbox 2062 4163 2194 4237; x_wconf 60' lang='lat' dir='ltr'><strong><em>ﬂes.</em></strong></span> <span class='ocrx_word' id='word_1_698' title='bbox 2222 4168 2487 4237; x_wconf 58' lang='lat' dir='ltr'><strong><em>seeumlus</em></strong></span> <span class='ocrx_word' id='word_1_699' title='bbox 2514 4168 2674 4237; x_wconf 83' lang='grc' dir='ltr'>ὅμοια</span> <span class='ocrx_word' id='word_1_700' title='bbox 2697 4173 2918 4226; x_wconf 86' lang='grc' dir='ltr'><strong><em>τούτων.</em></strong></span> 
     </span>
    </p>
   </div>
   <div class='ocr_carea' id='block_1_86' title="bbox 1908 4231 3381 4318">
    <p class='ocr_par' dir='ltr' id='par_1_86' title="bbox 1908 4231 3381 4318">
     <span class='ocr_line' id='line_1_86' title="bbox 1908 4231 3381 4318; baseline 0.015 -37"><span class='ocrx_word' id='word_1_701' title='bbox 1908 4231 2024 4318; x_wconf 27' lang='lat' dir='ltr'><strong><em>(fl-2.).</em></strong></span> <span class='ocrx_word' id='word_1_702' title='bbox 2059 4231 2198 4318; x_wconf 54' lang='lat' dir='ltr'><strong><em>Editi</em></strong></span> <span class='ocrx_word' id='word_1_703' title='bbox 2246 4235 2463 4318; x_wconf 63' lang='grc' dir='ltr'>Ἔπιχον</span> <span class='ocrx_word' id='word_1_704' title='bbox 2493 4231 2558 4290; x_wconf 75' lang='grc' dir='ltr'><strong><em>δὲ’</em></strong></span> <span class='ocrx_word' id='word_1_705' title='bbox 2584 4241 2737 4294; x_wconf 54' lang='lat' dir='ltr'><strong><em>sm...</em></strong></span> <span class='ocrx_word' id='word_1_706' title='bbox 2773 4245 2806 4313; x_wconf 82' lang='grc' dir='ltr'><strong>ὴ</strong></span> <span class='ocrx_word' id='word_1_707' title='bbox 2848 4245 3020 4318; x_wconf 83' lang='grc' dir='ltr'>πέτρα</span> <span class='ocrx_word' id='word_1_708' title='bbox 3054 4241 3381 4317; x_wconf 73' lang='grc' dir='ltr'><strong><em>δέ..Αιιιίᾳιιί</em></strong></span> 
     </span>
    </p>
   </div>
   <div class='ocr_carea' id='block_1_87' title="bbox 1838 4298 2603 4364">
    <p class='ocr_par' dir='ltr' id='par_1_87' title="bbox 1838 4298 2603 4364">
     <span class='ocr_line' id='line_1_87' title="bbox 1838 4298 2603 4364; baseline 0.016 -12"><span class='ocrx_word' id='word_1_709' title='bbox 1838 4298 1942 4354; x_wconf 88' lang='lat' dir='ltr'><strong><em>duo</em></strong></span> <span class='ocrx_word' id='word_1_710' title='bbox 1971 4298 2090 4356; x_wconf 84' lang='lat' dir='ltr'><strong><em>libri</em></strong></span> <span class='ocrx_word' id='word_1_711' title='bbox 2127 4304 2200 4358; x_wconf 87' lang='lat' dir='ltr'><strong><em>ita</em></strong></span> <span class='ocrx_word' id='word_1_712' title='bbox 2236 4315 2292 4360; x_wconf 89' lang='lat' dir='ltr'><strong><em>ut</em></strong></span> <span class='ocrx_word' id='word_1_713' title='bbox 2318 4307 2603 4364; x_wconf 85' lang='lat' dir='ltr'><strong><em>edidimus.</em></strong></span> 
     </span>
    </p>
   </div>
   <div class='ocr_carea' id='block_1_88' title="bbox 1671 4497 2924 4536">
    <p class='ocr_par' dir='ltr' id='par_1_88' title="bbox 1671 4497 2924 4536">
     <span class='ocr_line' id='line_1_88' title="bbox 1671 4497 2924 4536; baseline -0.01 -22"><span class='ocrx_word' id='word_1_714' title='bbox 1671 4497 2924 4536; x_wconf 46' lang='grc' dir='ltr'>Ἦ</span> 
     </span>
    </p>
   </div>
   <div class='ocr_carea' id='block_1_89' title="bbox 1113 4497 2435 4740">
    <p class='ocr_par' dir='ltr' id='par_1_89' title="bbox 1113 4497 2435 4740">
     <span class='ocr_line' id='line_1_89' title="bbox 1113 4497 2435 4740; baseline 0.006 -10"><span class='ocrx_word' id='word_1_715' title='bbox 1113 4497 2435 4740; x_wconf 49' lang='grc' dir='ltr'><strong><em>ΞΑᾜἜΥΝΟΜΙΟΥ</em></strong></span> 
     </span>
    </p>
   </div>
   <div class='ocr_carea' id='block_1_90' title="bbox 1539 4825 1998 4912">
    <p class='ocr_par' dir='ltr' id='par_1_90' title="bbox 1539 4825 1998 4912">
     <span class='ocr_line' id='line_1_90' title="bbox 1539 4825 1998 4912; baseline -0.002 0"><span class='ocrx_word' id='word_1_716' title='bbox 1539 4825 1894 4912; x_wconf 90' lang='grc' dir='ltr'><strong>ΛΟΓΟΣ</strong></span> <span class='ocrx_word' id='word_1_717' title='bbox 1931 4829 1998 4911; x_wconf 91' lang='grc' dir='ltr'>Ε</span> 
     </span>
    </p>
   </div>
   <div class='ocr_carea' id='block_1_91' title="bbox 813 5005 2704 5085">
    <p class='ocr_par' dir='ltr' id='par_1_91' title="bbox 813 5005 2704 5085">
     <span class='ocr_line' id='line_1_91' title="bbox 813 5005 2704 5085; baseline 0.011 -29"><span class='ocrx_word' id='word_1_718' title='bbox 813 5005 998 5059; x_wconf 85' lang='grc' dir='ltr'><em>ΠΕΡΙ</em></span> <span class='ocrx_word' id='word_1_719' title='bbox 1039 5007 1179 5058; x_wconf 84' lang='grc' dir='ltr'><strong><em>ΤΟΥ</em></strong></span> <span class='ocrx_word' id='word_1_720' title='bbox 1210 5009 1437 5063; x_wconf 85' lang='grc' dir='ltr'><strong><em>ΑΓΙΟΥ</em></strong></span> <span class='ocrx_word' id='word_1_721' title='bbox 1464 5009 1906 5064; x_wconf 83' lang='grc' dir='ltr'><strong><em>ΠΝΕΥΜΑΤΟΣ</em></strong></span> <span class='ocrx_word' id='word_1_722' title='bbox 1945 5013 2078 5085; x_wconf 80' lang='grc'>(75),</span> <span class='ocrx_word' id='word_1_723' title='bbox 2124 5019 2243 5072; x_wconf 82' lang='grc' dir='ltr'><strong><em>ΟΠ</em></strong></span> <span class='ocrx_word' id='word_1_724' title='bbox 2275 5019 2375 5071; x_wconf 83' lang='grc' dir='ltr'><em>ΟΥ</em></span> <span class='ocrx_word' id='word_1_725' title='bbox 2408 5019 2704 5077; x_wconf 80' lang='grc' dir='ltr'><strong><em>ΚΤΙΣΜΔ.</em></strong></span> 
     </span>
    </p>
   </div>
   <div class='ocr_carea' id='block_1_92' title="bbox 667 5239 2911 5377">
    <p class='ocr_par' dir='ltr' id='par_1_92' title="bbox 667 5239 2911 5377">
     <span class='ocr_line' id='line_1_92' title="bbox 667 5239 2911 5377; baseline 0.014 -43"><span class='ocrx_word' id='word_1_726' title='bbox 667 5239 1133 5334; x_wconf 79' lang='lat' dir='ltr'><strong><em>CONTRA</em></strong></span> <span class='ocrx_word' id='word_1_727' title='bbox 1203 5248 1876 5346; x_wconf 88' lang='lat' dir='ltr'><strong><em>EUNOMIUM</em></strong></span> <span class='ocrx_word' id='word_1_728' title='bbox 1952 5263 2304 5357; x_wconf 80' lang='lat' dir='ltr'><strong>LIBER</strong></span> <span class='ocrx_word' id='word_1_729' title='bbox 2380 5272 2911 5377; x_wconf 83' lang='lat' dir='ltr'><strong><em>QUINTUS</em></strong></span> 
     </span>
    </p>
   </div>
   <div class='ocr_carea' id='block_1_93' title="bbox 755 5395 1753 5484">
    <p class='ocr_par' dir='ltr' id='par_1_93' title="bbox 755 5395 1753 5467">
     <span class='ocr_line' id='line_1_93' title="bbox 755 5395 1753 5467; baseline 0.016 -20"><span class='ocrx_word' id='word_1_730' title='bbox 755 5395 920 5467; x_wconf 72' lang='lat'><strong><em>296</em></strong></span> <span class='ocrx_word' id='word_1_731' title='bbox 971 5397 1072 5451; x_wconf 79' lang='lat' dir='ltr'><strong><em>ns</em></strong></span> <span class='ocrx_word' id='word_1_732' title='bbox 1113 5397 1401 5457; x_wconf 78' lang='lat' dir='ltr'><strong><em>smnn-u</em></strong></span> <span class='ocrx_word' id='word_1_733' title='bbox 1447 5401 1753 5463; x_wconf 60' lang='lat' dir='ltr'><strong><em>sencro.</em></strong></span> 
     </span>
    </p>
   </div>
   <div class='ocr_carea' id='block_1_94' title="bbox 1856 5395 2809 5484">
    <p class='ocr_par' dir='ltr' id='par_1_94' title="bbox 1863 5412 2809 5484">
     <span class='ocr_line' id='line_1_94' title="bbox 1863 5412 2809 5484; baseline 0.018 -18"><span class='ocrx_word' id='word_1_734' title='bbox 1863 5412 2009 5470; x_wconf 87' lang='lat' dir='ltr'><strong><em>UOD</em></strong></span> <span class='ocrx_word' id='word_1_735' title='bbox 2047 5418 2208 5477; x_wconf 86' lang='lat' dir='ltr'><strong><em>NON</em></strong></span> <span class='ocrx_word' id='word_1_736' title='bbox 2247 5419 2367 5479; x_wconf 82' lang='lat' dir='ltr'><strong><em>SIT</em></strong></span> <span class='ocrx_word' id='word_1_737' title='bbox 2405 5425 2809 5484; x_wconf 74' lang='lat' dir='ltr'><strong><em>CREATURA.</em></strong></span> 
     </span>
    </p>
   </div>
   <div class='ocr_carea' id='block_1_95' title="bbox 231 5571 1753 5679">
    <p class='ocr_par' dir='ltr' id='par_1_95' title="bbox 231 5571 1733 5664">
     <span class='ocr_line' id='line_1_95' title="bbox 231 5571 1733 5664; baseline 0.012 -39"><span class='ocrx_word' id='word_1_738' title='bbox 231 5571 360 5626; x_wconf 84' lang='grc' dir='ltr'>Ὅτι</span> <span class='ocrx_word' id='word_1_739' title='bbox 405 5571 476 5626; x_wconf 80' lang='grc' dir='ltr'><strong><em>τὰ</em></strong></span> <span class='ocrx_word' id='word_1_740' title='bbox 523 5576 673 5628; x_wconf 87' lang='grc' dir='ltr'>κοινά</span> <span class='ocrx_word' id='word_1_741' title='bbox 706 5579 804 5648; x_wconf 82' lang='grc' dir='ltr'><strong><em>τῆς</em></strong></span> <span class='ocrx_word' id='word_1_742' title='bbox 840 5584 1066 5646; x_wconf 81' lang='grc' dir='ltr'><strong><em>κτίσεως</em></strong></span> <span class='ocrx_word' id='word_1_743' title='bbox 1108 5586 1440 5658; x_wconf 80' lang='grc' dir='ltr'>ἀκοινώνητα</span> <span class='ocrx_word' id='word_1_744' title='bbox 1484 5589 1560 5658; x_wconf 82' lang='grc' dir='ltr'>τῷ</span> <span class='ocrx_word' id='word_1_745' title='bbox 1595 5592 1733 5664; x_wconf 80' lang='grc' dir='ltr'><strong><em>ἁγίῳ</em></strong></span> 
     </span>
    </p>
   </div>
   <div class='ocr_carea' id='block_1_96' title="bbox 1856 5571 3389 5679">
    <p class='ocr_par' dir='ltr' id='par_1_96' title="bbox 1916 5603 3389 5679">
     <span class='ocr_line' id='line_1_96' title="bbox 1916 5603 3389 5679; baseline 0.007 -23"><span class='ocrx_word' id='word_1_746' title='bbox 1916 5603 2064 5669; x_wconf 88' lang='lat' dir='ltr'><strong><em>Quod</em></strong></span> <span class='ocrx_word' id='word_1_747' title='bbox 2088 5623 2203 5676; x_wconf 71' lang='lat' dir='ltr'><strong><em>qua:</em></strong></span> <span class='ocrx_word' id='word_1_748' title='bbox 2230 5613 2532 5663; x_wconf 80' lang='lat' dir='ltr'><strong><em>communia</em></strong></span> <span class='ocrx_word' id='word_1_749' title='bbox 2580 5620 2704 5665; x_wconf 86' lang='lat' dir='ltr'><strong><em>sunt</em></strong></span> <span class='ocrx_word' id='word_1_750' title='bbox 2745 5613 3041 5679; x_wconf 87' lang='lat' dir='ltr'><strong><em>creaturis,</em></strong></span> <span class='ocrx_word' id='word_1_751' title='bbox 3075 5613 3208 5669; x_wconf 82' lang='lat' dir='ltr'><strong><em>nihil</em></strong></span> <span class='ocrx_word' id='word_1_752' title='bbox 3243 5629 3389 5669; x_wconf 87' lang='lat' dir='ltr'><strong><em>com-</em></strong></span> 
     </span>
    </p>
   </div>
   <div class='ocr_carea' id='block_1_97' title="bbox 153 5662 1726 5753">
    <p class='ocr_par' dir='ltr' id='par_1_97' title="bbox 153 5662 1726 5753">
     <span class='ocr_line' id='line_1_97' title="bbox 153 5662 1726 5753; baseline 0.014 -41"><span class='ocrx_word' id='word_1_753' title='bbox 153 5662 461 5733; x_wconf 82' lang='grc' dir='ltr'>Πνεύματι,</span> <span class='ocrx_word' id='word_1_754' title='bbox 501 5666 593 5717; x_wconf 77' lang='grc' dir='ltr'>καὶ</span> <span class='ocrx_word' id='word_1_755' title='bbox 618 5667 686 5720; x_wconf 78' lang='grc' dir='ltr'><strong><em>τὰ</em></strong></span> <span class='ocrx_word' id='word_1_756' title='bbox 713 5669 815 5722; x_wconf 76' lang='grc' dir='ltr'>ἴδια</span> <span class='ocrx_word' id='word_1_757' title='bbox 844 5672 936 5725; x_wconf 82' lang='grc' dir='ltr'><strong><em>τοῦ</em></strong></span> <span class='ocrx_word' id='word_1_758' title='bbox 961 5672 1272 5744; x_wconf 78' lang='grc' dir='ltr'>Πνεύματος</span> <span class='ocrx_word' id='word_1_759' title='bbox 1305 5678 1638 5750; x_wconf 78' lang='grc' dir='ltr'>ἀκοινώνητα</span> 
     </span>
    </p>
   </div>
   <div class='ocr_carea' id='block_1_98' title="bbox 1837 5697 3390 5775">
    <p class='ocr_par' dir='ltr' id='par_1_98' title="bbox 1837 5697 3390 5775">
     <span class='ocr_line' id='line_1_98' title="bbox 1837 5697 3390 5775; baseline 0.006 -26"><span class='ocrx_word' id='word_1_760' title='bbox 1837 5704 1995 5750; x_wconf 82' lang='lat' dir='ltr'><strong><em>mune</em></strong></span> <span class='ocrx_word' id='word_1_761' title='bbox 2025 5697 2219 5751; x_wconf 83' lang='lat' dir='ltr'><strong><em>habent</em></strong></span> <span class='ocrx_word' id='word_1_762' title='bbox 2242 5714 2362 5752; x_wconf 88' lang='lat' dir='ltr'><strong><em>cum</em></strong></span> <span class='ocrx_word' id='word_1_763' title='bbox 2395 5710 2579 5754; x_wconf 72' lang='lat' dir='ltr'><strong><em>sancto</em></strong></span> <span class='ocrx_word' id='word_1_764' title='bbox 2619 5701 2840 5771; x_wconf 86' lang='lat' dir='ltr'><strong><em>Spiritu,</em></strong></span> <span class='ocrx_word' id='word_1_765' title='bbox 2874 5707 3123 5774; x_wconf 88' lang='lat' dir='ltr'><strong><em>quodque</em></strong></span> <span class='ocrx_word' id='word_1_766' title='bbox 3153 5719 3238 5770; x_wconf 88' lang='lat' dir='ltr'><strong><em>ea,</em></strong></span> <span class='ocrx_word' id='word_1_767' title='bbox 3271 5719 3390 5775; x_wconf 66' lang='lat' dir='ltr'><strong><em>qua</em></strong></span> 
     </span>
    </p>
   </div>
   <div class='ocr_carea' id='block_1_99' title="bbox 232 5821 1753 5927">
    <p class='ocr_par' dir='ltr' id='par_1_99' title="bbox 232 5821 1726 5917">
     <span class='ocr_line' id='line_1_99' title="bbox 232 5821 1726 5917; baseline 0.017 -44"><span class='ocrx_word' id='word_1_768' title='bbox 232 5821 350 5894; x_wconf 82' lang='lat'><strong><em>(75)</em></strong></span> <span class='ocrx_word' id='word_1_769' title='bbox 390 5825 566 5883; x_wconf 86' lang='lat' dir='ltr'><strong><em>Editlo</em></strong></span> <span class='ocrx_word' id='word_1_770' title='bbox 613 5822 779 5888; x_wconf 74' lang='lat' dir='ltr'><strong><em>Paris.</em></strong></span> <span class='ocrx_word' id='word_1_771' title='bbox 822 5831 956 5889; x_wconf 74' lang='grc' dir='ltr'>Κατ’</span> <span class='ocrx_word' id='word_1_772' title='bbox 989 5832 1270 5908; x_wconf 70' lang='grc' dir='ltr'>Εὐνομίου,</span> <span class='ocrx_word' id='word_1_773' title='bbox 1319 5839 1472 5910; x_wconf 79' lang='grc' dir='ltr'><strong><em>λόγος</em></strong></span> <span class='ocrx_word' id='word_1_774' title='bbox 1511 5851 1552 5896; x_wconf 83' lang='grc' dir='ltr'>ε’</span> <span class='ocrx_word' id='word_1_775' title='bbox 1600 5845 1726 5917; x_wconf 77' lang='grc' dir='ltr'>περὶ</span> 
     </span>
    </p>
   </div>
   <div class='ocr_carea' id='block_1_100' title="bbox 1856 5821 3387 5927">
    <p class='ocr_par' dir='ltr' id='par_1_100' title="bbox 1856 5845 3387 5927">
     <span class='ocr_line' id='line_1_100' title="bbox 1856 5845 3387 5927; baseline 0.008 -27"><span class='ocrx_word' id='word_1_776' title='bbox 1856 5846 1860 5892; x_wconf 63' lang='lat' dir='ltr'><strong><em>i</em></strong></span> <span class='ocrx_word' id='word_1_777' title='bbox 1888 5845 2042 5914; x_wconf 78' lang='grc' dir='ltr'><strong><em>ἁγίου</em></strong></span> <span class='ocrx_word' id='word_1_778' title='bbox 2075 5846 2404 5920; x_wconf 77' lang='grc' dir='ltr'>Πνεύματσς.</span> <span class='ocrx_word' id='word_1_779' title='bbox 2440 5849 2593 5909; x_wconf 81' lang='lat' dir='ltr'><strong><em>Liber</em></strong></span> <span class='ocrx_word' id='word_1_780' title='bbox 2637 5855 2848 5925; x_wconf 86' lang='lat' dir='ltr'><strong><em>quintus</em></strong></span> <span class='ocrx_word' id='word_1_781' title='bbox 2871 5856 2934 5912; x_wconf 89' lang='lat' dir='ltr'><strong><em>de</em></strong></span> <span class='ocrx_word' id='word_1_782' title='bbox 2957 5855 3159 5927; x_wconf 84' lang='lat' dir='ltr'><strong><em>Spiritu</em></strong></span> <span class='ocrx_word' id='word_1_783' title='bbox 3183 5867 3387 5924; x_wconf 71' lang='lat' dir='ltr'><strong><em>sancto,</em></strong></span> 
     </span>
    </p>
   </div>
  </div>
