4078 6316
209 376 324 432 715

1332 378 1705 436 ADVERSES
1745 381 2106 441 EL'NOMIL’M
2146 385 2272 440 LIB.
2318 387 2379 442 V.

3351 399 3452 457 714

205 495 431 566 ὀρέγειν
460 495 568 562 (83)
611 497 670 548 οὐ
699 493 940 553 δύναται,
969 488 1035 563 ἦς
1068 495 1197 548 αὐτὸ
1247 495 1345 548 οὐκ
1372 496 1527 566 ἔτυχε
1557 500 1671 551 κατ’
1704 499 1794 552 οὐ-

1899 516 2019 555 nem
2059 513 2416 575 asseqnatur;
2447 504 2681 574 Spiritus
2713 523 2864 574 vero,
2892 510 3035 580 quod
3065 514 3298 568 essentia
3328 531 3454 570 san-

209 586 342 638 σίαν
365 602 378 615 ·
414 585 473 638 τὸ
497 586 551 638 δὲ
585 583 805 652 Πνεῦμα
833 583 1140 656 ἐλευθερίαν
1163 584 1345 655 ὀρέγει
1381 585 1473 637 καὶ
1500 586 1786 638 υἱοθεσίαψ

206 679 278 730 τὸ
303 678 410 750 γὰρ
438 679 657 745 Πνεῦμα
679 673 867 746 κράζει
891 678 947 730 ἐν
974 682 1090 742 ταῖς
1116 677 1364 745 καρδίαις
1397 676 1552 747 ἡμῶν
1586 697 1598 709 ·
1631 677 1794 732 Ἄεθὸιῖ

211 774 247 823 ὁ
279 772 477 838 Πατήρ
496 787 508 798 ·
538 769 694 819 ὥστε
723 769 918 823 οὐκέτι
949 767 1007 823 εἷ
1038 769 1258 834 δοῦλος
1289 767 1424 838 (84),
1453 769 1613 820 ἀλλὰ
1641 770 1787 833 υἱός’

209 865 320 916 οὐκ
351 863 457 929 ἄρα
490 859 712 929 κτίσμα.
740 861 903 913 Οὐδὲν
937 858 1145 928 κτίσμα
1181 858 1441 929 μεθεκτόν
1473 859 1586 910 ἐστι
1617 861 1680 928 τῇ
1705 859 1792 910 λο-

212 956 349 1020 γικῇ
381 951 546 1020 ψυχῇ,
592 951 666 1015 ὡς
707 949 1062 1013 ἐνοικίζεσθαι
1092 949 1227 1020 αὐτῇ
1257 951 1368 1021 (85)
1401 949 1689 1012 οὺσιωδῶς.
1720 950 1792 1002 Τὸ

210 1045 276 1094 δὲ
309 1043 526 1114 Πνεῦμα
551 1045 609 1096 τὸ
633 1045 782 1112 ἆγιον
813 1040 1132 1104 ἐνοικίζεται
1167 1043 1221 1093 ἐν
1244 1044 1376 1113 αὐτῇ
1413 1042 1554 1096 κατὰ
1586 1043 1675 1096 τὸν
1703 1041 1788 1094 λέ-

212 1152 417 1202 γοντα·
475 1135 631 1201 Ναὸς
683 1134 829 1188 Θεοῦ
885 1134 1090 1201 ἐσμεν,
1131 1133 1225 1185 καί
1289 1135 1354 1186 τὸ
1388 1136 1628 1204 Πνεῦμα
1685 1134 1792 1187 τοῦ

215 1227 371 1279 Θεοῦ
403 1229 550 1280 οἰκεῖ
586 1227 656 1279 ἐν
685 1224 846 1293 ἡμῖν.
895 1224 1008 1276 Οὐκ
1037 1223 1142 1292 ἄρα
1173 1222 1399 1293 κτίσμα.
1441 1225 1554 1276 Πᾶν
1581 1223 1793 1292 λογικὸν

215 1319 428 1388 κτίσμα
484 1317 680 1388 ἀρετῆς
731 1317 822 1368 καὶ
875 1315 1072 1378 κακίας
1118 1316 1232 1368 ἐστὶ
1282 1315 1544 1368 δεκτικόν.
1607 1317 1680 1367 Τὸ
1737 1314 1793 1366 δέ

215 1412 446 1481 Πνεῦμα
498 1409 707 1471 οὐδενός
763 1410 876 1460 ἐστι
931 1408 1132 1462 τούτων
1189 1406 1453 1461 δεκτικόν.
1518 1408 1629 1460 Οὐκ
1687 1409 1792 1468 ἄρα

216 1503 428 1572 κτίσμα
495 1500 554 1552 τὸ
616 1500 855 1570 Πνεῦμα.
902 1502 1010 1554 Καὶ
1053 1501 1152 1554 ὅσα
1207 1499 1332 1568 μίαν
1393 1498 1503 1570 (86)
1565 1498 1657 1551 καὶ
1693 1499 1790 1570 τὴν

217 1595 393 1663 αὐτὴν
443 1592 720 1664 ἐνέργειαν
775 1592 1010 1646 δείκνυσι
1055 1594 1154 1662 τῆς
1192 1590 1352 1659 ἁγίας
1385 1592 1476 1645 καὶ
1521 1591 1789 1664 μακαρίας

218 1682 470 1752 Τριὰδος.

1898 602 2017 646 ctus
2046 607 2152 661 εει,
2183 596 2616 656 sanctiﬁcatione
2649 614 2752 654 non
2782 610 2902 672 eget
2933 620 2945 656 :
2979 619 3084 658 non
3121 604 3280 674 igitur
3303 621 3456 661 crea-

1900 690 2019 736 tura
2049 694 2154 738 est.
2179 688 2367 744 Omnis
2392 698 2639 743 creatura
2660 690 2933 748 Creatoris
2955 709 3106 750 serva
3134 707 3237 763 est,
3267 712 3456 753 secun-

1897 775 2024 829 dum
2070 774 2391 846 Prophetam
2423 782 2516 852 qui
2555 785 2632 838 sic
2683 782 2849 839 Deum
2904 786 3225 857 alloquitur:
3265 789 3458 844 Omnia

1898 870 2129 922 serviunt
2163 872 2257 924 tibi
2280 873 2326 905 ⁷⁸
2358 892 2372 930 :
2404 875 2548 946 quod
2575 885 2752 932 autem
2783 892 2995 932 servum
3030 889 3132 946 est,
3160 880 3210 935 id
3241 883 3458 937 liberta—

1894 965 1997 1010 tem
2039 967 2092 1010 et
2134 961 2479 1030 adoptionem
2525 983 2687 1037 quam
2743 969 3031 1036 ipsummet
3072 972 3302 1027 essentia
3347 990 3454 1029 non

1892 1048 2112 1115 habuit,
2163 1053 2322 1108 alteri
2375 1071 2632 1124 prmslare
2689 1075 2794 1117 non
2841 1072 3045 1130 potest;
3104 1071 3159 1118 at
3221 1064 3457 1136 Spiritus

1890 1141 2193 1196 libertatem
2244 1144 2480 1213 impertit
2522 1161 2574 1204 et
2601 1153 2971 1222 adoritionem:
3005 1153 3200 1209 clamat
3229 1172 3458 1226 namque

1893 1230 1943 1284 in
1980 1233 2179 1287 nostris
2218 1235 2474 1290 cordibus
2524 1238 2792 1308 Spiritus:
2829 1243 3000 1309 Abba,
3052 1242 3249 1310 Pater;
3297 1263 3458 1315 quare

1884 1323 2001 1390 jam
2034 1342 2135 1378 non
2168 1342 2221 1378 es
2251 1342 2455 1395 serrus,
2484 1333 2572 1382 sed
2601 1331 2742 1398 ﬁlius
2767 1336 2850 1401 77;
2891 1351 2994 1390 non
3027 1345 3110 1390 est
3147 1351 3275 1406 ergo
3304 1352 3453 1391 crea-

1893 1422 2033 1468 tura.
2056 1415 2208 1469 Nulla
2238 1427 2486 1472 creatura
2511 1419 2581 1472 ita
2611 1426 3073 1483 communicabilis
3103 1438 3185 1483 est
3211 1427 3455 1482 rationali

1889 1505 2108 1571 aniuue,
2140 1517 2196 1561 ut
2241 1507 2295 1561 in
2337 1509 2452 1577 ipsa
2499 1512 2861 1566 essentialiter
2898 1517 3158 1574 inhabitet
3188 1536 3201 1572 :
3235 1529 3458 1574 sanctus

1889 1609 2013 1648 vero
2042 1597 2277 1666 Spiritus
2321 1601 2373 1655 in
2417 1616 2479 1656 ea
2531 1603 2822 1672 inhabitat,
2869 1609 3163 1662 secundum
3208 1616 3453 1679 eumqui

1885 1685 2017 1738 dicit
2051 1706 2064 1740 :
2102 1687 2368 1754 Templum
2405 1693 2502 1748 Dei
2530 1710 2745 1761 sumus,
2790 1709 2836 1749 et
2868 1695 3095 1765 Spiritus
3129 1699 3223 1752 Dei
3262 1703 3456 1755 habitat

219 1774 278 1823 in
318 1774 464 1825 nobis
491 1771 577 1825 7°:
613 1787 715 1826 non
751 1783 982 1844 estergo
1005 1782 1275 1828 creatura.
1305 1770 1484 1828 Virtus
1544 1788 1606 1828 ac
1662 1774 1851 1830 vitium
1896 1776 1948 1830 in
1989 1793 2200 1834 omnem
2244 1795 2544 1841 creaturam
2595 1788 2913 1844 rationalem
2956 1800 3179 1860 possunt
3210 1791 3403 1847 cadere
3437 1813 3452 1848 :

221 1862 358 1916 nihil
395 1873 572 1918 autem
602 1865 791 1918 horum
825 1876 1003 1934 potest
1041 1866 1094 1920 in
1137 1864 1394 1932 Spiritum
1465 1866 1660 1921 cadere
1691 1888 1705 1921 :
1740 1883 1844 1921 non
1885 1879 1968 1924 est
2011 1885 2140 1939 ergo
2186 1874 2421 1942 Spiritus
2455 1890 2725 1936 creatura.
2755 1881 2822 1936 Et
2846 1897 3180 1954 quaecunque
3219 1898 3379 1937 unam
3405 1894 3461 1939 et

223 1960 476 2016 eamdem
505 1977 630 2016 esse
649 1963 1014 2030 operationem
1045 1970 1244 2016 sanetze
1275 1973 1337 2012 ac
1369 1959 1539 2014 beata:
1587 1959 1865 2019 Trinitatis
1899 1969 2208 2035 ostendunt,
2244 1971 2380 2025 idem
2413 1975 2663 2042 probant.

567 2057 695 2108 ’Ὀτι
722 2057 1082 2126 δημιουργὸν
1102 2057 1167 2109 τὸ
1185 2054 1449 2123 Πνεῦμα.

299 2152 363 2201 Ol
394 2148 632 2213 οὐρανοὶ
663 2147 1002 2215 διηγοῦνται
1033 2147 1220 2210 δόξαν
1247 2147 1415 2208 Θεοῦ,
1463 2146 1712 2216 ποίησιν
1730 2146 1798 2199 δὲ

221 2232 442 2302 χειρῶν
491 2233 675 2286 αὐτοῦ
727 2232 1081 2301 ἀναγγέλλει
1128 2235 1193 2286 τὸ
1227 2233 1562 2304 στερέωμα·
1613 2237 1705 2289 καὶ
1744 2237 1800 2288 ἐν

222 2327 398 2395 ἑτέρῳ
416 2323 544 2379 ’Καὶ
568 2325 708 2392 ἔργα
735 2323 850 2376 τῶν
888 2323 1098 2393 χειρῶν
1135 2326 1247 2380 σού
1272 2329 1430 2380 εἰσιν
1459 2331 1512 2382 οἱ
1535 2327 1796 2396 οὐρανοί.

221 2419 337 2469 Καὶ
385 2418 526 2481 τίνες
555 2418 619 2471 ἂν
651 2411 760 2469 εἷεν
790 2417 922 2470 Θεοῦ
959 2419 1248 2488 ἀσωμάτου
1286 2420 1565 2490 ἀσώματοι.
1600 2421 1797 2490 χεῖρες,

220 2511 279 2561 αἱ
311 2509 373 2561 τὸ
403 2511 684 2581 στερέωμα
722 2509 815 2562 καὶ
851 2511 976 2574 τοὺς
1013 2512 1271 2582 οὐρανοὺς
1301 2512 1796 2582 δημιουργήσασαι,

220 2601 392 2664 αὐτὸς
423 2604 450 2654 ὁ
476 2603 762 2674 Προφήτης
804 2602 1093 2672 ἐρμηνεύει
1131 2603 1320 2671 λέγων·
1368 2600 1451 2665 Τῷ
1482 2601 1640 2670 λόγῳ
1689 2605 1801 2654 Κυ-

212 2697 360 2761 ρίου
390 2697 442 2748 οί
475 2696 716 2763 οὐρανοὶ
756 2694 1225 2761 ἐστερεώθησαν,
1259 2695 1355 2746 καὶ
1386 2692 1465 2759 τῷ
1507 2696 1801 2764 Πνεύματι

222 2785 336 2836 τοῦ
353 2788 641 2855 στόματος
670 2787 853 2840 αὐτοῦ
874 2786 1038 2838 πᾶσα
1062 2788 1098 2852 7)
1125 2786 1374 2854 δύναμις
1395 2785 1610 2841 αὐτῶν.
1662 2787 1800 2839 Ἀλλ’

221 2878 417 2947 ὥσπερ
455 2880 514 2930 οὐ
563 2879 891 2948 προφορικδς
931 2878 1084 2945 λόγος
1123 2879 1178 2930 ἐν
1224 2879 1299 2948 τῷ
1329 2879 1465 2947 Θεῷ,
1501 2879 1636 2931 ἀλλὰ
1693 2879 1799 2944 ζῶν

222 2967 327 3020 καὶ
361 2967 699 3038 ὑφεστηκὼς,
736 2971 826 3021 καὶ
858 2968 965 3020 τῶν
992 2969 1124 3021 ὅλων
1157 2969 1477 3040 δραστήριος
1497 2985 1510 3000 ο
1543 2969 1712 3031 οὕτως
1744 2971 1800 3021 ἐν

220 3060 308 3130 τῷ
338 3059 454 3130 Θεῷ
475 3062 534 3113 οὺ
562 3060 782 3130 πνεῦμα
806 3061 1171 3132 διαχεόμενον,
1206 3062 1265 3114 οὐ
1295 3061 1641 3131 διαλυόμενος
1669 3059 1797 3131 ἀὴρ,

223 3153 366 3206 ἀλλὰ
396 3154 622 3224 δύναμις
661 3153 975 3223 ἁγιαστικὴ,
1013 3152 1270 3217 ἐνούσιος,
1310 3153 1667 3224 ἐνύπαρκτος,
1715 3154 1799 3204 ἐν·

223 3246 545 3308 υπόστατος.
582 3251 648 3298 Αἱ
682 3245 873 3311 χεῖρές
906 3262 1020 3298 σου
1055 3247 1351 3312 ἐποίησάν
1368 3263 1463 3315 με,
1495 3246 1589 3299 καί
1617 3247 1798 3299 ἔπλα-

556 3361 566 3385 Ι

223 3336 353 3391 σάν
385 3353 457 3404 με
488 3337 617 3403 (87).
655 3337 762 3388 Καὶ
807 3337 923 3388 τόδε
963 3336 1022 3387 τὸ
1052 3337 1212 3406 ῥητὸν
1241 3338 1337 3405 τὴν
1372 3337 1538 3407 αὐτὴν
1574 3337 1690 3406 ἔχει

2307 2065 2458 2130 Quod
2487 2066 2716 2138 Spiritus
2747 2079 2950 2124 creator
2975 2079 3049 2125 est

1971 2152 2099 2208 Caeli
2132 2167 2379 2210 euarrant
2422 2159 2643 2228 gloriam
2687 2161 2800 2226 Dei,
2823 2171 2871 2216 et
2907 2177 3031 2230 opus
3061 2177 3309 2216 manuum
3345 2161 3462 2230 ejus

1901 2246 2180 2299 annuntiat
2209 2247 2595 2315 ﬁrmamentum
2621 2251 2698 2316 "’;
2731 2261 2782 2305 et
2812 2251 2864 2306 in
2897 2253 3003 2307 alio
3030 2272 3043 2307 :
3081 2251 3145 2306 Et
3173 2266 3329 2321 opera
3357 2267 3462 2305 ma-

1901 2351 2060 2390 nuum
2090 2349 2300 2392 tuarum
2334 2350 2454 2393 sunt
2489 2341 2606 2395 σιείὶ
2637 2340 2705 2396 ⁸⁸.
2752 2341 2815 2395 Et
2853 2359 2972 2412 qua
3000 2345 3105 2398 sint
3146 2343 3236 2398 Dei
3283 2345 3461 2396 incor-

1904 2429 2049 2495 porei
2077 2429 2408 2496 iucorporeae
2428 2447 2638 2497 manus,
2664 2449 2782 2503 qua:
2803 2433 3194 2488 firmamentum
3222 2445 3275 2489 et
3295 2435 3461 2489 oculos

1902 2517 2171 2583 crearint,
2206 2515 2474 2585 Propheta
2526 2522 2638 2590 ipse
2671 2523 3058 2592 interpretatur
3106 2539 3227 2576 cum
3279 2525 3457 2578 dicit:

1912 2600 2076 2656 Verbo
2104 2602 2310 2658 Domini
2336 2606 2448 2658 caeli
2476 2607 2677 2674 ﬁrmati
2698 2617 2853 2675 sunt,
2891 2621 2938 2663 et
2975 2607 3181 2677 Spiritu
3208 2610 3312 2664 oris
3348 2609 3462 2677 eius

1905 2694 2076 2749 omnis
2115 2695 2278 2749 rirtus
2325 2714 2499 2751 eorum
2526 2699 2594 2751 εί.
2641 2701 2712 2754 At
2744 2700 3194 2770 quemadmodum
3247 2711 3464 2756 nonest

1902 2788 2123 2842 verhmn
2150 2790 2479 2859 prolatitium
2502 2794 2554 2844 in
2579 2792 2706 2854 Deo,
2732 2795 2825 2847 sed
2850 2794 3031 2848 vivens
3053 2803 3106 2848 et
3134 2794 3460 2858 subsistens,

1899 2879 2112 2947 etquod
2156 2883 2409 2934 universa
2443 2879 2569 2933 fecit
2597 2901 2609 2935 :
2641 2883 2719 2936 sic
2754 2884 2806 2936 in
2840 2885 2945 2937 Deo
2973 2900 3079 2937 non
3121 2895 3204 2937 est
3237 2884 3463 2954 spiritus

1900 2971 1989 3039 qui
2023 2970 2369 3036 diﬂ'nndatur,
2403 2987 2507 3024 non
2538 2987 2632 3025 aer
2657 2974 2745 3041 qui
2775 2973 3136 3028 dissolvatur:
3168 2976 3260 3029 sed
3291 2976 3462 3031 virtus

1901 3063 2247 3116 sanctiﬁcans
2274 3103 2288 3127 ,
2318 3063 2368 3116 in
2402 3079 2459 3117 se
2489 3065 2859 3120 substantialis
2879 3105 2893 3130 .
2919 3067 2970 3121 in
3001 3081 3058 3122 se
3081 3068 3372 3135 exsistens,
3408 3068 3461 3122 in

1901 3171 1959 3209 se
1980 3155 2300 3210 subsistens.
2343 3154 2534 3211 Manus
2575 3169 2679 3212 tute
2708 3159 2938 3227 fecerunt
2969 3177 3080 3228 me,
3107 3173 3152 3215 et
3179 3160 3464 3232 plasmare-

1902 3261 2022 3300 runt
2053 3265 2133 3303 me
2164 3248 2231 3302 ".
2279 3247 2345 3304 Et
2384 3251 2482 3305 hoc
2530 3253 2729 3305 dictum
2765 3252 3172 3324 intelligentiam
3219 3257 3461 3309 eamdem

1903 3341 2099 3406 habet,
2153 3357 2312 3410 quam
2371 3343 2699 3411 praecedens.
2757 3341 2986 3410 Spiritus
3041 3344 3177 3396 enim
3223 3345 3460 3410 divinus,

227 3428 595 3500 προρῥηθέντι
641 3429 894 3481 διάνοιαν.
946 3429 1187 3497 Πνεῦμα
1220 3431 1325 3497 γὰρ
1354 3406 1532 3492 θεῖοιιι,
1577 3429 1738 3499 φησὶν
1770 3431 1798 3481 ὁ

1899 3434 2074 3501 inquit
2105 3433 2205 3488 Joh
2226 3476 2239 3497 ,
2267 3436 2355 3505 qui
2399 3434 2519 3497 fecit
2552 3450 2630 3488 me
2662 3435 2729 3489 ⁸³.
2765 3435 2942 3506 Atque
2986 3450 3200 3489 manum
3233 3437 3458 3492 alteram

241 3521 387 3584 Ἰὼϐ,
431 3520 495 3574 τὸ
540 3519 806 3588 ποιῆσάν
823 3539 916 3589 με.
949 3522 1056 3573 Καὶ
1078 3521 1176 3589 τὴν
1200 3520 1361 3590 ἄλλην
1388 3523 1543 3590 χεῖρα
1577 3519 1802 3590 σαφηνί-

228 3614 342 3676 ζων
373 3611 617 3683 Σολομὼν
666 3628 831 3681 φησι·
871 3611 976 3665 Θεὲ
1019 3612 1285 3678 πατέρων
1333 3610 1429 3663 καὶ
1481 3610 1655 3678 Κύριε
1699 3609 1804 3663 τοῦ

227 3705 444 3769 ἐλέους
471 3722 605 3766 σου,
633 3708 663 3758 d
685 3705 944 3772 ποιήσας
971 3705 1042 3756 τὰ
1059 3702 1253 3755 πάντα
1276 3703 1344 3755 ἐν
1362 3703 1438 3755 .10'
1446 3717 1521 3769 γῳ
1545 3717 1679 3763 σου,
1705 3702 1804 3755 καὶ

227 3792 310 3861 τῇ
337 3798 516 3861 σοφίᾳ
549 3813 663 3849 σου
704 3793 1162 3858 κατασκευάσας
1187 3793 1291 3846 τόν
1311 3794 1638 3861 ἄνθρωπον.
1670 3795 1804 3863 Χρι-

232 3886 360 3949 στὸς
389 3886 444 3938 δὲ
465 3887 598 3938 Θεοῦ
619 3887 864 3958 δύναμις,
897 3888 989 3940 καὶ
1014 3884 1147 3939 Θεοῦ
1179 3886 1359 3953 σοφία,
1389 3885 1508 3955 ἥτις
1540 3885 1656 3938 ἐστὶ
1685 3887 1805 3955 χεὶρ

227 3982 594 4051 δημιουργικὴ
647 3980 786 4032 κατὰ
838 3982 929 4033 τὸν
976 3983 1074 4051 τῆς
1109 3980 1464 4051 τροπολογίας
1505 3979 1680 4048 λόγον.
1729 3979 1803 4031 Οὐ

237 4073 348 4142 μὴν
377 4071 510 4124 ἀλλὰ
541 4072 628 4125 καὶ
660 4071 972 4140 Πνεῦματος
995 4072 1226 4142 ἐργασίᾳ
1259 4072 1355 4141 τὴν
1379 4071 1508 4138 ὃλην
1541 4070 1695 4138 ἡμῶν
1714 4070 1806 4121 ἀν-

233 4164 391 4217 ἐΟετο
435 4164 613 4233 φύσιν,
665 4163 756 4216 καὶ
784 4164 1209 4216 ἀνακαινωτικὸν
1253 4163 1382 4215 αὐτὸ
1424 4162 1522 4231 τῆς
1551 4161 1806 4231 δημιουρ-

232 4256 362 4323 γίας
400 4258 477 4318 εἰς
516 4255 819 4326 ἀφθαρσίαν
846 4256 1052 4323 φησὶνὸ
1082 4255 1271 4321 λόγος’
1324 4251 1694 4316 Ἀντανελεῖς
1741 4249 1807 4303 τὸ

233 4346 471 4414 πνεῦμα
502 4347 716 4412 αὐτῶν,
744 4346 839 4399 καὶ
866 4347 1241 4414 ἑχλείψουσι,
1286 4345 1380 4397 καὶ
1403 4347 1489 4407 εὶς
1516 4342 1622 4394 τὸν
1658 4341 1808 4410 χοῦν

233 4440 436 4496 αὐτῶν
465 4442 961 4510 ἐπιστρέφουσιν
996 4439 1424 4504 ἑξαποστελεῖς
1457 4437 1523 4490 τὸ
1564 4435 1808 4505 Πνεῦμά

234 4551 376 4596 σου,
407 4534 502 4586 καὶ
533 4534 976 4599 κτισθήσονται,
1005 4535 1101 4587 καὶ
1130 4531 1490 4597 ἀνακαινιεῖς
1530 4531 1594 4583 τὸ
1625 4529 1808 4597 πρόσ-

235 4641 402 4679 ωπον
433 4623 541 4693 τῆς
570 4623 698 4694 γῆς.
738 4627 811 4678 Οὐ
846 4625 1015 4696 δήπου
1055 4625 1110 4675 δὲ
1138 4625 1296 4687 αὐτὸς
1322 4623 1511 4677 ἑαυτὸν
1540 4623 1650 4689 (88)
1681 4622 1810 4674 ἁπο-

1899 3541 2173 3594 exponens
2225 3525 2476 3579 Salomon
2524 3525 2639 3579 ait:
2699 3525 2836 3580 Dens
2875 3537 3082 3595 patrum
3145 3539 3192 3583 et
3240 3528 3464 3584 Domine

1901 3616 2273 3668 misericordia!
2308 3627 2412 3669 ture
2432 3655 2447 3678 ,
2487 3617 2576 3686 qui
2600 3617 2767 3682 fecisti
2809 3618 2984 3670 omnia
3005 3618 3058 3672 in
3083 3620 3230 3673 uerbo
3256 3630 3344 3673 tuo
3366 3661 3382 3682 ,
3414 3633 3462 3674 et

1905 3707 2164 3774 sapientia
2195 3719 2284 3759 tua
2328 3711 2668 3761 construxisti
2698 3709 2955 3762 hominem
2994 3707 3059 3763 ⁸⁸.
3092 3710 3336 3765 Christus
3366 3727 3465 3764 au-

1906 3808 2012 3853 tem
2053 3809 2134 3854 est
2160 3800 2250 3854 Dei
2278 3804 2514 3869 potentia
2548 3811 2600 3854 et
2621 3801 2709 3855 Dei
2743 3801 3004 3868 sapientia
3027 3800 3094 3865 '5,
3124 3816 3244 3870 qum
3270 3817 3465 3856 secun-

1901 3891 2028 3945 dum
2063 3891 2376 3960 tropologia:
2416 3891 2676 3944 rationem
2712 3905 2900 3944 manus
2939 3894 3173 3944 creatrix
3208 3903 3310 3946 est.
3348 3890 3462 3946 iam

1902 3997 2029 4034 vero
2072 3991 2238 4035 totam
2287 3992 2526 4034 nostram
2587 3990 2835 4034 naturam
2888 3981 3186 4048 operationi
3234 3979 3466 4050 Spiritus

1905 4074 2113 4136 tribuit,
2149 4073 2432 4140 ipsumque
2467 4072 2744 4140 Scriptura
2777 4074 2908 4127 dicit
2938 4084 3309 4127 renovatorem
3351 4075 3466 4142 opi-

1908 4163 2014 4216 licii
2047 4176 2164 4215 esse
2195 4162 2260 4215 ad
2309 4163 2768 4229 incorruptionem
2797 4182 2809 4217 :
2856 4163 3075 4232 Auferes
3104 4164 3340 4232 spiritum
3387 4182 3468 4218 eo-

1904 4267 2018 4304 rum
2041 4290 2055 4314 ,
2085 4260 2131 4304 et
2161 4251 2399 4318 deﬁcient
2420 4293 2434 4317 ,
2464 4262 2510 4306 et
2552 4253 2605 4305 in
2632 4252 2891 4320 puluerem
2933 4269 3084 4306 suum
3114 4265 3465 4320 revertentur;

1907 4345 2105 4396 emittes
2157 4341 2405 4410 Spiritum
2441 4354 2619 4408 tuum,
2658 4353 2704 4395 et
2748 4345 3082 4406 creabantur,
3116 4354 3162 4399 et
3199 4347 3464 4401 renovabis

1908 4435 2095 4503 faciem
2126 4445 2278 4488 terra:
2304 4435 2370 4488 ⁸⁸.
2409 4431 2519 4488 Nec
2541 4434 2682 4488 enim
2710 4433 2936 4502 ipsemet
2983 4435 3218 4505 seipsum
3248 4438 3412 4491 mittit
3450 4460 3460 4492 :

1907 4527 1998 4578 sed
2025 4527 2331 4580 missionem
2361 4536 2518 4579 vocat
2557 4526 2939 4581 demissionem
2975 4528 3041 4581 ad
3086 4543 3241 4596 opus,
3281 4545 3386 4585 non
3435 4546 3466 4585 e

1910 4618 2022 4672 loco
2065 4619 2129 4672 ad
2160 4619 2331 4672 locum
2367 4619 2671 4674 transitum.
2697 4617 2953 4682 Quoniam
2996 4619 3222 4689 Spiritus
3252 4621 3466 4675 Domini

312 4787 355 4816 ⁷⁸
388 4786 523 4839 Psal.
556 4802 742 4841 cum.
778 4785 867 4838 9|.
920 4784 1152 4836 "Galal.
1185 4784 1406 4844 tv,6,7.
1446 4784 1492 4814 ⁷⁸
1526 4782 1539 4834 I
1574 4782 1699 4834 Cor.
1732 4796 1790 4833 ιιι

1899 4779 1935 4831 5,
1963 4775 2034 4844 7"
2071 4771 2213 4826 Psal.
2245 4786 2399 4844 xvnt.
2425 4771 2565 4844 2.7“?
2587 4773 2726 4826 Psal.
2752 4772 2931 4833 43,26.
2969 4774 3009 4803 '“
3041 4773 3179 4826 Psal.
3213 4789 3385 4839 xxxii,
3411 4774 3462 4828 6.

237 4857 283 4887 ⁸³
318 4855 417 4909 Joh
458 4874 518 4918 κ,
549 4857 601 4910 8.
678 4857 723 4887 ⁸³
752 4856 852 4910 Job
883 4871 1076 4917 χχχιιι,
1124 4854 1175 4906 4.
1255 4854 1300 4884 ⁸⁵
1341 4854 1470 4920 Sap.
1526 4869 1615 4916 ιιι,
1647 4855 1701 4915 1,
1750 4851 1804 4903 2.

309 4988 420 5054 (85)
459 4989 595 5043 Editi
618 4989 787 5058 ἑτέρῳ
814 4988 1087 5058 παρέχειν.
1116 4989 1184 5040 At
1220 4997 1388 5042 llOSlt‘l
1420 4997 1624 5056 septem
1659 4999 1788 5039 mss.

236 5059 470 5111 ὀοέγειν.

273 5076 594 5198 ρῗέῖῗὲιίίιί
628 5129 767 5181 ὥστε
792 5129 889 5180 οὐκ
922 5127 1035 5179 ἔστι
1076 5126 1278 5189 δοῦλος.
1331 5126 1509 5181 Codex
1551 5125 1702 5198 Coll).
1747 5132 1800 5176 et

237 5197 380 5252 alter
437 5197 630 5267 Regius
688 5209 746 5252 ut
793 5201 843 5252 in
897 5209 1183 5262 contextu;
1219 5213 1318 5252 nec
1356 5198 1513 5251 aliter
1552 5197 1603 5250 in
1645 5209 1801 5250 sacro

239 5279 387 5324 textu
417 5269 627 5328 legitur.

314 5338 428 5408 (85)
471 5334 688 5408 Veteres
725 5338 940 5404 quidam
989 5336 1109 5390 libri
1149 5345 1205 5390 et
1247 5337 1376 5408 editi
1437 5332 1796 5408 ἐνοικίζεσθαι

237 5406 522 5462 αὑτό.Ἀ1ἰι
553 5407 721 5476 αὐτῷ.
754 5408 884 5473 Reg.
938 5419 1161 5474 quartus
1220 5407 1377 5476 αὐτῇ.
1434 5407 1558 5459 Sive
1606 5406 1799 5476 legerit

237 5480 360 5548 quis
385 5477 534 5548 a036,
573 5479 686 5532 sive
711 5477 874 5548 αὐτῇ,
907 5487 1252 5548 peccaturum
1281 5494 1385 5529 non
1417 5486 1564 5548 pulo.

313 5548 424 5615 (86)
463 5547 655 5600 Totum
691 5543 964 5610 illud,xat
996 5545 1294 5615 ὄσαμίαν,
1321 5543 1452 5607 ειοζ,
1483 5545 1551 5599 ad
1585 5543 1795 5615 titulum

239 5614 433 5686 usque,
459 5617 756 5670 addidimus
778 5632 839 5670 ex
871 5619 1071 5669 nostris
1097 5614 1299 5684 septem
1325 5615 1618 5670 codicibus.
1646 5614 1796 5678 Quod

238 5691 283 5744 si
320 5687 551 5754 cuipiam
600 5701 805 5738 merum
861 5686 1124 5755 glossema
1154 5703 1274 5741 esse
1319 5687 1593 5755 videatur,
1638 5697 1799 5755 omne

240 5760 292 5812 id
328 5773 356 5810 e
387 5753 636 5809 contextu
671 5772 826 5811 manu
858 5753 952 5812 sua
978 5757 1154 5811 delere
1210 5765 1261 5812 et
1294 5758 1346 5812 in
1377 5771 1526 5811 oram
1553 5753 1672 5808 libri
1706 5768 1799 5806 ex-

240 5841 454 5896 portari:
495 5827 707 5896 pulerit.

1879 4843 1973 4897 ⁸⁸1
2038 4847 2162 4899 Cor.
2218 4858 2252 4900 I.
2301 4842 2391 4895 24.
2466 4841 2682 4896 "Psal.
2737 4858 2829 4897 cm
2909 4844 2998 4898 29.

1973 4981 2087 5050 (87)
2127 4979 2266 5051 Editi
2299 4989 2354 5032 et
2385 4979 2660 5051 duo‘ﬂegii
2686 4980 2749 5032 Αἱ
2779 4979 2960 5049 χεῖρές
2989 4995 3081 5030 σου
3108 4977 3346 5033 ἕπ).ασάν
3375 4997 3464 5051 με,

1904 5048 1996 5105 καὶ
2025 5048 2288 5119 ἐποίησάν
2322 5067 2422 5119 με,
2455 5048 2644 5102 Manus
2691 5048 2809 5102 tua?
2833 5054 3222 5119 plasma-erunt
3271 5048 3387 5111 me,
3415 5063 3466 5106 et

1900 5124 2131 5192 fecerunt
2158 5117 2270 5192 me,’
2295 5117 2348 5172 et
2362 5123 2440 5192 ita
2462 5120 2655 5192 legitur
2681 5119 2820 5192 apud
2840 5117 2940 5192 Job
2962 5118 3282 5192 x._8.Codex
3310 5122 3462 5176 Coll».

1898 5187 1951 5245 et
1974 5192 2064 5245 alii
2094 5202 2203 5245 tres
2243 5189 2391 5260 Regii
2448 5187 2536 5242 ΑΓ
2562 5189 2741 5260 χεῖρές
2775 5206 2867 5241 σου
2903 5187 3163 5259 ἐποίησάν
3219 5208 3317 5260 με,
3372 5192 3467 5245 καὶ

1895 5261 2136 5316 ἔπλασάν
2169 5277 2255 5330 με,
2279 5259 2465 5313 Manus
2487 5272 2590 5312 tua:
2620 5259 2850 5325 fecerunt
2881 5276 2986 5330 me,
3017 5271 3062 5313 et
3082 5259 3464 5330 plasniavernnt

1896 5350 1975 5386 me
2006 5350 2024 5385 :
2056 5333 2146 5399 qui
2173 5328 2472 5384 verborum
2508 5330 2643 5383 ordo
2670 5340 2920 5383 servatur
2951 5328 3005 5382 in
3042 5328 3248 5398 pSaltno
3269 5347 3461 5397 cum,

1898 5418 1948 5456 v.
1991 5403 2076 5455 75.

1969 5473 2080 5542 (88)
2117 5471 2256 5524 Edili
2286 5469 2417 5542 αὐτὸ
2439 5469 2615 5523 ἑαυτό.
2642 5471 2709 5524 At
2729 5470 2894 5524 nostri
2914 5481 3116 5538 septem
3145 5487 3273 5524 mss.
3301 5471 3465 5534 αὐτὸς

1900 5541 2088 5612 ἑαυτόν
2120 5557 2134 5612 ᾖ
2171 5542 2258 5612 ubi
2291 5541 2652 5612 subaudienda
2694 5552 2776 5612 est
2806 5551 2898 5593 aut
2920 5557 3034 5612 vox
3067 5542 3331 5612 Χριστός,
3376 5552 3466 5596 aut

1899 5629 1998 5664 vox
2033 5611 2183 5672 Θεός.
2221 5611 2398 5663 Codex
2431 5610 2582 5664 Colb.
2619 5611 2804 5665 habuit
2842 5611 3055 5677 quidem
3087 5610 3258 5678 prima
3301 5628 3460 5664 manu

1900 5682 2060 5744 αὐτὸς
2087 5681 2295 5732 ἑαυτῶν
2328 5697 2337 5706 ·
2371 5683 2462 5733 sed
2490 5683 2708 5751 antiqua
2738 5698 2897 5735 manu
2946 5687 3262 5736 emendatus
3303 5683 3466 5737 habet

1901 5769 2040 5807 nunc
2081 5751 2238 5815 αὐτὸς
2265 5751 2473 5803 ἑαυτόν.
