4088 6318
641 375 746 433 715

1971 372 2027 423 S.
2064 368 2304 421 BASILH
2343 368 2558 421 MAGNI
3759 362 3870 417 7‘!3

629 487 843 554 replevit
876 483 1045 533 orbem
1070 491 1350 539 terrarum,
1387 489 1434 529 et
1458 479 1554 530 hoc
1575 477 1712 544 quod
1741 479 1964 530 continet
1988 479 2160 530 omnia
2179 516 2193 538 ,

2303 478 2505 528 στέλλει
2533 495 2543 504 ·
2576 475 2872 542 ἀποστολὴν
2898 475 2952 525 δὲ
2978 476 3131 527 καλεί
3157 475 3250 546 τὴν
3279 473 3405 543 πρὸς
3430 472 3487 523 τὸ
3516 473 3676 540 ἔργον
3697 479 3867 532 αὐτοῦ

629 573 896 628 scientiam
945 568 1092 618 habet
1134 569 1270 619 vocis
1313 566 1378 618 ⁸⁷.
1429 564 1494 617 Ει
1540 564 1758 632 angelus
1801 567 1866 619 ad
1918 567 2182 619 Mariam:

629 663 856 733 Spiritus
927 656 1141 712 Domini
1212 657 1538 720 superreniet
1616 657 1669 709 in
1723 665 1809 721 te,
1877 663 2188 726 quapropter

621 765 672 808 nt
725 751 828 802 hoc
883 747 1023 814 quod
1074 757 1347 810 nascetur,
1407 762 1472 799 ex
1531 743 1732 810 Spiritu
1782 746 1947 818 298
2008 753 2185 799 sancto

626 851 702 896 est
750 839 817 891 ⁸⁸.
867 837 1022 904 Quod
1093 850 1158 890 ex
1215 834 1395 905 aliquo
1445 845 1568 900 est,
1629 834 1678 890 id
1736 837 1804 892 ab
1857 855 1921 893 eo
1974 845 2057 890 est
2105 835 2186 890 vel

628 947 724 1002 per
770 929 1056 986 creationis
1089 927 1329 993 modum,
1373 936 1431 980 ut
1485 925 1612 979 illud
1643 943 1656 978 :
1689 924 1836 982 Unus
1867 929 2002 981 Deus
2032 924 2190 980 Pater

627 1037 692 1080 es
713 1037 814 1091 quo
850 1019 1026 1073 omnia
1057 1016 1134 1083 ";
1165 1028 1258 1072 aut
1296 1030 1390 1085 per
1429 1016 1644 1070 modum
1687 1017 2064 1087 generationis,
2101 1032 2190 1071 se-

620 1114 861 1181 cundum
894 1110 1022 1165 illud
1057 1123 1072 1164 :
1105 1108 1218 1180 Ego
1245 1124 1309 1162 ex
1345 1106 1504 1160 Patre
1548 1109 1687 1163 exivi
1709 1111 1788 1177 ’°;
1825 1119 1878 1164 et
1914 1108 2078 1163 illud:
2109 1109 2193 1163 EI-

628 1217 774 1260 utero
798 1214 918 1257 ants
943 1202 1219 1271 luciferum
1259 1199 1414 1267 genui
1446 1199 1597 1266 te“;
1638 1216 1739 1255 non
1794 1200 1934 1270 quod
1977 1209 2190 1254 uterum

629 1297 769 1352 Deus
789 1294 1003 1357 habeat,
1031 1293 1121 1347 sed
1148 1291 1290 1358 quod
1319 1291 1533 1359 genuini
1568 1301 1621 1346 et
1646 1307 1749 1346 non
1783 1290 1928 1343 nothi
1956 1289 2095 1344 fetus
2127 1305 2191 1346 ex

629 1399 783 1443 utero
813 1393 1091 1454 parentum
1124 1382 1370 1452 generari
1413 1383 1639 1446 soleant,
1683 1392 1966 1450 propterea
1999 1381 2194 1436 habere

629 1494 689 1534 se
717 1479 767 1531 in
799 1475 1348 1548 generandoatterum
1376 1473 1506 1528 dixit
1538 1473 1699 1532 Deus,
1732 1472 1797 1525 ad
1823 1471 2192 1527 confusionem

630 1568 935 1639 impiorum,
964 1574 1019 1618 ut
1060 1564 1137 1618 vel
1168 1578 1262 1618 sua
1321 1565 1554 1634 ipsorum
1598 1571 1795 1615 natura
1832 1563 2194 1628 considerata,

631 1663 838 1716 discant
881 1657 1074 1712 Filium
1121 1654 1357 1709 fructum
1385 1669 1504 1710 esse
1555 1652 1730 1708 Patris
1776 1657 2086 1723 genuinum,
2115 1665 2198 1708 ut-

631 1761 754 1820 pote
768 1767 832 1804 ex
853 1749 970 1817 ejus
991 1757 1146 1802 utero
1170 1755 1554 1818 emergentem.
1571 1745 1719 1812 Quod
1745 1745 1924 1817 itaque
1938 1762 2000 1801 ex
2020 1748 2196 1815 aliquo

633 1849 738 1904 est,
774 1841 824 1893 id
853 1849 946 1892 aut
993 1854 1087 1908 per
1111 1838 1400 1893 creationis
1449 1838 1690 1904 modum,
1727 1850 1818 1893 aut
1855 1855 1950 1909 per
1979 1841 2193 1892 modum

629 1929 1016 2000 generationis,
1061 1941 1152 1982 aut
1196 1937 1384 1998 sponte
1414 1937 1620 1982 natura:
1668 1945 1733 1984 ex
1765 1931 1881 1998 ipso
1919 1940 2021 1994 est,
2051 1930 2196 1982 velut

629 2019 873 2087 operatio
915 2028 1100 2075 nostra
1139 2035 1202 2073 es
1256 2018 1430 2080 nobis,
1464 2027 1556 2073 aut
1604 2019 1747 2074 velut
1789 2019 2040 2085 splendor
2067 2019 2197 2073 solis

631 2126 696 2170 ex
727 2113 859 2181 ipso.
891 2113 1076 2181 Itaque
1125 2111 1166 2163 si
1216 2113 1710 2178 supermnndanum
1752 2110 1956 2164 Christi
2002 2125 2197 2179 corpus

630 2221 699 2261 ex
744 2208 946 2275 Spiritu
991 2213 1175 2262 sancto
1209 2215 1310 2268 est,
1353 2221 1460 2260 non
1503 2215 1683 2257 tamen
1735 2205 1979 2273 genitura
2033 2205 2198 2272 ipsius

630 2309 750 2349 esse
780 2303 952 2362 potest
971 2311 983 2359 ;
1002 2293 1429 2362 quandoquidem
1450 2291 1603 2358 Quod
1635 2302 1814 2346 natum
1836 2303 1906 2346 est
1929 2310 1991 2346 ex
2018 2310 2194 2360 carne,

632 2401 754 2442 Caro
775 2395 890 2440 est:
921 2394 966 2439 et
1005 2385 1139 2455 quod
1160 2397 1336 2437 natum
1355 2395 1428 2438 est
1454 2403 1518 2439 ex
1534 2387 1742 2453 spiritu,
1783 2385 2001 2454 spiritus
2032 2397 2105 2440 est
2129 2386 2195 2439 ”.

633 2477 816 2550 Neque
848 2494 1034 2534 rursus
1061 2491 1124 2532 ex
1151 2478 1268 2548 ipso
1293 2478 1435 2533 velut
1479 2479 1724 2548 operatio
1759 2479 1949 2548 ipsius,
1987 2481 2113 2550 quia
2145 2480 2196 2532 in

634 2572 862 2640 simplici
918 2581 971 2626 et
1018 2571 1329 2639 incorporea
1361 2579 1549 2624 natura
1584 2571 1827 2624 eamdem
1883 2572 2199 2626 substantia:

633 2663 893 2717 rationem
927 2666 1171 2732 operatio
1215 2663 1459 2729 suscipit.
1507 2663 1849 2726 Relinquitur
1883 2680 2012 2733 ergo
2047 2675 2105 2718 ut
2131 2681 2196 2718 ex

633 2755 750 2822 ipso
777 2753 845 2808 sit
889 2763 1157 2823 tanquam,
1190 2753 1306 2820 ejus
1337 2763 1602 2806 creatura.
1656 2751 1853 2806 Verum
1904 2762 1956 2806 et
1985 2753 2072 2806 ille
2106 2754 2194 2807 Dei

633 2847 830 2916 digitus
885 2848 976 2913 qui
1029 2847 1300 2918 pulverem
1343 2845 1396 2899 in
1452 2843 1686 2916 Egypto
1734 2847 2111 2899 transmutavit
2146 2847 2195 2899 in

635 2939 911 3005 animalia,
929 2941 1158 3010 primum
1177 2937 1487 2994 animalium
1513 2949 1687 2992 ortum
1707 2938 1999 2994 ostendens
2021 2938 2089 3002 ",
2106 2937 2198 2992 Pa-

634 3029 869 3085 racletus
896 3039 1037 3095 erat,
1065 3029 1295 3098 Spiritus
1317 3030 1406 3082 ille
1438 3031 1700 3084 veritatis.
1731 3029 1863 3083 Nam
1893 3046 2013 3083 cum
2037 3046 2200 3085 evan-

633 3120 832 3189 gelista:
865 3130 972 3174 tres
1007 3134 1225 3173 narrent
1270 3121 1549 3172 Dominum
1582 3122 1646 3174 ad
1694 3120 1910 3177 Iudaeos
1947 3123 2146 3178 dixisse
2184 3141 2196 3176 :

635 3210 886 3272 Siautem
904 3227 995 3280 ego
1029 3211 1081 3264 in
1112 3212 1310 3278 Spiritu
1345 3211 1437 3263 Dei
1466 3212 1619 3279 ejicio
1645 3214 2106 3283 dwmonia,igitur
2130 3218 2197 3268 ad

635 3317 721 3356 vos
763 3304 988 3370 pervenit
1039 3318 1248 3372 regnum
1282 3301 1434 3354 Dei“
1460 3319 1475 3366 ;
1499 3317 1622 3356 eum
1648 3301 1819 3357 Lucas
1848 3307 1923 3357 ait
1955 3306 2152 3360 dixisse
2181 3323 2196 3358 τ

635 3395 698 3450 Si
728 3406 900 3448 autem
921 3412 1012 3465 ego
1035 3397 1091 3449 in
1106 3397 1266 3464 digito
1298 3395 1390 3448 Dei
1414 3397 1566 3464 ejicio
1594 3398 1878 3461 daemonia,
1903 3398 2063 3467 igitur
2089 3416 2201 3466 per-

635 3487 769 3541 venit
795 3487 862 3539 ad
895 3504 980 3540 vos
1004 3503 1220 3555 regnum
1249 3487 1578 3541 calorum”.
1610 3487 1840 3542 Proinde
1870 3504 1986 3556 qua:
2033 3491 2197 3543 etiam

635 3594 731 3651 per
774 3578 990 3649 Moysen
1025 3578 1221 3633 flebant
1244 3581 1295 3633 in
1338 3579 1569 3649 Aigypto
1601 3581 1774 3650 signa,
1806 3597 1924 3650 qua:
1953 3583 2200 3636 videlicet

637 3669 800 3740 digito
831 3667 921 3722 Dei
971 3669 1288 3733 edebantur,
1312 3679 1366 3723 et
1397 3671 1706 3723 admiranda
1759 3671 1848 3724 Dei
1899 3672 2046 3739 signa
2077 3687 2197 3724 cum

640 3762 842 3830 Spiritu
868 3760 1299 3831 perﬁciebantur.
1345 3759 1511 3817 Porro
1546 3763 1634 3815 Dei
1664 3762 1861 3832 digitus
1893 3761 1944 3814 in
1989 3763 2054 3816 iis
2083 3780 2200 3830 qua:

637 3869 666 3906 a
701 3854 880 3925 Moyse
909 3863 964 3907 et
987 3854 1210 3908 Domino
1245 3854 1382 3909 facta
1417 3865 1538 3909 sunt
1567 3856 1748 3922 signis,
1768 3856 1944 3910 dictus
1964 3866 2046 3908 est
2080 3855 2197 3924 Spi-

636 3947 774 4000 ritus
815 3963 827 3999 :
861 3962 965 4000 non
1021 3949 1164 4016 quod
1205 3949 1273 4002 sit
1304 3950 1496 4018 exigua
1532 3949 1774 4018 quaedam
1823 3952 2057 4018 potentia
2095 3967 2198 4004 una

636 4051 758 4090 cum
791 4037 897 4091 Deo
927 4039 1212 4100 exsistens,
1242 4041 1693 4105 quemadmodum
1729 4042 1780 4093 in
1808 4055 2034 4108 corpore
2063 4042 2199 4111 digi-

639 4137 747 4193 tus,
778 4129 870 4183 sed
897 4128 1038 4197 quod
1064 4143 1128 4181 ex
1164 4128 1227 4181 iis
1253 4128 1393 4182 illius
1428 4130 1582 4182 donis
1611 4144 1731 4196 qua:
1757 4144 1851 4196 per
1884 4132 2200 4186 divisionem

639 4217 794 4284 ﬁunt,
827 4233 989 4272 unum
1045 4217 1261 4286 aliquod
1299 4227 1380 4271 est
1425 4218 1702 4288 signorum
1749 4233 1812 4270 ac
1860 4221 2200 4274 sanationum

639 4312 861 4372 donum.
885 4320 1165 4381 propterea
1199 4328 1361 4366 unum
1396 4310 1631 4380 aliquod,
1655 4326 1759 4364 non
1798 4313 2051 4364 universa
2078 4313 2200 4380 Spi-

639 4405 778 4458 ritus
818 4404 983 4468 dona,
1019 4406 1243 4475 digitum
1297 4413 1476 4459 vocat.
1528 4402 1670 4457 Nam
1719 4405 1838 4457 huic
1879 4404 2085 4472 quidem
2112 4421 2202 4470 per

2294 564 2716 631 συγκατάϐασιν,
2745 563 2803 614 ού
2840 563 2935 632 τὴν
2965 565 3028 613 ὲκ
3049 563 3214 614 τόπου
3247 567 3324 626 εἰς
3349 563 3508 614 τόπον
3539 567 3866 630 μετάϐασιν.

2293 656 2412 707 Ὀτι
2442 655 2681 724 Πνεῦμα
2710 654 2927 720 Κυρίου
2967 652 3319 718 πεπλήρωκε
3340 655 3452 722 τὴν
3476 656 3867 721 οίκουμέγην,

2288 747 2384 799 καὶ
2417 747 2479 799 τὸ
2503 749 2766 816 συνέχον
2788 745 2858 798 τὰ
2882 743 3075 797 πάντα
3103 744 3326 812 γνῶσιν
3355 749 3476 815 ἔχει
3503 743 3707 816 φωνῆς
3725 746 3866 813 (89').

2290 839 2399 892 Καὶ
2427 840 2454 890 ὁ
2476 841 2703 907 ἄγγελος
2725 840 2790 908 τῇ
2810 839 2996 908 Μαρία
3011 852 3025 864 ·
3054 836 3290 904 Πνεῦμα
3315 841 3530 904 Kvpt'cv
3547 838 3871 892 ἐπελεύσε-

2287 948 2380 984 ται
2395 930 2488 982 ἐπὶ
2503 931 2690 984 σέ·διὸ
2703 930 2795 983 καί
2809 928 2871 981 τὸ
2885 928 3324 997 γεννώμενονέκ
3336 931 3678 999 Πνεύμιιτος
3689 931 3868 999 ἁγίου

2289 1020 2438 1074 ἐστι.
2469 1021 2540 1071 Τὸ
2572 1020 2632 1072 ἐκ
2663 1017 2858 1087 τινοςῆ
2889 1018 3288 1089 δημιουργικῶς
3314 1021 3456 1069 ἐστιν
3489 1021 3548 1085 ἐξ
3571 1023 3759 1085 αὐτοῦ,
3789 1019 3869 1081 ὡς

2293 1111 2371 1172 τὸ,
2421 1105 2524 1174 Εἷς
2561 1109 2704 1174 Θεὸς
2739 1111 2771 1160 ό
2803 1106 3002 1173 Πατὴρ
3034 1107 3101 1168 ἐξ
3133 1104 3204 1163 οὗ
3238 1111 3307 1161 τὰ
3333 1107 3563 1160 πάνταο
3597 1110 3628 1177 ῆ
3664 1127 3867 1179 γεννη-

2291 1198 2477 1260 τικῶς,
2507 1198 2646 1250 κατά
2674 1197 2753 1258 τὸ,
2789 1195 2925 1263 Ἐγὼ
2964 1196 3031 1247 ἐκ
3054 1196 3159 1249 τοῦ
3187 1197 3412 1266 Harde
3439 1194 3704 1262 ἐξῆλθον
3722 1215 3735 1226 ·
3770 1200 3870 1250 καὶ

2291 1289 2368 1350 τὸ,
2417 1289 2508 1340 Ἐκ
2538 1291 2790 1357 γαστρὸς
2813 1286 2923 1356 πρὸ
2963 1287 3266 1355 ἑωσφόρου
3299 1288 3596 1358 ἐγέννησὰ
3624 1302 3718 1340 σε.
3747 1291 3868 1356 ῡῦχ

2293 1383 2375 1434 ὃτι
2403 1382 2642 1450 γαστέρα
2661 1382 2769 1451 ἔχει
2798 1382 2826 1432 ὁ
2850 1380 3000 1442 Θεὸς,
3023 1380 3135 1432 ἀλλ’
3167 1384 3286 1434 ἐπεὶ
3306 1384 3374 1434 τὰ
3409 1383 3518 1453 (90)
3541 1383 3741 1450 γνήσια
3770 1383 3870 1431 καὶ

2294 1473 2354 1524 οὐ
2391 1470 2516 1522 νόθα
2559 1476 2869 1541 γεννήματα
2896 1471 2959 1522 ἐκ
2985 1472 3217 1540 γαστρὸς
3241 1473 3346 1524 τῶν
3376 1473 3580 1525 τοκέων
3615 1470 3871 1537 πεφύκα-

2298 1577 2380 1612 σιν
2415 1561 2831 1626 ἀπογεννᾶσθαι,
2858 1560 3096 1630 γαστέρα
3128 1561 3270 1630 ἔχειν
3322 1564 3510 1613 ἑαυτὸν
3539 1571 3595 1614 εν
3623 1561 3702 1630 τῷ
3739 1577 3870 1626 γεν-

2297 1654 2392 1723 νᾷν
2423 1653 2705 1723 ὠνόμασεν
2744 1655 2770 1704 ὁ
2809 1652 2968 1714 Θεὸς,
3008 1652 3140 1722 πρὸς
3185 1653 3446 1724 ἐντροπὴν
3475 1655 3583 1705 τῶν
3625 1651 3868 1714 ἀσεϐῶν,

2297 1746 2404 1808 ἵνα,
2433 1745 2535 1798 κάν
2565 1747 2662 1816 τὴν
2711 1745 2915 1798 ἑαυτῶν
2961 1747 3388 1816 κατανοήσαντες
3419 1745 3601 1811 φύσιν,
3650 1744 3869 1816 μάθωσι

2297 1839 2517 1908 γνήσιον
2555 1839 2694 1891 εἶναι
2734 1836 2942 1906 καρπὸν
2986 1836 3079 1889 τοῦ
3116 1836 3324 1904 Πατρὸς
3360 1836 3450 1886 τὸν
3486 1835 3631 1900 Υίδν,
3675 1837 3869 1903 ὥσπερ

2298 1934 2359 1985 ὲκ
2394 1933 2494 2002 τῆς
2523 1932 2726 1984 ἐκείνου
2753 1928 3088 1998 τυγχάνοντα
3111 1929 3360 1998 γαστρός.
3395 1928 3467 1978 Τὸ
3499 1928 3562 1979 ἐκ
3592 1946 3736 1990 τινος
3765 1926 3869 1978 τοί-

2299 2043 2411 2085 νυν,
2465 2023 2496 2093 ἢ
2558 2022 2982 2092 δημιουργικῶς,
3029 2023 3059 2092 ἢ
3110 2019 3468 2089 γεννητικῶς,
3528 2020 3560 2088 ἢ
3616 2018 3868 2088 φυσικῶς

2298 2119 2444 2170 ἐστιν
2486 2114 2544 2178 ἐξ
2580 2114 2764 2177 αὑτοῦ,
2822 2115 2895 2178 ὡς
2938 2117 2968 2184 ἡ
3016 2114 3260 2182 ἐνέργεια
3299 2110 3452 2181 ἡμῶν
3503 2109 3560 2173 ἐξ
3607 2110 3788 2179 ἡμῶν,
3833 2106 3866 2178 ἠ

2298 2209 2372 2272 ὼς
2397 2208 2456 2260 τὸ
2501 2207 2837 2276 ἀπαύγασμα
2877 2207 2968 2259 τοῦ
3007 2205 3156 2272 ἡλίου
3194 2203 3252 2266 ἐξ
3279 2204 3461 2256 αὑτοῦ.
3497 2203 3556 2253 Εἰ
3591 2201 3772 2252 τοίνυν
3809 2200 3867 2250 τὸ

2302 2299 2663 2371 ὑπερκόσμιον
2690 2299 2800 2368 (91)
2831 2299 2988 2368 σῶμα
3009 2297 3244 2366 Χριστοῦ
3278 2299 3339 2349 ὲκ
3362 2294 3678 2366 Πνεύματός
3719 2295 3868 2345 ἐστιν

2300 2394 2476 2460 ἁγίου,
2503 2391 2560 2443 ού
2585 2390 2806 2443 δυνατὸν
2825 2391 2881 2443 δὲ
2899 2389 3142 2458 γέννημα
3167 2388 3325 2442 αὑτοῦ
3359 2389 3646 2459 ὑπάρχειν,
3682 2387 3764 2438 ὅτι
3797 2386 3868 2437 Τὸ

2301 2481 2733 2554 γεγεννημένον
2763 2483 2830 2534 ἐκ
2869 2479 2974 2547 τῆς
3008 2479 3231 2547 σαρκὸς
3265 2479 3416 2546 σάρξ
3454 2481 3610 2531 ἐστι·
3660 2478 3756 2529 καί
3800 2476 3864 2528 τὸ

2302 2572 2733 2645 γεγεινημένον
2779 2574 2846 2626 ἐκ
2890 2572 2994 2625 τοῦ
3029 2573 3363 2638 πνεύματος
3405 2569 3642 2635 πνεῦμά
3673 2569 3862 2620 ἐστιν.

2301 2670 2421 2721 Οὐδ’
2459 2664 2523 2721 αὖ
2559 2667 2717 2722 πάλιν
2758 2666 2816 2730 ἐξ
2864 2665 3027 2718 αὑτοῦ
3058 2663 3132 2724 ὡς
3163 2662 3407 2731 ἐνέργεια
3448 2659 3635 2722 αὑτοῦ,
3665 2661 3747 2710 ὃτι
3773 2661 3868 2710 ἐτεί

2300 2759 2478 2828 ἁπλῆς
2517 2762 2608 2811 καὶ
2659 2758 2950 2828 ἀσωμάτου
3004 2756 3216 2825 φύσεως
3274 2753 3362 2806 τὸν
3408 2752 3570 2806 αὑτὸν
3626 2751 3729 2819 τῆς
3779 2752 3866 2802 οῦ-

2302 2849 2420 2911 σίας
2455 2850 2562 2918 (92)
2590 2850 2743 2918 λόγον
2783 2851 3086 2917 ἐπιδέχεται
3116 2851 3148 2918 ὴ
3185 2847 3450 2918 ἐνέργεια.
3486 2844 3864 2898 Ὑπολείπεται

2299 2941 2406 3013 ἄρα
2445 2942 2503 3005 ἐξ
2548 2941 2709 2994 αὑτοῦ
2744 2936 2882 2993 εἶναι
2924 2941 2997 3003 ὼς
3045 2941 3247 3009 κτίσμα
3299 2939 3478 2992 αὑτοῦ.
3523 2939 3681 2990 Ἀλλὰ
3721 2941 3812 2990 καὶ
3839 2939 3865 2988 ὁ

2300 3034 2557 3098 δάκτυλος
2604 3034 2697 3086 τοῦ
2741 3032 2875 3085 Θεοῦ
2919 3034 2946 3084 ὁ
3007 3032 3323 3101 μεταϐαλὼν
3367 3035 3422 3084 ὲν
3471 3031 3730 3097 Αἰγύπτῳ
3776 3029 3864 3082 τὸν

2301 3127 2426 3198 χοῦν
2474 3127 2552 3191 εἰς
2587 3125 2734 3190 ζῶα,
2786 3126 2884 3196 τὴν
2936 3124 3172 3196 ἀρχῆθεν
3219 3123 3325 3175 τῶν
3379 3122 3529 3187 ζώων
3583 3122 3865 3187 ἀναδείξας

2302 3222 2534 3289 γένεσιν,
2570 3222 2597 3273 ὁ
2626 3218 2982 3290 Παρακλητος
3019 3212 3108 3286 ἦν,
3135 3218 3196 3268 τὸ
3215 3213 3436 3285 Πνεῦμα
3460 3215 3558 3285 τῆς
3585 3216 3863 3287 ἀληθείας.

2302 3313 2420 3366 Τῶν
2451 3312 2559 3381 γὰρ
2601 3311 2763 3381 τριῶν
2795 3307 3193 3376 εὐαγγελιστῶν
3221 3309 3505 3378 φησάντων
3547 3309 3682 3379 πρὸς
3733 3310 3865 3360 Ἰου-

2300 3405 2478 3465 δαίους
2506 3402 2781 3472 εἰρηκέναι
2809 3400 2897 3453 τὸν
2930 3400 3132 3471 Κύριον
3158 3416 3170 3429 ’
3237 3404 3304 3454 Ei
3337 3400 3403 3453 δὲ
3437 3401 3550 3469 ἐγὼ
3578 3402 3645 3453 ἐν
3683 3401 3861 3452 Πνεῦ-

2295 3513 2434 3564 ματι
2469 3493 2614 3547 Θεοῦ
2655 3491 2924 3545 ἐκϐάλλω
2977 3493 3048 3546 τὰ
3098 3494 3390 3557 δαιμόνια,
3440 3496 3550 3562 ἄρα
3600 3493 3867 3558 ἔφθασεν

2299 3587 2388 3655 ἐφ’
2417 3572 2568 3653 ὑμᾶς·
2610 3586 2646 3650 ἠ
2668 3585 2955 3648 ,βασιλειά
3002 3586 3106 3638 τοῦ
3160 3587 3305 3640 Θεοῦ
3331 3605 3344 3617 '
3385 3588 3412 3637 ὁ
3450 3584 3655 3644 Λουκᾶς
3705 3599 3865 3650 φησιν

2300 3678 2575 3748 εἰρηκέναι
2609 3677 2768 3730 αὐτόν
2796 3695 2809 3709 ·
2841 3678 2906 3730 Ei
2943 3677 3010 3730 δὲ
3032 3678 3144 3746 ἐγὼ
3173 3679 3241 3730 ἐν
3273 3676 3544 3735 δακτύλῳ
3581 3671 3730 3726 Θεοῦ
3774 3674 3867 3725 ἐκ·

2301 3771 2498 3825 ϐάλλω
2521 3771 2592 3824 τὰ
2620 3769 2911 3840 δαιμόνια,
2945 3771 3057 3834 ἄρα
3101 3770 3363 3836 ἔφθασεν
3406 3766 3495 3834 ἐρ’
3517 3763 3670 3833 ὑμᾶς
3693 3766 3730 3830 ἡ
3756 3765 3868 3828 ,Ξα-

2301 3865 2498 3918 σιλεία
2537 3861 2656 3916 τῶν
2695 3862 2983 3930 οὐρανῶν.
3017 3859 3222 3912 Οὐκοῦν
3248 3859 3340 3909 καὶ
3368 3857 3434 3909 τὰ
3464 3855 3548 3907 διὰ
3588 3845 3866 3914 Melissio);

2300 3956 2564 4025 γενόμενα
2611 3956 2666 4006 ὲν
2714 3953 2971 4021 Αἰγύπτῳ
3019 3953 3239 4021 σημεῖα,
3274 3947 3411 4018 άπερ
3440 3946 3683 4014 δακτύλῳ
3732 3944 3866 3996 Θεοῦ

2303 4046 2518 4114 ἐγένετο
2542 4044 2674 4113 (95),
2703 4043 2795 4095 καί
2820 4041 2887 4094 τά
2927 4040 3207 4112 παράδοξα
3241 4037 3332 4090 τοῦ
3363 4035 3498 4088 Θεοῦ
3532 4038 3733 4105 σημεῖα
3764 4037 3871 4086 ὲτε-

2303 4138 2670 4206 λεσιουργεῖτο
2710 4133 2806 4186 σὺν
2845 4132 2922 4202 τῷ
2964 4131 3261 4200 Πνεύματι.
3299 4127 3565 4188 Δάκτυλος
3615 4125 3671 4178 δὲ
3733 4124 3869 4176 Θεοῦ

2304 4228 2360 4278 ἐν
2389 4226 2594 4284 τούτοις
2617 4226 2726 4286 τοῖς
2744 4222 2847 4276 ὑπὸ
2868 4224 2999 4276 Μωῦ
3010 4222 3145 4284 σέως
3174 4224 3268 4273 καὶ
3298 4221 3406 4280 τοῖς
3430 4216 3522 4270 τοῦ
3541 4215 3744 4287 Κυρίου
3779 4233 3870 4284 ση-

2308 4316 2479 4384 μείοις
2529 4315 2744 4385 εἴρηται
2777 4314 2835 4365 τὸ
2884 4311 3126 4380 Πνεῦμα,
3172 4311 3270 4378 ούχ
3304 4311 3382 4361 ὅτι
3429 4308 3599 4377 μικρά
3641 4306 3727 4367 τίς
3757 4311 3872 4358 ἐστι

2303 4406 2380 4476 τῷ
2430 4406 2548 4475 Θεῷ
2593 4405 2823 4458 συνοῦσα
2874 4403 3136 4471 δύναμις,
3191 4401 3437 4469 καθάπερ
3505 4398 3720 4466 σώματι
3782 4396 3874 4446 δά-

636 4494 900 4562 Spiritum
949 4498 1107 4550 datur
1149 4515 1319 4551 sermo
1360 4498 1633 4565 sapientia
1673 4513 1691 4550 :
1731 4496 1827 4549 alii
1870 4511 1989 4548 vero
2035 4512 2196 4549 sermo

2307 4496 2517 4558 κτυλος,
2564 4495 2675 4549 ἀλλ’
2714 4495 2898 4562 ἐπειδὴ
2941 4495 2999 4545 ἓν
3038 4511 3088 4546 τι
3132 4491 3238 4542 τῶν
3287 4490 3426 4542 κατὰ
3468 4489 3730 4557 διαίρεσιν
3778 4506 3874 4556 χα-

635 4588 885 4651 scientias,
907 4590 1190 4644 secundum
1215 4589 1448 4640 eumdem
1467 4585 1718 4655 Spiritum
1755 4601 1774 4638 :
1807 4584 1902 4638 alii
1924 4602 2038 4638 vero
2062 4587 2200 4637 dona

715 4768 759 4798 ’⁸⁷
799 4764 926 4832 Sap.
974 4783 1013 4828 ι,
1052 4762 1105 4815 7.
1213 4763 1260 4794 ⁸⁸
1313 4763 1442 4822 Luc.
1471 4778 1508 4826 1,
1564 4764 1666 4830 '55;
1713 4763 1897 4823 Matth.
1941 4783 1978 4830 ι,
2007 4766 2097 4821 21.

2209 4766 2296 4817 ⁸⁸1
2331 4765 2454 4824 Cor.
2487 4780 2600 4825 vm.
2631 4765 2681 4816 6.

2311 4584 2590 4654 ρισμάτων
2633 4581 2796 4635 αὑτοῦ
2836 4585 2950 4634 ἐστι
2991 4581 3050 4632 τὸ
3083 4579 3326 4649 χάρισμα
3365 4577 3470 4628 τῶν
3506 4578 3749 4646 σημείων
3780 4582 3871 4630 καὶ

2779 4764 2824 4799 ὀ
2855 4761 3008 4816 .loan.
3042 4777 3150 4823 xvi,
3185 4760 3276 4814 28.
3387 4761 3429 4792 ⁹¹
3459 4758 3602 4814 Psai-
3660 4775 3775 4825 CII.
3814 4760 3866 4814 5-

635 4839 679 4872 ”
706 4837 955 4898 Joan.m,
978 4836 1028 4889 6.
1105 4834 1150 4867 “
1177 4834 1342 4889 Exod.
1366 4851 1478 4899 vut,
1520 4834 1606 4888 17.
1684 4836 1729 4868 ³⁸
1753 4840 1938 4892 Matth.
1968 4854 2069 4901 xu,
2101 4836 2192 4891 28,

2298 4838 2310 4867 ⁵
2339 4836 2467 4892 Luc.
2497 4853 2572 4895 χι,
2606 4835 2696 4888 20.

707 4997 820 5070 (89)
862 4997 1000 5070 Etliti
1036 4995 1241 5070 φωνῆς.
1286 4995 1499 5070 Καὶ-τὺ
1543 4997 1804 5070 πνεῦμαη
1831 4998 2058 5070 Codices
2100 4999 2206 5053 duo

635 5066 1037 5138 Βεᾴἱῖφωνῆςρ
1086 5066 1328 5138 Πνεῦμα.
1363 5067 1462 5138 Alii
1490 5066 1724 5134 quatuor
1751 5069 1934 5121 itidem
1965 5069 2119 5138 Regii
2151 5077 2207 5122 et

635 5136 788 5199 Coll).
814 5136 1018 5208 φωνῆς.
1041 5137 1201 5210 Καὶὸ
1226 5136 1452 5206 ἄγγελος
1478 5140 1542 5208 τῇ
1564 5138 1788 5210 Μαρία·
1821 5136 2062 5210 ῌνεῦμα,
2088 5154 2206 5206 quae

637 5213 800 5265 verba
830 5207 911 5279 ita
948 5207 1230 5261 dividenda
1273 5218 1416 5279 sunt,
1475 5207 1539 5261 ut
1561 5207 2205 5279 hzec'._IIveﬁp.a'Kupiou

638 5294 768 5342 etc.,
826 5277 1135 5338 referantur
1189 5279 1253 5330 ad
1300 5276 1498 5331 Lucam
1545 5295 1585 5342 ι,
1644 5277 1747 5343 35;
1794 5276 1885 5330 illa
1934 5276 2206 5341 νει-ο,’Διὸ

638 5351 906 5416 xui,etc.,
939 5348 1245 5401 tribuantur
1294 5347 1543 5402 Matthaeo
1585 5365 1622 5414 ι,
1667 5347 1756 5402 20.
1814 5347 2208 5414 Trapezuutins

639 5422 822 5483 vertit,
853 5417 1185 5483 Quapropter
1229 5428 1275 5487 et
1320 5420 1459 5485 quod
1490 5422 1542 5471 in
1577 5437 1636 5472 ea
1677 5427 1857 5470 natum
1896 5430 1991 5482 est,
2027 5420 2202 5487 inepte

639 5505 799 5547 utens
848 5489 1145 5557 praeterito,
1192 5486 1280 5540 ubi
1330 5489 1430 5542 sibi
1481 5489 1734 5542 utendum
1790 5487 1962 5541 funerat
1999 5486 2197 5552 futuro,

639 5567 953 5632 quaprOpter
977 5566 1024 5611 et
1048 5558 1190 5632 quod
1237 5569 1495 5632 nascetur.
1516 5559 1592 5632 _Et
1614 5557 1858 5632 certe_i‘ta
1883 5561 2197 5632 vertendum

639 5627 780 5691 esse,
812 5627 1058 5692 cognosci
1089 5637 1285 5694 potest,
1319 5629 1398 5680 vel
1429 5633 1492 5682 de
1514 5628 1655 5688 Luca
1693 5646 1729 5688 ι,
1756 5627 1844 5686 55,
1882 5628 1973 5681 ubi
2005 5628 2084 5681 sic
2127 5629 2200 5681 le-

642 5704 786 5769 gitur
819 5715 831 5749 :
871 5696 1099 5769 [deoque
1115 5709 1159 5769 et
1189 5699 1325 5769 quod
1356 5709 1600 5752 nascetur
1624 5709 1687 5758 ea:
1719 5708 1766 5750 te
1802 5706 2042 5754 sanctum
2065 5739 2079 5761 ,
2113 5716 2197 5750 vo-

642 5765 844 5828 eabitur
866 5766 1037 5821 Filius
1067 5765 1180 5820 Dei.
1211 5767 1386 5823 Possis
1406 5779 1581 5825 tamen
1611 5770 1835 5825 fortasse
1859 5783 2041 5823 vocem
2075 5785 2194 5838 γεν-

2304 4996 2542 5066 νὼμενον
2571 4995 2723 5048 aliter
2751 4991 3078 5066 exprimere,
3109 5001 3208 5066 nec
3250 4997 3424 5066 tamen
3457 5001 3487 5039 a
3525 5000 3686 5066 sensu
3717 4987 3868 5066 ficri-

2305 5057 2478 5136 pttira:
2504 5066 2756 5136 aberrare
2777 5104 2792 5126 ,
2821 5057 2868 5136 si
2896 5061 3143 5115 videlicet
3169 5061 3241 5112 ita
3274 5058 3648 5136 interpreteris
3683 5076 3694 5109 :
3726 5057 3872 5121 Qua-

2305 5125 2516 5205 propter
2534 5147 2579 5188 et
2607 5135 2701 5187 hac
2732 5133 2868 5202 quod
2912 5140 3211 5199 conceptum
3238 5140 3311 5182 est
3351 5144 3414 5180 ea:
3447 5125 3652 5194 Spiritu
3687 5142 3869 5179 sancto

2305 5220 2398 5260 εει.

2378 5275 2490 5342 (9ο)
2527 5273 2667 5328 Eum
2696 5271 2809 5326 ἀλλ’
2842 5272 2924 5325 ὅτι
2973 5269 3059 5324 τά.
3097 5267 3244 5323 Libri
3274 5266 3477 5336 antiqui
3520 5281 3712 5322 omnes

2307 5346 2426 5399 ἐπεὶ
2457 5345 2544 5397 τά.

2373 5415 2482 5482 (91)
2533 5413 2972 5481 Ὑπερκόσμιον,
3001 5408 3220 5482 verbum
3247 5421 3278 5462 e
3301 5407 3464 5461 verbo
3481 5407 3865 5474 supermunde—

2298 5478 2440 5538 num.
2467 5478 2758 5551 interpres.
2791 5478 3212 5551 supernaturaie.

2365 5555 2476 5625 (θὲ)
2500 5545 2837 5625 Antiquiduo
2857 5545 2970 5603 libri
2994 5558 3045 5600 et
3067 5550 3195 5625 editi
3230 5548 3330 5625 τῆς
3347 5547 3558 5624 οὐσίας..
3589 5545 3689 5598 Alii
3710 5547 3861 5625 quin-

2295 5615 2400 5692 que
2427 5615 2555 5679 mss.
2587 5615 2857 5693 τῇοὑσίᾳ,
2921 5619 3153 5688 Operatio
3181 5621 3410 5670 eamdem
3456 5619 3712 5680 rationem
3774 5615 3856 5668 Ito-

2297 5697 2376 5749 bet
2406 5710 2562 5763 quam
2593 5694 2905 5748 substantia.

2365 5760 2476 5830 (9'5)
2506 5766 2613 5837 Reg
2666 5775 2887 5834 quartus
2918 5761 3052 5815 Θεοῦ
3083 5760 3301 5827 ἐγίνετο.
