4088 6318
219 409 322 461 7:21

1337 409 1705 465 ADVERSUS
1743 405 2112 464 EUNOMIL‘M
2153 407 2279 461 LIB.
2322 406 2386 463 V.

3352 398 3454 450 7‘22

217 541 300 594 μα
332 523 462 590 (ll),
495 523 747 594 αὐθεντίᾳ
780 525 992 594 φύσεως
1023 525 1297 595 χρώμενον
1319 544 1332 558 ·
1365 526 1482 589 πῶς
1532 528 1784 598 ἑτερότης

1897 542 2186 593 sermones,
2228 526 2399 594 inquit
2446 522 2730 581 Salomon,
2765 535 2792 572 a
2835 521 2942 573 Deo
2979 517 3104 572 dicti
3154 517 3363 580 sunt“;
3404 529 3451 572 ct

213 613 406 675 οὐσίας
433 616 488 665 ὲν
514 617 576 684 τῇ
597 615 804 684 Τριαόι,
826 612 930 690 ὲν
958 619 1218 687 ταυτότης
1241 620 1518 689 ἐνεργείας
1537 622 1781 690 εὑρίσκε-

212 720 344 767 ται;
378 706 437 756 Οἱ
458 707 576 774 ἐμοὶ
611 706 776 773 λόγοι,
813 707 1058 775 Σολομὼν
1089 726 1272 778 φησιν,
1309 711 1412 764 ὑπὸ
1438 713 1571 764 Θεοῦ
1596 714 1778 784 εἴρην-

212 809 347 846 ται·
404 793 496 846 καὶ
526 796 552 846 6
584 795 811 858 Παῦλος,
867 798 968 849 ὑπὸ
1006 799 1272 868 Χριστοῦ·
1321 803 1480 856 Ἐπεὶ
1527 803 1781 872 δοκιμὴν

216 886 352 954 γὰρ,
386 886 508 954 ἔφη,
537 885 751 954 ζητεῖτε
775 887 876 940 τοῦ
902 888 971 940 ἐν
985 889 1112 958 ἐμοὶ
1140 872 1476 959 λαλοῦντος
1503 896 1778 963 Χριστοῦ.

216 978 387 1030 Οὐδὲν
424 978 479 1030 δὲ
502 975 660 1050 ἦττον
706 979 797 1030 καὶ
825 979 886 1031 τὸ
917 980 1138 1050 Πνεῦμα
1177 985 1233 1035 ὲν
1267 985 1581 1048 ἀποστόλοις
1611 986 1779 1039 λαλεῖ.

231 1069 528 1123 Ἐλίὶλουν
572 1071 715 1138 γὰρ,
759 1072 940 1140 φησὶν,
997 1076 1050 1126 ol
1104 1076 1427 1130 ἀπόστολοι
1476 1077 1668 1143 καθὼς
1717 1080 1780 1132 τὸ

215 1162 465 1231 Πνεῦμα
511 1162 707 1216 ἐδίδου
737 1164 1210 1235 ἀποφθέγγεσθαι
1243 1169 1464 1232 αὐτοῖς.
1507 1171 1635 1230 Καὶ,
1663 1173 1782 1224 Οὐκ

214 1255 366 1308 ἐστὲ
400 1256 560 1324 ὑμεῖς
602 1258 654 1308 οἱ
699 1258 1063 1323 λαλοῦντες,
1109 1261 1135 1312 6
1184 1259 1372 1331 Σωτὴρ
1422 1260 1524 1330 ἔφη
1583 1263 1781 1326 αὐτοῖς,

217 1347 384 1400 ἀλλὰ
413 1345 479 1399 τὸ
509 1347 747 1414 Πνεῦμα
786 1347 891 1400 τοῦ
942 1348 1190 1416 Πίιτρὸς,
1226 1351 1330 1404 τοῦ
1357 1351 1426 1403 ἐν
1455 1351 1576 1417 τοῖς
1608 1353 1784 1418 οὐρα-

215 1437 371 1502 νοῖς,
403 1437 465 1488 τὸ
499 1438 729 1490 ,λαλοῦν
770 1439 837 1490 ἐν
888 1439 1047 1506 ὑμῖν.
1081 1439 1242 1491 Λαλεί
1273 1441 1327 1491 δὲ
1360 1440 1453 1492 καὶ
1485 1442 1541 1492 ἐν
1572 1443 1782 1511 προφή-

215 1545 344 1590 ταις
366 1529 424 1580 τὸ
459 1528 699 1598 Πνεῦμα.
730 1532 822 1595 Τίς
851 1530 959 1598 γὰρ
988 1529 1127 1596 δῴη,
1161 1531 1399 1599 Marini};
1434 1531 1556 1600 ἔφη,
1592 1531 1784 1585 πάντα

216 1620 331 1672 τλν
361 1620 511 1672 λαὸν
529 1621 740 1674 τοῦτον
754 1623 1145 1689 προφητεύειν
1162 1639 1180 1684 ;
1201 1624 1382 1675 Ὅταν
1397 1624 1476 1687 δῷ
1498 1626 1705 1692 Κύριος
1720 1625 1782 1678 τὸ

217 1709 467 1776 Πνεῦμα
495 1713 679 1766 αὐτοῦ
714 1714 803 1765 ἐπ’
828 1713 1032 1768 αὐτόν.
1078 1714 1186 1765 Καὶ
1219 1715 1246 1766 6
1275 1715 1395 1776 νέος
1428 1714 1480 1766 δὲ
1514 1715 1612 1784 τῆς
1642 1717 1782 1779 Νέας

217 1801 499 1872 Διαϐήκης
531 1805 810 1874 προφήτης
846 1804 1079 1870 Ἀγαὸος
1107 1806 1380 1875 ἀνέκραγε
1409 1806 1579 1874 λέγων
1600 1826 1611 1837 ο
1644 1808 1784 1862 Τάδε

1884 620 2103 680 Paulus,
2135 633 2164 670 a
2202 617 2416 671 Christo
2457 633 2468 667 :
2511 612 2974 679 Quandoquidem,
3023 610 3229 677 inquit,
3261 611 3459 673 experi-

1885 721 2112 762 mentum
2147 709 2379 776 quaeritis
2409 707 2459 760 in
2487 723 2564 758 me
2598 705 2854 775 loquentis
2884 702 3157 756 Christi".
3194 702 3329 754 Nihil
3361 717 3455 755 au-

1886 811 1989 855 tem
2026 801 2200 853 minus
2237 798 2469 867 Spiritus
2507 798 2668 850 etiam
2705 796 2757 848 in
2791 793 3040 863 apostolis
3071 793 3329 862 loquitur.
3355 792 3457 845 ιο.

1888 895 2179 960 quebantur
2208 892 2364 953 enim,
2401 890 2594 955 inquit,
2635 887 2856 954 apostoli
2890 895 3040 954 prout
3085 883 3310 951 Spiritus
3337 902 3456 938 san-

1883 998 1996 1039 ctus
2024 985 2177 1037 dabat
2210 983 2379 1052 eloqui
2404 981 2506 1032 illis
2538 981 2600 1031 ¹⁸.
2633 978 2714 1041 Ει,
2743 977 2863 1030 Non
2898 979 3016 1030 estis
3055 993 3138 1030 vos
3169 979 3257 1045 qui
3285 977 3454 1046 loqui-

1885 1078 2032 1140 mini,
2056 1075 2304 1129 Salvator
2349 1072 2476 1140 ipsis
2507 1073 2658 1135 dixit,
2688 1069 2778 1122 sed
2822 1068 3050 1133 Spiritus
3081 1068 3375 1139 Patris,qui
3397 1069 3453 1122 in

1885 1168 2022 1221 ctelis
2045 1176 2143 1228 est,
2174 1165 2406 1233 loquitur
2440 1164 2492 1215 in
2522 1163 2734 1215 vobis”.
2764 1158 2879 1213 iam
2905 1175 3032 1213 vero
3062 1168 3114 1211 et
3151 1161 3200 1213 in
3227 1162 3454 1229 prophe-

1888 1262 1952 1314 tis
1981 1260 2212 1327 loquitur
2242 1257 2494 1324 Spiritus.
2526 1253 2653 1318 Quis
2677 1254 2812 1307 enim
2830 1251 2993 1317 dabit,
3019 1251 3194 1319 inquit
3223 1251 3452 1322 Moyses,

1884 1363 1937 1403 ut
1967 1351 2134 1404 omnis
2158 1350 2241 1401 hic
2274 1348 2492 1414 populus
2518 1347 2829 1398 vaticinetur
2853 1345 2877 1397 ?
2901 1343 3028 1396 Tum
3061 1360 3174 1396 cum
3203 1342 3453 1396 Dominus

1884 1443 2082 1493 dederit
2112 1440 2366 1507 Spiritum
2389 1455 2538 1490 suum
2565 1453 2720 1504 super
2750 1437 2919 1503 ipsum
2953 1435 3015 1490 “.
3048 1436 3148 1489 Sed
3185 1445 3238 1488 et
3286 1450 3452 1489 novus

1885 1533 2011 1586 Novi
2069 1533 2396 1585 Testantcnti
2453 1534 2712 1599 propheta
2749 1531 2964 1598 Agahus
3015 1529 3336 1582 exolamarit
3369 1529 3454 1581 di-

1882 1640 2010 1678 cens
2044 1638 2059 1675 :
2091 1622 2220 1676 Ha'c
2267 1624 2390 1675 dicit
2425 1620 2653 1690 Spiritus
2678 1622 2952 1674 sanctus"
2989 1637 3002 1684 ;
3036 1622 3086 1671 id
3114 1621 3253 1686 quod
3291 1617 3452 1673 Vete-

1884 1718 1956 1771 ris
1995 1715 2320 1770 Testamenti
2368 1717 2642 1784 prophetae
2690 1714 2930 1768 solebant
2994 1714 3227 1767 clamare
3269 1732 3283 1768 :
3324 1713 3454 1767 Ila'c

1884 1813 2006 1861 dicit
2049 1808 2301 1861 Dominus
2342 1805 2499 1858 Deus.
2536 1805 2598 1858 Et
2635 1821 2695 1859 ea
2731 1821 2849 1875 quae
2880 1796 3109 1858 a'Patre
3136 1815 3189 1857 et
3237 1804 3374 1858 Filio
3401 1814 3456 1858 et

216 1890 385 1959 λέγει
411 1892 473 1944 τὸ
501 1894 742 1961 Πνεῦμα
770 1894 835 1947 τὸ
887 1895 1055 1964 ἅγιον
1090 1913 1102 1924 ·
1155 1897 1288 1968 ὅπερ
1324 1898 1566 1968 συνήθως
1609 1902 1653 1950 οἱ
1692 1901 1790 1969 τῆς

1897 1901 2094 1968 Spiritu
2131 1908 2320 1952 sancto
2351 1899 2490 1951 dicta
2533 1906 2656 1951 sunt
2688 1897 3013 1950 conlrahcns
3047 1894 3449 1955 Paulus,dixit:

217 1983 467 2046 Παλαιᾶς
491 1985 768 2054 Διαθήκης
802 1986 970 2038 ἐϐόων
995 1989 1290 2058 προφῆται,
1337 1989 1480 2041 Τάδε
1503 1989 1661 2059 λέγει
1685 1991 1796 2044 Κύ-

218 2093 358 2142 ριος
387 2077 419 2128 ὀ
451 2075 612 2140 Θεός.
668 2077 775 2128 Καὶ
824 2076 996 2132 ταῦτα
1031 2080 1262 2132 συνελὼν
1295 2082 1322 2132 6
1349 2080 1557 2144 Παῦλος
1609 2082 1678 2134 τὰ
1732 2084 1794 2134 ἐκ

221 2166 439 2236 Πατρὸς
472 2167 566 2220 καὶ
591 2167 719 2219 Υἰοῦ
751 2169 844 2220 καὶ
873 2170 1025 2237 ἁγίου
1056 2170 1368 2240 Πνεῦματος
1397 2172 1505 2238 (12)
1541 2171 1791 2241 ρηθέντα,

220 2258 569 2330 Πςξσα,ἐφη,
603 2260 810 2328 Γραρὴ
845 2263 1264 2328 θεόπνευστος.
1325 2265 1383 2314 Ει
1430 2264 1486 2315 δὲ
1539 2263 1687 2314 λαλεῖ
1737 2265 1793 2314 ἐν

223 2351 546 2412 ἀποστόλοις
593 2353 684 2404 καὶ
732 2355 787 2404 ὲν
821 2355 1124 2423 προφήταις
1158 2354 1218 2405 τὸ
1257 2354 1500 2424 Πνεῦμα,
1539 2357 1687 2408 πᾶσα
1737 2354 1791 2406 δὲ

1894 1992 2075 2047 Omnis
2099 1993 2370 2060 Seriptura
2397 1992 2648 2044 divinitus
2691 1991 2942 2058 inspirata
2984 1990 3050 2042 ¹⁰.
3081 1988 3228 2055 Quod
3259 1990 3300 2043 si
3334 1989 3454 2059 Spi-

1893 2082 2026 2137 ritus
2077 2082 2127 2134 in
2181 2081 2437 2146 apostolis
2471 2091 2523 2134 et
2558 2080 2837 2149 prophetis
2882 2079 3132 2149 loquitur,
3169 2083 3451 2148 omnisque

1893 2172 2167 2240 Scriptura
2226 2172 2482 2223 divinitus
2533 2170 2790 2237 inspirata
2841 2179 2944 2230 est,
3000 2171 3158 2222 dicite
3217 2171 3392 2239 impiis
3435 2188 3450 2224 :

1891 2263 2164 2327 Quomodo
2197 2261 2426 2329 Spiritus
2455 2270 2672 2314 sanctus
2709 2260 2843 2313 Deus
2893 2277 2996 2313 non
3023 2271 3124 2325 est,
3157 2279 3278 2316 cum
3317 2263 3455 2317 illius

1891 2355 2154 2421 scriptura
2180 2353 2439 2406 divinitus
2474 2353 2733 2422 inspirata
2763 2352 2872 2407 sit?

225 2445 416 2516 Γραφὴ
451 2446 818 2510 θεόπνευστος,
871 2447 1058 2499 εἴπατε
1105 2451 1215 2511 τοῖς
1246 2448 1530 2502 ἀσεϐοῦσι·
1561 2450 1683 2514 Πῶς
1717 2450 1775 2502 οὐ
1816 2450 1946 2514 Θεὸς
1982 2451 2042 2503 τὸ
2079 2449 2303 2520 Πνεῦμα
2336 2450 2393 2501 τὸ
2421 2448 2571 2517 ἅγιον
2593 2449 2865 2518 τυγχάνει,
2886 2449 2980 2518 τῆς
2998 2446 3184 2500 τούτου
3215 2463 3451 2518 συγγρα-

224 2538 336 2604 φῆς
369 2535 721 2590 Θεοπνεύστου
746 2536 940 2606 οῠσηςς

232 2627 359 2678 Ὀτι
383 2627 516 2704 ούτε
547 2630 805 2704 ὀπτασζα
835 2629 981 2704 οὔτε
992 2629 1339 2704 χρησμῳδία
1368 2633 1586 2700 γίνεται
1612 2652 1795 2704 κεχω-

260 2699 555 2763 ρισμένως
576 2699 802 2764 Πατρὸς
826 2700 921 2751 καὶ
945 2699 1074 2752 Υὶοῦ
1092 2704 1187 2754 καὶ
1213 2699 1381 2769 (ir/ou
1398 2699 1756 2774 Πνεύματος.

317 2791 536 2853 Ἡσαΐας
565 2793 592 2844 6
634 2794 934 2863 προφήτης,
979 2791 1158 2848 Εἶδον
1193 2797 1352 2866 (12⁸),
1401 2797 1525 2868 ἔφη,
1580 2798 1802 2868 Κύριον

230 2881 472 2938 Σαθαὼθ
505 2881 841 2952 καθήμενον
867 2886 964 2938 ἐπὶ
986 2890 1200 2954 θρόνου
1229 2889 1475 2957 ὑψηλοῦ
1502 2891 1598 2943 καὶ
1623 2892 1803 2958 ἐπηρο

227 2974 443 3043 μένου,
489 2977 584 3030 καὶ
627 2980 913 3046 σεραςςεὶμ
943 2981 1328 3047 εἰστήκεισαν
1362 2983 1563 3045 κύκλῳ
1593 2983 1799 3047 αὑτοῦ,

229 3066 302 3131 ἐξ
337 3068 620 3137 πτέρυγες
648 3069 725 3133 τῷ
747 3071 858 3122 ἑνί.
880 3072 986 3122 Καὶ
1016 3071 1130 3139 μετ’
1161 3071 1314 3137 ὀλίγα
1345 3070 1474 3140 φησι
1499 3089 1512 3101 ·
1541 3071 1648 3124 Καὶ
1673 3068 1802 3124 εἶπε

230 3162 450 3226 Κύριος
480 3161 626 3226 πρὸς
659 3158 733 3227 μέ
760 3177 772 3190 ⁸
806 3163 1067 3227 Πορεύου
1097 3163 1193 3214 καὶ
1218 3163 1388 3215 εἷπον
1408 3160 1486 3226 τῷ
1511 3161 1634 3227 λαῷ
1664 3164 1797 3216 τού-

229 3270 314 3316 τῳ
334 3269 347 3282 ο
393 3249 557 3317 Ἀκοῇ
586 3251 894 3314 ἀκούσετε,
925 3252 1023 3306 καὶ
1048 3256 1118 3307 οὐ
1142 3252 1226 3322 μὴ
1259 3253 1502 3323 συνῆτε,
1538 3255 1632 3307 καὶ
1655 3255 1798 3318 ,Βλέ-

230 3359 452 3407 ποντες
470 3342 754 3410 βλέψετε,
785 3345 882 3398 καὶ
909 3349 979 3400 οὐ
1005 3347 1088 3416 μὴ
1124 3347 1303 3414 ἴδητε.
1345 3350 1672 3418 Ἐπαχύνθη
1693 3350 1799 3418 γὰρ

230 3433 274 3497 ἡ
307 3429 514 3497 καρδία
548 3431 651 3484 τοῦ
676 3434 826 3487 λαοῦ
861 3437 1094 3499 τούτου,
1127 3439 1218 3490 καὶ
1240 3437 1308 3490 τὰ
1338 3437 1484 3508 ἑξῆς.
1512 3439 1672 3491 Ὅσον
1704 3441 1800 3510 μὲν

227 3518 329 3574 οὖν
365 3522 479 3572 κατ’
526 3523 694 3594 αὐτὴν
741 3525 840 3595 τὴν
885 3525 1032 3578 Θέσιν
1076 3528 1168 3579 καὶ
1200 3527 1298 3598 τὴν
1342 3529 1656 3581 ἀκολουθίαν
1707 3528 1799 3581 τοῦ

232 3615 572 3683 προφητικοῦ
604 3618 945 3688 γράμματος,
986 3621 1013 3671 6
1043 3620 1135 3672 ἐπὶ
1170 3621 1381 3673 πάντων
1412 3622 1528 3672 ἐστί
1562 3622 1748 3693 Πατὴρ
1775 3625 1801 3676 6

229 3705 423 3772 ὀφθεὶς
450 3709 540 3758 καὶ
565 3710 1006 3780 χρησμοδοτήσας
1030 3711 1106 3780 τῷ
1133 3713 1379 3784 προφήτῃ
1400 3729 1411 3741 ο
1445 3714 1472 3765 6
1503 3712 1681 3782 μέντοι
1704 3715 1802 3783 τῆς

235 3798 464 3868 βροντῆς
496 3800 628 3862 υἱὸς,
661 3801 871 3867 ἐξαίσια
904 3801 1292 3873 φθεγξάμενος,
1330 3805 1421 3857 καὶ
1457 3804 1550 3875 τῆς
1579 3805 1803 3875 βροντῆς

232 3889 475 3959 εἰρηκὼς
519 3892 882 3964 φοϐερώτερα,
938 3890 997 3948 οῦ
1045 3897 1171 3948 ἴδιον
1213 3897 1332 3965 οὐχὶ
1387 3897 1466 3959 τὸ,
1521 3898 1639 3948 Οὐκ
1701 3893 1798 3967 ἦν,

233 3979 375 4030 ἀλλὰ
411 3980 486 4040 τὸ,
519 3977 634 4034 Ἦν
667 3986 698 4034 ό
745 3985 952 4050 Λόγος,
995 3986 1121 4038 Υίδν
1169 3986 1270 4054 ἔφη
1311 3986 1400 4039 τὸν
1443 3986 1671 4054 ὀφθέντα
1712 3987 1802 4039 καὶ

234 4072 752 4142 χρηαμώοτήσαντα
777 4075 852 4145 τῷ
887 4081 1156 4149 προςεήτῃ.
1190 4080 1350 4146 Λέγει
1386 4079 1492 4151 γὰρ
1513 4080 1570 4132 ἐν
1591 4079 1667 4148 τῷ
1694 4079 1803 4150 ἰδίῳ

237 4165 666 4235 σιὐγγρίὶμματι⁸
715 4171 817 4221 Διά
866 4170 1040 4223 τοῦτο
1079 4174 1189 4224 οὐκ
1239 4172 1537 4237 ἠδύναντο
1571 4176 1622 4225 οἱ
1659 4173 1805 4226 Ἰου-

234 4257 393 4310 δαῖοι
446 4260 748 4314 πιστεύειν
799 4265 885 4329 εις
937 4266 1040 4318 τὸν
1104 4263 1368 4332 Ἰησοῦν,
1429 4265 1577 4317 διότι
1637 4262 1805 4318 εἶπεν

251 4347 491 4415 Ἡσαΐας
550 4353 680 4421 περὶ
739 4353 971 4409 αὺτῶν’
1039 4358 1442 4426 Τετύφλωνται
1505 4356 1701 4410 αὐτῶν
1753 4360 1804 4409 οι

240 4440 555 4508 ὀφθαλμοὶ,
587 4443 682 4495 καὶ
717 4445 1054 4512 πεπώρωται
1101 4445 1297 4499 αὐτῶν
1327 4447 1436 4513 (l5)
1487 4449 1523 4515 ἡ
1574 4446 1801 4514 καρδία,

1909 2632 2062 2698 Quod
2107 2647 2263 2700 neque
2312 2630 2439 2682 cisio
2482 2645 2648 2700 neque
2695 2628 2964 2700 oraculum
2992 2628 3052 2694 ﬁt
3093 2630 3374 2694 separatim
3420 2647 3452 2683 a

2205 2699 2362 2752 Patre
2387 2709 2434 2751 et
2469 2697 2606 2749 Filio
2640 2709 2684 2750 et
2725 2697 2926 2764 Spiritu
2961 2709 3160 2750 sancto.

1967 2791 2136 2844 Isaias
2169 2791 2451 2859 propheta,
2493 2786 2628 2854 Vidi,
2667 2788 2876 2854 inquit,
2909 2786 3187 2839 Dominum
3221 2787 3452 2842 Sabaoth

1899 2883 2153 2936 sedentem
2195 2897 2350 2947 super
2380 2882 2623 2930 thronum
2672 2878 2930 2932 excelsum
2973 2890 3018 2930 et
3065 2882 3355 2942 eleuatum,
3408 2893 3455 2934 et

1899 2974 2153 3041 seraphint
2183 2973 2387 3025 stabant
2435 2973 2489 3024 in
2519 2974 2742 3024 circuitu
2784 2974 2895 3039 ejus
2936 2988 2954 3024 :
2986 2988 3076 3024 sea:
3112 2972 3210 3025 ala:
3251 2975 3339 3025 uni
3384 2976 3454 3028 ".

1901 3065 1966 3119 Et
1987 3075 2102 3134 post
2135 3079 2299 3133 pauca
2324 3064 2398 3115 ait
2432 3081 2444 3116 :
2492 3063 2559 3114 Et
2594 3063 2728 3114 dixit
2764 3063 3011 3115 Dominus
3040 3064 3107 3115 ad
3137 3081 3214 3116 me
3240 3081 3258 3116 :
3313 3064 3454 3118 Vade

1901 3167 1948 3210 et
1975 3158 2056 3210 dic
2085 3156 2274 3226 populo
2299 3156 2418 3207 huic
2449 3172 2466 3207 :
2504 3155 2732 3207 Auribus
2763 3155 2984 3207 audietis
3006 3196 3020 3216 ,
3053 3169 3098 3208 et
3127 3173 3226 3208 nou
3258 3157 3454 3208 intelli-

1899 3248 2046 3315 getis,
2073 3258 2119 3299 et
2145 3249 2367 3298 videntes
2398 3246 2650 3311 uidebitis,
2675 3256 2723 3298 et
2764 3263 2864 3298 non
2897 3248 3147 3299 uidebitis.
3185 3245 3458 3300 Ιιισιτιεεα-

1902 3351 2005 3392 tum
2040 3350 2110 3391 est
2146 3339 2299 3408 301
2337 3339 2472 3390 enim
2511 3355 2599 3390 cor
2638 3339 2813 3405 populi
2848 3339 3003 3408 hujus
3032 3341 3076 3369 ²²
3100 3381 3114 3403 ,
3142 3353 3247 3394 etc.
3307 3341 3454 3405 Quod

1903 3433 2115 3501 quidem
2163 3435 2227 3484 ad
2261 3433 2430 3500 ipsum
2482 3439 2789 3484 contextum
2832 3437 3060 3495 attinet,
3091 3442 3140 3485 et
3169 3434 3232 3484 ad
3261 3435 3454 3486 seriem

1903 3524 2222 3593 prophetica:
2267 3522 2582 3588 scriptum;
2621 3522 2708 3588 qui
2743 3531 2822 3573 est
2850 3537 3008 3588 super
3048 3524 3225 3574 omnia
3251 3565 3262 3585 ,
3298 3521 3458 3575 Pater

1904 3629 2006 3680 est,
2038 3617 2125 3684 qui
2154 3617 2296 3669 visus
2323 3623 2422 3677 est,
2452 3613 2833 3680 oraculumque
2860 3614 3003 3666 dedit
3028 3617 3333 3682 prophetat;
3359 3617 3452 3669 sed

1906 3707 2127 3762 tonitrui
2163 3707 2300 3761 lilius
2333 3706 2378 3736 ³³
2408 3705 2665 3773 stupenda
2711 3704 2921 3756 locutus
2967 3715 3080 3768 est,
3113 3721 3175 3760 ac
3221 3705 3457 3759 tonitruo

1905 3802 2226 3855 terribiliora
2257 3801 2410 3862 dixit,
2443 3800 2594 3868 cujus
2627 3798 2839 3868 propria
2869 3814 2971 3851 non
3011 3808 3094 3852 est
3139 3800 3305 3852 dictio
3344 3800 3454 3863 illa,

1906 3894 2025 3948 Non
2077 3903 2187 3946 erat
2214 3907 2231 3944 :
2262 3894 2353 3945 sed
2386 3893 2517 3954 hinc,
2561 3888 2690 3944 Erat
2745 3888 3066 3954 Verbum”;
3096 3891 3229 3944 dixit
3264 3890 3456 3944 Filium

1902 4006 2022 4043 cuin
2052 4004 2170 4042 esse
2208 3986 2296 4054 qui
2328 3986 2471 4038 visus
2501 3995 2600 4046 cst,
2633 3993 2686 4036 et
2718 3985 2806 4052 qui
2847 3984 3122 4037 oraculum
3159 3984 3302 4036 dedit
3336 4000 3459 4050 pro-

1905 4085 2096 4150 phelze.
2129 4079 2263 4132 Dicit
2293 4079 2434 4131 enini
2483 4078 2533 4128 in
2566 4091 2661 4128 suo
2698 4076 2831 4127 libro
2862 4091 2874 4126 :
2918 4071 3195 4141 Propterea
3227 4091 3327 4125 non
3374 4092 3460 4137 po-

1907 4185 2072 4229 terunt
2106 4175 2311 4226 credere
2335 4174 2387 4223 in
2412 4170 2591 4222 Jesum
2627 4167 2834 4228 Judcci,
2873 4166 2996 4234 quia
3031 4165 3162 4217 dixit
3195 4165 3364 4218 Isaias
3396 4167 3461 4220 de

1905 4273 2029 4337 ipsis
2054 4286 2072 4322 :
2103 4265 2364 4321 Exca'cati
2409 4274 2528 4316 sunt
2558 4261 2693 4313 oculi
2729 4276 2937 4323 eorum,
2975 4268 3019 4311 et
3053 4259 3355 4311 induratum
3385 4266 3461 4311 est

1905 4380 1994 4415 cor
2025 4377 2202 4414 eorum
2236 4368 2289 4411 ut
2317 4374 2376 4408 ne
2403 4357 2608 4408 videant
2646 4353 2808 4405 oculis
2832 4391 2848 4414 ,
2881 4363 2924 4405 et
2955 4352 3244 4418 intelligant
3283 4351 3457 4412 corde,

1906 4465 1954 4507 et
1985 4464 2369 4511 convertantur,
2393 4460 2436 4501 et
2471 4463 2645 4500 sonent
2672 4464 2777 4498 eos.
2807 4445 2934 4498 Iia'c
2960 4446 3092 4496 dixit
3129 4443 3318 4503 Isaias,
3344 4461 3460 4495 cum

239 4532 403 4598 ὅπως
426 4533 510 4602 μὴ
546 4534 713 4587 ἴδωσι
762 4536 884 4602 τοῖς
926 4537 1271 4606 ὀφθαλμοῖς,
1313 4541 1409 4592 καὶ
1451 4540 1682 4593 συνῶσι
1732 4538 1795 4607 τῇ

1910 4547 2034 4599 vidit
2066 4545 2286 4614 gloriam
2319 4542 2426 4608 ejus
2473 4541 2538 4590 ’⁵.
2573 4537 2767 4592 l’aulns
2802 4555 2926 4589 vero
2962 4540 3132 4590 visum
3178 4546 3229 4589 et
3271 4537 3458 4588 vatici-

239 4626 474 4693 καρδίᾳ,
524 4626 619 4679 καὶ
670 4627 1089 4698 ἐπιστρὲψωσι,
1141 4631 1237 4683 καὶ
1280 4631 1528 4699 ιάσωμαι
1568 4632 1807 4697 αὺτούς.

250 4721 440 4773 Ταῦτα
471 4717 637 4775 εἶπεν
661 4723 915 4790 Ἡσαΐας,
932 4723 1025 4776 ὅτε
1053 4719 1171 4776 εἶδε
1189 4724 1300 4790 τὴν
1323 4724 1508 4787 δόξαν
1533 4725 1735 4777 αὐτοῦ.
1754 4725 1811 4777 '0

242 4810 305 4862 δὲ
339 4813 546 4876 Παῦλος
588 4813 678 4867 τοῦ
729 4815 1044 4886 Πνεῦματος
1079 4817 1392 4886 ἀπεφήνατο
1423 4815 1518 4886 τὴν
1546 4817 1810 4870 ὀπτασίαν

244 4898 384 4956 εἶναι
434 4908 525 4957 καὶ
568 4909 665 4978 τὴν
699 4910 1063 4978 χρησμῳδίαν,
1096 4908 1265 4976 λέγων
1291 4927 1305 4941 ο
1338 4909 1544 4974 Καλῶς
1579 4909 1693 4978 ἔφη
1749 4909 1812 4962 τὸ

243 4996 487 5066 Πνεῦμα
511 4999 574 5051 τὸ
602 5001 770 5070 ἅγιον
801 5000 897 5053 διὰ
929 5003 1035 5056 τοῦ
1061 5001 1365 5070 προφήτου
1400 5004 1633 5057 Ἡσαΐου
1665 5004 1813 5070 πρὸς

244 5088 388 5154 τοὺς
411 5089 666 5158 πατέρας
689 5093 855 5163 ὑμῶν
887 5096 1019 5165 ut)-
1068 5094 1231 5163 Ἀκοῇ
1264 5097 1574 5162 ἀκούσετε,
1602 5097 1700 5150 καὶ
1740 5099 1811 5150 οὺ

1469 5211 1512 5240 ¹⁶
1549 5213 1665 5262 Act.
1691 5225 1748 5272 ιι,
1784 5210 1837 5261 4.
1923 5210 2172 5261 “Matth.
2203 5210 2303 5271 x,E

1478 5281 1607 5334 ibid.
1643 5279 1694 5333 9.
1793 5281 1840 5310 ⁸³
1880 5277 2044 5332 Marc.
2090 5295 2184 5341 ιιι,
2220 5280 2303 5331 17.

327 5205 369 5235 ¹⁸
404 5203 555 5257 Prov.
582 5217 729 5265 XXXI,
771 5207 818 5260 1.
899 5209 940 5240 ⁸⁸
971 5207 1008 5261 ΙΙ
1038 5210 1158 5263 Cor,
1189 5225 1304 5268 xm,
1337 5205 1387 5257 5.

247 5277 296 5306 ³⁸
329 5275 368 5326 ll
392 5273 528 5326 Tim.
558 5289 634 5334 ιιι,
678 5273 779 5347 1ςῇ
855 5279 895 5309 ⁸³
927 5278 1028 5335 lsa.
1064 5296 1139 5347 vr,
1168 5282 1188 5333 l
1218 5321 1233 5344 ,
1259 5279 1312 5332 2.

246 5347 296 5376 ’⁸
330 5347 449 5396 Act.
489 5360 682 5406 xxvul,
712 5344 898 5409 25,26.

319 5455 429 5523 (Η)
473 5457 607 5531 Editi
655 5459 716 5531 El
761 5459 817 5511 δὲ
859 5458 1139 5524 ἐκλέγεται
1187 5461 1346 5513 αὑτὸν
1372 5461 1575 5531 Κύριος
1614 5466 1641 5514 6
1674 5461 1803 5523 Θεὸς

244 5527 516 5603 ⁶[ὧνκατατέ
526 5543 639 5603 ρων
656 5529 713 5581 ὃν
726 5531 1165 5603 προεχειρίσατο,
1187 5532 1276 5583 τὸν
1299 5527 1722 5603 αὑτὸνάφορίζει
1743 5532 1803 5584 τὸ

248 5596 490 5666 Πνεῦμα.
519 5597 584 5648 At
611 5599 758 5667 Regii
784 5596 1024 5664 quatuor
1057 5618 1182 5654 mss.
1209 5612 1266 5653 ut
1303 5603 1352 5653 in
1385 5596 1676 5660 contexit),
1709 5619 1802 5656 ex-

250 5667 744 5742 ceiruiqtimldleg,
768 5673 988 5742 quintus
1017 5670 1168 5724 habet
1199 5671 1382 5742 τοῦτον
1407 5672 1450 5723 δ’
1486 5672 1751 5742 ἀφορίζει.

322 5734 819 5812 {imbuti-quidni)
849 5741 965 5792 libri
1005 5743 1096 5793 καὶ
1131 5741 1283 5811 ἁγίου
1319 5734 1792 5812 Πνεῦμα-τόςξνοκ

251 5807 406 5876 ἁγίου
439 5809 490 5862 in
513 5808 669 5863 editis
696 5810 1044 5868 desideratur.

1392 5281 1437 5310 "
1478 5281 1607 5334 ibid.
1643 5279 1694 5333 9.

1910 4638 2054 4688 nium
2101 4634 2225 4685 illud
2257 4630 2489 4699 Spiritus
2528 4645 2648 4683 esse
2677 4629 3004 4689 declaravit,
3034 4630 3213 4680 dicens
3249 4644 3261 4678 :
3310 4625 3462 4679 Recte

1909 4729 2038 4779 dixit
2067 4725 2289 4791 Spiritus
2316 4733 2526 4774 sanctus
2565 4739 2655 4789 per
2683 4722 2982 4789 prop/telam
3029 4718 3219 4770 lsaiam
3258 4723 3325 4771 ad
3364 4738 3461 4786 ρον

1906 4831 2008 4871 tres
2034 4827 2221 4869 restros
2248 4829 2265 4866 :
2291 4814 2520 4868 Auribus
2553 4814 2773 4866 audietis
2796 4852 2809 4868 .
2841 4823 2886 4863 et
2919 4827 3018 4862 non
3051 4813 3382 4880 intelligetis,
3414 4821 3462 4864 et

1906 4910 2132 4963 videntes
2171 4908 2440 4971 uidebitis,
2491 4918 2536 4960 et
2589 4923 2688 4958 non
2736 4904 3087 4971 perspicietis;
3118 4906 3458 4956 incrassatum

1907 5015 1979 5056 est
2005 5003 2139 5055 enim
2175 5019 2264 5054 cor
2283 5000 2462 5069 populi
2488 5000 2641 5066 hujus
2659 4998 2722 5048 ".
2750 4996 3013 5062 Propheta
3041 4995 3244 5048 inducit
3268 4994 3460 5058 Patris,

1910 5097 1962 5148 in
1998 5110 2154 5164 quem
2182 5092 2349 5147 Judaai
2382 5092 2705 5150 credebant,
2746 5103 3030 5157 personam
3055 5103 3069 5151 ;
3097 5087 3420 5156 evangelista
3442 5149 3458 5173 ο

1923 5210 2172 5261 “Matth.
2203 5223 2254 5271 χ,
2287 5205 2376 5260 20.
2455 5204 2495 5233 ³⁸
2525 5202 2678 5255 Num.
2715 5217 2792 5262 ιι,
2829 5202 2918 5254 29.
2998 5201 3039 5231 ¹⁹
3074 5200 3190 5254 Act.
3227 5216 3339 5259 xxi,
3374 5200 3457 5252 ll.

2398 5276 2442 5307 “
2477 5273 2631 5326 Joan.
2669 5290 2705 5336 ι,
2739 5275 2787 5326 l.
2866 5273 2912 5303 "
2941 5271 3097 5335 Joan,
3143 5288 3236 5336 xit,
3268 5271 3455 5325 59-“.

1976 5461 2111 5529 (ιε’)
2145 5460 2281 5514 Editi
2316 5460 2438 5512 ἴδον.
2464 5460 2527 5510 At
2556 5452 2873 5529 mss._ei60_v.
2906 5455 3021 5529 Mox
3068 5455 3195 5521 Reg.
3235 5463 3459 5524 quartus

1899 5525 1991 5602 τῷ
2015 5525 2110 5594 ἐνὶ,
2145 5532 2236 5584 καὶ
2262 5530 2318 5593 ἓξ
2347 5529 2614 5602 πτέρυγες
2645 5527 2722 5596 τῷ
2756 5527 2853 5590 ἑνὶ,
2891 5525 3000 5602 καί,
3036 5537 3138 5602 etc.

1970 5603 2080 5667 (15)
2112 5603 2219 5656 Vox
2245 5595 2652 5653 aurciw'addita
2679 5595 2759 5651 est
2791 5612 2852 5650 ex
2891 5597 3056 5649 trihus
3089 5595 3238 5650 libris
3262 5597 3449 5648 veteri~

1973 5690 1992 5716 ς

1897 5673 2075 5810 Μαι)
2110 5743 2239 5796 Ediii
2296 5739 2534 5809 πατέρας
2596 5737 2771 5808 ἡμῶν.
2802 5737 2867 5790 At
2920 5752 3046 5790 mss.
3089 5753 3180 5790 sex
3215 5732 3457 5804 πατέρας

1894 5831 2063 5880 υμων.
