4088 6318
625 363 730 418 7‘25

1964 375 2019 429 S.
2065 373 2305 432 BASILII
2346 377 2556 432 MAGNI

3760 387 3870 439 7‘24

625 479 786 541 Filii;
857 478 1089 542 Paulus,
1143 477 1396 547 Spiritus,
1462 481 1610 535 illum
1669 482 1842 550 ipsum
1904 489 1992 554 qui
2042 489 2186 543 visus

2291 491 2372 557 μὴ
2419 491 2664 555 συνῆτε,
2717 491 2812 542 καὶ
2855 489 3190 554 βλέποντες
3215 493 3496 561 βλέψετε,
3532 497 3628 547 καὶ
3663 500 3736 550 σὺ
3771 499 3868 564 μὴ

633 570 829 632 fuerat,
861 587 1019 623 unum
1054 571 1340 624 Dominum
1372 571 1604 627 Sabamh
1629 577 1986 630 communiter
2015 582 2184 632 nomi-

631 670 843 715 nantes.
879 661 1195 716 Sermonem
1226 680 1384 733 quem
1409 666 1473 720 de
1501 667 1773 734 liypostasi
1805 669 2182 735 instituerunt,

626 754 945 818 distinxere,
981 753 1295 812 indistincta
1339 767 1591 811 manente
1623 759 1672 810 in
1717 758 1797 812 eis
1827 759 1892 812 de
1937 775 2044 814 uno
2081 761 2187 815 Deo

622 847 911 899 sc-ntentia.

2295 580 2487 644 ἴδητε·
2518 581 2821 648 ἐπαχύνθη
2853 583 2957 650 γὰρ
2987 585 3023 649 τ)
3058 581 3266 648 καρδία
3299 585 3402 637 τοῦ
3424 586 3574 640 λαοῦ
3614 592 3863 643 τούτου.

2304 673 2365 727 '0
2411 674 2693 743 προφήτης
2736 674 2845 742 (15)
2898 674 2990 726 τοῦ
3042 676 3250 747 Πατρὺς
3294 680 3586 748 εἰσηγεῖται
3640 684 3866 751 πρόσω-

2295 781 2394 818 πον
2428 765 2519 817 τοῦ
2565 765 2711 835 παρὰ
2769 767 3036 830 Ἰουδαίοις
3082 772 3533 839 πεπιστευμένου·
3597 777 3625 826 6
3679 776 3862 840 εὐαγ-

2293 855 2541 925 γελιστὴς
2579 854 2672 906 τοῦ
2713 856 2873 908 Υἱοῡ·
2917 859 2943 908 ὁ
2976 857 3182 922 Παῦλος
3225 859 3316 912 τοῦ
3361 861 3702 932 Πνεῦματος·
3758 867 3862 916 ἕνα

620 940 824 1008 Κύριον
875 939 1099 991 Σαϐαὼθ
1153 940 1242 993 τὸν
1285 940 1516 1009 ὀφθέντα
1585 942 1778 1004 κοινῶς
1843 946 2216 1014 ὀνομάζοντες.
2270 949 2527 1019 Διῄρηται
2574 949 2680 1018 (16)
2713 949 2891 1012 αὐτοῖς
2925 953 2951 1003 6
2989 953 3115 1020 περὶ
3151 953 3252 1020 τῆς
3288 955 3633 1018 ὑποστάσεως
3667 959 3858 1026 λόγος,

625 1033 931 1103 ἀδιαιρέτου
965 1033 1214 1102 μένοντος
1241 1038 1296 1087 ὲν
1324 1036 1502 1096 αὐτοῖς
1534 1035 1626 1087 τοῦ
1662 1038 1789 1106 περὶ
1828 1039 1941 1100 ἑνὸς
1976 1039 2109 1090 Θεοῦ
2150 1042 2507 1110 φρονήματος.

625 1128 777 1193 Quod
798 1127 1092 1182 Creatorem
1121 1128 1433 1198 participant
1461 1142 1576 1198 qum
1608 1138 1726 1178 sunt
1755 1133 1821 1179 ad
1862 1130 2139 1198 imaginem
2165 1147 2180 1182 :

1009 1199 1102 1249 huc
1129 1207 1298 1247 autem
1328 1196 1385 1262 ﬁt
1415 1211 1506 1262 per
1531 1197 1804 1263 Spiritum.

697 1291 847 1355 Quod
874 1291 917 1342 si
950 1289 1063 1342 hmo
1107 1288 1498 1352 intelligerent,
1540 1302 1604 1340 ac
1632 1299 1776 1343 recte
1811 1292 2182 1358 perciperent,

623 1382 716 1448 qui
766 1391 953 1434 contra
1005 1381 1318 1447 semetipsos
1367 1381 1504 1434 male
1547 1382 1815 1448 sapientes
1871 1393 2026 1446 sunt,
2077 1399 2183 1437 non

626 1476 811 1539 utique
857 1473 1118 1539 Spiritum
1167 1487 1195 1524 a
1232 1473 1426 1524 deitate
1471 1473 1809 1538 alienarent,
1870 1490 1934 1527 ne
1982 1490 2040 1528 se
2084 1476 2182 1543 ipsi

630 1573 942 1617 resecarent
976 1578 1003 1614 a
1041 1563 1255 1626 deitale,
1287 1578 1437 1627 neve,
1471 1575 1717 1632 separato
1753 1583 1781 1618 a
1814 1567 1920 1619 Deo
1960 1568 2180 1629 mundo,

2293 1131 2410 1184 Ὅτι
2431 1132 2663 1204 μετέχει
2811 1136 3167 1204 Δημιουργοῦ
3184 1138 3252 1189 τὰ
3272 1141 3396 1189 κατ’
3413 1140 3615 1193 εἰκόνα
3636 1159 3649 1170 ·
3671 1143 3860 1194 τοῦτο

2455 1202 2522 1253 δὲ
2559 1202 2654 1254 διὰ
2693 1203 2797 1255 τοῦ
2839 1202 3179 1272 Πνεύμάτος
3213 1207 3321 1275 (17)
3344 1210 3672 1276 γινόμενον.

2359 1293 2420 1344 Εἰ
2447 1293 2503 1344 δὲ
2533 1293 2704 1344 ταῦτα
2733 1294 2977 1347 συνίεσαν
3026 1297 3115 1348 καὶ
3148 1297 3322 1360 καλῶς
3351 1300 3620 1368 ὑπήκουον
3647 1305 3694 1352 οἱ
3719 1304 3861 1355 καθ’

2295 1383 2496 1434 ἑαυτῶν
2565 1382 2746 1445 κακῶς
2810 1381 3167 1454 σοφιζόμενοι,
3227 1387 3325 1439 οὐκ
3371 1387 3436 1440 ἂν
3499 1389 3558 1440 τὸ
3621 1392 3862 1460 Πνεῦμα

2290 1471 2536 1542 θεότητος
2564 1472 2894 1542 ὴλλοτρίουν,
2945 1473 3028 1524 ἵνα
3073 1475 3147 1544 μὴ
3198 1474 3446 1544 θεότητος
3482 1479 3706 1540 ἑαυτοὺς
3735 1480 3861 1546 (18)

2289 1564 2621 1627 ἀποκόψωσι,
2663 1564 2756 1615 καὶ
2799 1564 2998 1632 κόσμον
3029 1565 3161 1617 Θεοῦ
3203 1567 3548 1636 διαστήσωσι,
3588 1569 3683 1622 καὶ
3714 1570 3862 1621 Θεὸν

626 1654 795 1706 Deum
845 1668 873 1705 a
926 1651 1136 1720 propria
1192 1661 1435 1703 creatura
1489 1653 1824 1709 dirimerent.
1877 1653 2002 1720 Quae
2039 1657 2181 1708 enim

2291 1654 2386 1724 τῆς
2423 1655 2554 1718 ἰδίας
2586 1656 2811 1717 κτίσεως
2833 1657 3222 1726 ἀποστήσωσιν.
3257 1659 3446 1712 Ἀθλια
3471 1660 3568 1729 μὲν
3594 1662 3702 1729 (19)
3735 1664 3860 1732 γὰρ

628 1745 766 1798 facta
811 1754 991 1798 essent
1024 1761 1051 1798 a
1078 1744 1207 1807 Deo,
1238 1758 1461 1811 quaque
1498 1753 1670 1797 tamen
1699 1747 1990 1800 secundum
2031 1758 2181 1801 natu-

628 1850 743 1889 ram
783 1847 1020 1889 creatam
1056 1836 1327 1889 Creatoris
1380 1836 1547 1902 gloria
1607 1837 2044 1900 destituerentur,
2106 1854 2169 1892 ea

629 1928 814 1981 omnia
853 1929 956 1982 nisi
1005 1929 1256 1981 deitatem
1308 1927 1708 1993 participarent,
1759 1929 1932 1981 forent
1968 1929 2179 1989 misera,

631 2019 731 2072 llic.
764 2030 943 2074 autem
989 2020 1053 2072 de
1090 2021 1194 2072 Deo
1222 2034 1403 2072 sermo
1432 2019 1682 2087 indiguus
1711 2029 1824 2082 est,
1863 2020 1906 2074 si
1939 2022 2185 2076 videlicet

629 2113 845 2165 dicatur
877 2119 1181 2164 creaturam
1229 2110 1420 2162 nudam
1453 2119 1504 2162 et
1542 2115 1690 2177 quasi
1723 2111 1804 2163 sui
1843 2127 2064 2165 vacuam
2095 2115 2188 2166 de-

629 2203 860 2270 spicere.
912 2206 1101 2255 νυι-υιη
1133 2215 1233 2255 nec
1263 2212 1506 2253 creatura
1536 2201 1613 2254 sic
1651 2201 1847 2254 misera
1872 2242 1884 2265 ,
1916 2217 2014 2255 nec
2047 2202 2186 2256 Deus

632 2296 711 2348 sic
753 2294 1035 2349 imbecillis
1087 2307 1201 2362 est,
1245 2306 1301 2348 ut
1331 2304 1569 2348 sanctam
1611 2294 2075 2362 participationem
2132 2297 2184 2349 in

630 2397 909 2442 creaturas
961 2403 1063 2440 non
1129 2389 1479 2442 transmittat.
1529 2387 1712 2454 Itaque
1752 2387 1931 2439 statim
1980 2388 2043 2439 ad
2104 2390 2182 2441 sui

635 2480 918 2548 imaginem
955 2481 1124 2533 voluit
1159 2481 1427 2533 hominem
1482 2479 1677 2532 facere.
1715 2478 1960 2531 Profecto
2010 2489 2184 2532 autem

633 2573 810 2641 imago
839 2588 957 2640 qua:
985 2572 1229 2637 efiicitur,
1271 2573 1390 2624 dum
1434 2572 1502 2625 ab
1528 2571 1818 2639 exemplari
1849 2568 2186 2632 transfertur,

632 2664 1042 2718 similitudinem
1065 2664 1117 2716 in
1146 2664 1367 2716 materia
1391 2663 1608 2732 accipit,
1636 2677 1696 2716 ac
1718 2660 2049 2714 characteris
2075 2658 2190 2726 ejus

630 2755 856 2810 efﬁcitur
903 2757 1212 2824 particeps,
1261 2757 1346 2809 ubi
1393 2771 1486 2823 per
1531 2755 1755 2810 artificis
1811 2754 2190 2823 cogitationem

632 2861 956 2912 manumque
1007 2848 1263 2913 impressa
1305 2848 1484 2898 fuerit.
1529 2844 1621 2898 Sic
1666 2848 1856 2914 pictor,
1910 2846 1988 2899 sic
2040 2845 2186 2898 scul-

633 2943 755 3004 ptor
789 2953 802 2990 :
833 2937 910 2990 sic
944 2939 1030 3004 qui
1062 2953 1278 2990 auream
1335 2947 1424 2991 aut
1476 2954 1669 2991 aeream
1724 2947 1952 2991 statuam
1981 2937 2145 2991 efﬁcit
2168 2976 2182 3000 ,

2288 1744 2462 1797 πάντα
2506 1744 2572 1797 τὰ
2607 1745 2945 1815 πεποιημένα
2994 1746 3126 1816 πρὸς
3175 1747 3265 1799 τοῦ
3295 1748 3448 1811 Θεοῦ,
3490 1751 3580 1801 καὶ
3609 1752 3708 1819 τῆς
3751 1754 3854 1804 τοῦ

2283 1835 2617 1907 Δημιουργοῦ
2663 1837 2816 1908 δόξης
2860 1837 3256 1907 ἀπολειπόμενα
3291 1841 3430 1894 κατὰ
3471 1843 3565 1914 τὴν
3618 1847 3856 1913 κτιστὴν

2285 1927 2463 1994 φύσιν,
2496 1927 2542 1977 εί
2589 1926 2660 1996 μὴ
2708 1927 2918 1997 μετέχει
2949 1926 3217 1995 θεότητος.
3259 1929 3492 1992 Ἀνάξιος
3536 1932 3589 1982 δὲ
3623 1933 3653 1982 6
3688 1931 3859 1997 λόγος

2285 2020 2409 2088 περὶ
2438 2017 2590 2081 Θεοῦ,
2623 2018 2682 2069 τὸ
2711 2018 2917 2088 γυμνὴν
2949 2018 3056 2086 (‘20)
3088 2019 3179 2070 καὶ
3206 2017 3387 2089 ὥσπερ
3419 2021 3617 2091 ἔρημον
3651 2023 3860 2075 ἑαυτοῦ

2286 2112 2546 2180 περιορᾷν
2593 2110 2690 2179 τὴν
2741 2109 2933 2162 κτίσιν.
3001 2108 3136 2166 Ἀλλ’
3190 2109 3310 2161 οὗτε
3367 2114 3396 2179 ἡ
3451 2115 3623 2176 κτίσις
3673 2113 3859 2175 οὕτως

2284 2203 2460 2265 ἀθλία,
2501 2201 2639 2254 οὔτε·
2674 2201 2802 2263 Θεὸς
2839 2200 3008 2264 οὕτως
3049 2201 3325 2264 ἀδύνατος,
3379 2201 3514 2254 ὥστε
3549 2207 3647 2275 τὴν
3685 2207 3856 2272 ἁγίαν

2288 2294 2570 2364 μετάδοσιν
2626 2291 2699 2362 μὴ
2748 2293 3071 2362 διαπέμπειν
3113 2295 3205 2346 ἐπὶ
3251 2293 3318 2345 τὰ
3361 2296 3658 2362 ποιήματα.
3710 2299 3855 2350 Κατ’

2287 2389 2466 2440 εἰκόνα
2500 2387 2628 2456 γοῦν
2656 2386 2847 2440 ἑαυτοῦ
2878 2388 3036 2452 εὐθὺς
3065 2390 3285 2459 ποιῆσαι
3317 2389 3406 2441 τὸν
3436 2389 3719 2458 ἄνθρωπον
3757 2391 3859 2458 βε-

2287 2477 2560 2548 ϐούληται.
2610 2477 2830 2540 Πάντως
2857 2478 2911 2528 δὲ
2942 2481 2975 2547 ή
3005 2478 3114 2546 (9.1)
3142 2479 3302 2530 εἰκὼν
3343 2483 3372 2548 ἡ
3416 2479 3858 2549 δημιουργουμέ-

2288 2579 2372 2631 νη,
2424 2565 2828 2634 μεταφερομένη
2864 2566 2968 2618 ἀπὸ
3002 2566 3090 2618 τοῦ
3120 2567 3491 2637 πρωτοτύπου,
3527 2569 3624 2638 τὴν
3654 2570 3858 2637 όμοὶω-

2291 2667 2373 2702 σιν
2405 2654 2481 2714 εἰς
2512 2653 2605 2722 τὴν
2640 2657 2766 2725 ὓλην
2799 2658 3007 2726 εἴληφε,
3038 2661 3130 2711 καὶ
3161 2660 3458 2730 μετέσχηκε
3487 2661 3596 2730 (2‘2)
3628 2661 3724 2712 τοῦ
3756 2679 3856 2729 χα-

2291 2742 2558 2812 ρακτῆρος
2601 2743 2688 2795 διὰ
2729 2747 2822 2813 τῆς
2853 2746 2943 2797 τοῦ
2979 2751 3216 2816 τεχνίτου
3248 2751 3483 2812 διανοίας
3530 2752 3622 2804 καὶ
3668 2753 3854 2820 χειρὸς

2289 2834 2750 2904 ἐναπομαχθέντος
2778 2835 2906 2902 (25).
2950 2836 3132 2899 Οὕτως
3175 2842 3202 2890 6
3255 2840 3559 2910 ζωγράφος,
3607 2843 3782 2904 οὕτως
3826 2845 3854 2893 6

2289 2927 2623 2996 λιθογλύφος,
2659 2928 2829 2992 οὕτως
2857 2932 2884 2981 ὁ
2912 2931 3000 2981 τὸν
3025 2930 3250 2998 χρύσεον
3277 2934 3368 2984 καὶ
3393 2933 3480 2984 τὸν
3504 2934 3731 3002 χάλκεον
3755 2938 3851 2987 άν-

633 3037 848 3094 aecepta
897 3029 1140 3094 materia,
1176 3030 1389 3099 respicit
1419 3030 1483 3083 ad
1510 3029 1817 3099 exemplar,
1853 3031 2080 3083 assumit
2109 3031 2184 3084 rei

2291 3022 2508 3092 δριάντα
2551 3022 2913 3092 δημιουργῶν,
2962 3022 3150 3076 ἐλαϐεν
3197 3023 3346 3093 ὕλην,
3399 3025 3612 3078 ἀπεῖδεν
3659 3028 3741 3089 εἰς
3791 3029 3852 3080 το

631 3133 790 3184 quam
839 3118 1143 3184 speculatus
1188 3130 1269 3172 est
1317 3120 1559 3187 ﬁguram,
1615 3121 1749 3172 hanc
1798 3120 1850 3171 in
1907 3121 2184 3172 materiam

632 3210 910 3276 imprimit.
945 3209 1093 3275 Quod
1124 3212 1166 3265 si
1216 3212 1461 3264 homines
1494 3226 1596 3262 non
1640 3219 1863 3278 possunt
1894 3209 1957 3261 ad
1999 3210 2189 3263 simili-

633 3302 874 3355 tudinem
906 3302 1196 3355 informare
1222 3304 1498 3363 materias,
1526 3302 1624 3354 nisi
1653 3316 1838 3354 earum
1872 3301 2042 3354 ideam
2069 3316 2191 3368 par-

634 3393 892 3462 tit-ipent;
926 3394 1192 3459 quomodo
1229 3395 1288 3443 aal
1324 3393 1727 3445 similitudinem
1763 3391 1851 3443 Dei
1887 3393 2189 3445 ascenderit

631 3496 912 3548 creatura,
960 3486 1058 3538 nisi
1109 3486 1436 3538 eharacteris
1483 3485 1645 3537 divini
1710 3484 1873 3553 302
1921 3485 2190 3552 particeps

632 3579 820 3632 effecta
875 3578 984 3631 sit?
1029 3577 1248 3631 Divinas
1304 3586 1481 3630 autem
1529 3576 1810 3630 character
1863 3592 1964 3628 non
2017 3575 2188 3642 qualis

633 3672 902 3724 Immanus
931 3680 1048 3734 est,
1083 3671 1173 3724 sed
1215 3670 1435 3735 vivens,
1476 3678 1530 3723 et
1563 3683 1686 3723 vere
1722 3668 1985 3721 exsistens
2015 3667 2188 3737 imago

636 3759 883 3827 imaginis
927 3760 1166 3812 effectrix
1192 3799 1206 3823 ,
1256 3763 1407 3827 cujus
1441 3761 1564 3813 dum
1597 3760 1885 3828 participes
1937 3758 2068 3811 fiunt
2101 3772 2186 3810 res

635 3858 862 3912 cunctae,
901 3847 992 3900 Dei
1027 3851 1425 3903 constituuntur
1455 3853 1730 3918 imagines.
1766 3853 1942 3920 Imago
1972 3851 2184 3919 quidem

633 3942 724 3996 Dei
753 3952 833 3996 est
858 3941 1127 4006 Christus,
1170 3941 1271 4006 Qui
1310 3951 1379 3991 est
1405 3979 1418 4002 ,
1452 3943 1640 4006 inquit,
1677 3943 1844 4011 imago
1880 3943 1980 3996 Dei
2014 3943 2187 3995 inuisi-

632 4035 752 4087 bilia
779 4035 858 4100 ’7;
907 4035 1083 4101 imago
1116 4048 1242 4087 vero
1291 4031 1443 4095 Filii,
1502 4030 1765 4100 Spiritus;
1806 4044 1860 4086 et
1904 4036 1993 4103 qui
2032 4036 2188 4103 hujus

631 4125 768 4178 fiunt
815 4126 1140 4194 participes,
1172 4125 1261 4177 iilii
1302 4126 1604 4178 conformes
1635 4122 1960 4186 efﬁciuntur,
1999 4140 2189 4177 secun-

632 4217 754 4268 dum
790 4217 839 4268 id
870 4217 1010 4284 quod
1044 4219 1300 4286 scriptum
1326 4229 1406 4271 est
1433 4237 1444 4271 :
1478 4218 1644 4281 Quos,
1675 4217 1866 4279 inquit,
1894 4217 2186 4283 pra‘scivit,

631 4319 676 4357 et
709 4309 1098 4374 prwdestinavit
1147 4309 1436 4377 conformes
1476 4311 1592 4376 ﬁeri
1630 4309 1874 4377 imaginis
1921 4305 2051 4359 Filii
2081 4309 2187 4371 sui,

632 4409 686 4450 ut
713 4398 781 4450 sit
806 4398 912 4466 ipse
943 4401 1316 4468 primogenitus
1345 4402 1399 4452 in
1422 4401 1600 4452 multis
1626 4400 1876 4466 fratribus
1913 4400 1977 4455 ³⁸.

701 4492 745 4524 ’⁷
777 4492 981 4547 Coloss.
1012 4509 1051 4556 ι,
1088 4494 1172 4547 15.
1248 4496 1292 4526 ’⁸
1330 4495 1481 4548 Rom.
1507 4510 1625 4557 viti,
1657 4493 1745 4548 ‘29.

630 4657 662 4709 ό
702 4585 814 4656 (15)
855 4585 1060 4656 Vulgati
1087 4588 1205 4639 libri
1242 4590 1529 4657 προφήτης
1559 4583 1673 4641 οῦν.
1712 4586 1824 4640 Vox
1862 4581 1952 4637 οῦν
1983 4587 2034 4639 in
2063 4603 2191 4641 mss.

666 4669 804 4709 eest.

666 4669 804 4710 ct'Sl.

703 4727 814 4801 (16)
848 4726 983 4780 Editi
1037 4728 1303 4801 Διῄρηται
1335 4727 1461 4796 γὰρ.
1492 4725 1644 4794 Illud,
1689 4728 1816 4799 γάρ,
1851 4728 1903 4782 in
1932 4741 2060 4780 mss.
2090 4742 2193 4778 non

634 4798 864 4864 legitur;
895 4813 1068 4864 eoque
1095 4798 1408 4851 delevimus.

705 4867 818 4947 (Π)
839 4869 1016 4947 (Inde):
1034 4884 1181 4947 unus
1201 4878 1253 4920 et
1277 4869 1401 4947 editi
1429 4868 1550 4919 Ὅτι
1584 4869 1912 4947 μετέχειλτοῦ
1939 4872 2140 4947 Δημέου

632 4935 730 5003 γοῦ
764 4936 832 4987 τὰ
864 4937 982 5008 κατ’
1002 4937 1183 4989 εἰκόνα
1206 4937 1482 5008 γινόμενα,
1524 4935 1679 4988 τοῦτο
1709 4935 1765 4991 δὲ
1803 4941 1890 4992 διὰ
1915 4935 2009 4990 τοῦ
2022 4935 2198 4989 Πνεῦ-

637 5022 826 5076 ματος.
859 5007 960 5076 Alii
987 5019 1218 5071 quatuor
1244 5023 1370 5060 mss.
1397 5010 1545 5061 ὅτι...
1587 5008 1767 5060 εἰκόνα
1787 5025 1798 5037 ·
1831 5010 1987 5062 τοῦτο
2029 5008 2084 5060 δὲ
2108 5008 2195 5060 διὰ

633 5075 727 5128 τοῦ
785 5075 1097 5144 Πνεῦματος
1127 5077 1400 5145 γινόμενα,
1433 5080 1508 5130 sic
1541 5085 1595 5128 ut
1644 5078 1792 5138 illud,
1822 5079 1976 5131 τοῦτο
2004 5079 2079 5140 δέ,
2105 5081 2197 5128 ad-

635 5147 944 5199 verbialiter
970 5159 1241 5212 sumptum
1285 5163 1403 5200 esse
1448 5149 1710 5209 videatur,
1742 5151 1897 5201 simul
1950 5166 2042 5215 per
2071 5147 2192 5212 Spi-

636 5219 792 5267 ritum
819 5219 979 5284 facta.
1011 5217 1116 5269 Alii
1144 5217 1248 5269 duo
1278 5233 1406 5271 mss.
1444 5220 1515 5271 uti
1555 5220 1606 5269 in
1649 5228 1902 5272 contextu
1941 5220 2041 5286 legi
2101 5233 2196 5287 po-

638 5295 757 5339 test.

707 5353 815 5424 (18)
843 5355 982 5408 Editi
1016 5364 1068 5407 et
1094 5356 1297 5423 aliquot
1331 5373 1460 5411 mss.
1496 5356 1712 5418 αὐτούς.
1746 5356 1921 5410 Codex
1955 5357 2107 5411 Colb.
2143 5367 2197 5411 et

637 5424 724 5476 alii
763 5428 866 5478 duo
894 5426 1040 5494 Regii
1067 5427 1312 5490 ἑαυτούς.
1345 5427 1542 5482 Ibidem
1572 5429 1700 5482 editi
1730 5427 2099 5480 ἀποκόπτωσι.
2130 5431 2197 5480 At

636 5510 768 5545 mss.
793 5495 1128 5564 άποκόψωσι.

707 5559 1203 5639 (19)-Ει-ΙίιίπΑθλια
1255 5569 1395 5639 γάρὴ,
1440 5567 1590 5639 Libri
1615 5575 1840 5639 "veteres
1877 5568 2070 5620 Ἀθλια
2099 5567 2196 5637 μὲν

638 5634 998 5721 γάρζιὺίάειη
1025 5639 1155 5690 editi
1186 5640 1276 5690 καὶ
1307 5634 1398 5690 τοῦ
1432 5638 1560 5706 δημ.
1589 5637 1811 5692 Codices
1845 5649 1952 5691 tres
1977 5639 2069 5690 καὶ
2098 5634 2196 5706 τῆς

637 5720 731 5757 του
759 5719 822 5775 οη
832 5721 888 5772 μ.

712 5775 822 5843 (20)
851 5775 1029 5829 Codex
1087 5793 1222 5832 unus
1255 5789 1308 5834 et
1342 5779 1470 5834 editi
1502 5780 1625 5838 περὶ
1660 5777 1792 5831 Θεοῦ
1836 5779 1925 5832 τοῦ
1964 5780 2191 5839 γυμνήν.

2287 3112 2657 3180 πρωτότυπον,
2693 3113 2916 3166 ἀνέλαϐε
2951 3111 3041 3164 τοῦ
3074 3112 3476 3185 τεθεωρημένον.)
3498 3117 3606 3182 (Ἡ)
3635 3119 3728 3170 τὸν
3759 3119 3851 3170 τῦ-

2288 3220 2406 3265 πον,
2440 3206 2944 3275 ὲναπεσφραγίσατο
2984 3204 3169 3258 τοῦτον
3201 3210 3264 3275 τῇ
3292 3208 3408 3278 ῦλῃ.
3436 3210 3500 3262 Εἰ
3552 3211 3607 3262 δὲ
3639 3211 3852 3281 ἀνθρὼ-

2287 3310 2410 3354 ποις
2448 3293 2544 3362 οὐχ
2594 3290 2701 3346 οἷόν
2740 3312 2798 3346 τε
2847 3297 2981 3364 πρὸς
3027 3298 3281 3364 ὁμοίωσιν
3336 3300 3716 3368 ὲκτυπωθῆναι
3749 3299 3850 3364 τὰς

2289 3385 2436 3448 ὕλας,
2467 3387 2513 3436 εὶ
2547 3386 2617 3456 μὴ
2644 3387 2740 3457 τῆς
2786 3388 2926 3451 ἰδέας
2963 3389 3139 3440 αὐτῶν
3169 3390 3519 3457 μεταλάδοιεν
3539 3407 3552 3419 ·
3584 3392 3700 3455 πῶς
3733 3395 3850 3462 Θεῷ

2289 3479 2422 3545 πρὸς
2445 3479 2696 3546 ὁμοίωσιν
2731 3480 2959 3547 ἀναϐαίη
2980 3480 3092 3547 (‘25)
3120 3480 3179 3530 τὸ
3211 3481 3432 3549 κτίσμα,
3469 3481 3540 3550 μὴ
3579 3484 3848 3553 μεταλαμ-

2289 3568 2444 3621 ϐάνον
2476 3569 2615 3622 θείου
2646 3572 3022 3643 χαρακτῆρος;
3055 3573 3204 3634 Θεῖος
3229 3572 3284 3623 δὲ
3313 3576 3593 3645 χαρακτὴρ
3625 3579 3722 3647 οὐχ
3742 3573 3849 3637 οἷος

2287 3663 2314 3713 ό
2354 3660 2705 3730 ἀνθρώπινος,
2743 3665 2875 3718 ἀλλὰ
2905 3665 3010 3729 ζῶν
3033 3683 3045 3694 ·
3089 3666 3181 3718 καὶ
3208 3665 3373 3726 ὅντως
3407 3664 3478 3716 ὢν
3515 3667 3676 3719 εἰκὼν
3710 3671 3849 3720 εἰκο-

2288 3755 2516 3820 νοποιὸς,
2547 3751 2611 3827 ἦς
2644 3757 2815 3810 πάντα
2842 3759 2947 3827 (26)
2977 3759 3044 3811 τὰ
3092 3758 3423 3829 μετασχόντα
3475 3760 3683 3821 εἰκόνες
3723 3761 3850 3813 καθ-

2290 3848 2531 3903 ίστανται
2577 3848 2729 3902 Θεοῦ.
2758 3851 2931 3905 Εἰκὼν
2974 3854 3070 3923 μὲν
3102 3851 3234 3904 Θεοῦ
3278 3852 3528 3922 Χριστὸς,
3562 3853 3670 3916 ὐς
3697 3854 3848 3915 ἐστι,

2288 3943 2466 4013 φησὶν,
2494 3944 2668 3995 εἰκὼν
2691 3944 2794 3996 τοῦ
2825 3945 2967 3998 Θεοῦ
2992 3947 3095 4000 τοῦ
3124 3945 3407 4013 ἀοράτου·
3455 3945 3617 3997 εἰκὼν
3641 3944 3698 3997 δὲ
3722 3946 3849 3996 Tia-3

2289 4035 2347 4085 τὸ
2377 4034 2617 4103 Πνεῦμα,
2643 4038 2736 4088 καὶ
2764 4038 2810 4088 οἱ
2838 4036 3024 4091 τούτου
3055 4039 3554 4106 μεταλαμϐάνοντες
3585 4037 3690 4089 υἱοὶ
3718 4039 3778 4088 σύ
3790 4055 3853 4105 μ-

2292 4142 2507 4193 μορφοι,
2525 4127 2662 4178 κατὰ
2690 4128 2749 4180 τὸ
2770 4131 3170 4200 γεγραμμένον,
3206 4133 3285 4181 ὅτι
3306 4131 3418 4195 Οὓς
3441 4131 3714 4198 προέγνω
3741 4133 3851 4197 (Ξῖ)

2289 4216 2382 4269 καὶ
2417 4218 2703 4284 προώρισε
2730 4225 3138 4287 συμμόρφους,
3170 4223 3318 4290 φησὶ,
3348 4222 3456 4288 τῆς
3487 4224 3722 4285 εἰκόνος
3750 4223 3854 4273 τοῦ

2299 4308 2430 4361 Υἱοῦ
2461 4309 2667 4370 αὑτοῦ,
2707 4312 2791 4374 εἰς
2834 4311 2898 4363 τὸ
2943 4312 3093 4366 εἶναι
3139 4315 3321 4365 αὐτὸν
3361 4316 3738 4379 πρωτότοκον
3787 4313 3854 4364 ἐν

2221 4381 2264 4436 D
2293 4401 2544 4466 πολλοῖς
2573 4399 2866 4470 ἀδελφοῖς.

2303 4587 2403 4639 Alii
2428 4586 2664 4653 quinque
2702 4601 2834 4656 mss.
2870 4603 2996 4656 περι
3030 4586 3183 4649 Θεοῦ,
3217 4585 3297 4648 τὸ,
3327 4589 3558 4656 γυμνήν.
3601 4583 3709 4656 "of.
3743 4584 3852 4649 ipso

2300 4659 2352 4708 in
2379 4658 2493 4710 loco
2527 4657 2654 4710 editi
2689 4658 2782 4707 καὶ
2803 4653 3008 4725 ὥσπερ.
3049 4657 3222 4709 Rostri
3256 4653 3453 4726 septem
3495 4653 3624 4706 iuss.
3665 4653 3851 4724 ὥσπερ

2297 4745 2407 4779 και.

2367 4797 2480 4864 (21)
2519 4796 2648 4861 Reg.
2684 4795 2873 4846 tertius
2910 4793 3131 4847 Πάντων
3161 4794 3216 4847 δὲ
3246 4799 3300 4866 ἡ.

2368 4863 2483 4939 ('22)
2537 4865 2682 4932 Regii
2739 4866 3008 4939 secundus
3062 4875 3115 4918 et
3176 4863 3361 4939 tertius
3396 4863 3526 4933 ὓλην
3572 4868 3849 4939 εἰληφέναι

2302 4938 2604 5006 μετέσχηκε
2634 4945 2648 4961 ⁸
2698 4947 2857 5006 quam
2909 4935 3603 5006 scripturamiclaratttiesse
3640 4935 3849 5002 etper—

2299 5003 2537 5074 sapientiai
2570 5003 2923 5058 Combefisius
2951 5005 3199 5059 affirmat.
3235 5004 3408 5056 Codex
3440 5005 3591 5060 Colb.
3622 5021 3673 5062 et
3719 5008 3847 5074 Reg.

2299 5079 2520 5142 quintus
2565 5089 2684 5127 cum
2747 5074 2905 5125 editis
2935 5085 2993 5124 ut
3050 5076 3099 5126 in
3134 5083 3407 5128 contextu.
3461 5076 3661 5131 Ibidem
3722 5093 3848 5130 ιιιεδ.

2299 5147 2534 5199 nonnulli
2573 5144 2913 5213 χαρακτῆρος
2952 5145 3181 5198 ἐκείνου.

2369 5217 2480 5285 (25)
2516 5215 2873 5286 Antiquiduo
2914 5215 3031 5268 libri
3069 5225 3120 5269 et
3171 5213 3297 5267 editi
3346 5215 3526 5286 χειρὸς
3575 5216 3849 5286 ὲναπόμα-

2297 5284 2441 5355 γμα·
2476 5285 2616 5355 quod
2639 5354 2642 5355 ν
2664 5284 2911 5355 vitiosum
2931 5300 3068 5355 esse
3109 5284 3497 5355 et_mendo.sum
3527 5289 3661 5338 satis
3688 5284 3845 5354 pate-t.

2297 5353 2499 5410 Codex
2536 5354 2689 5407 Colb.
2738 5364 2792 5406 et
2855 5354 2957 5406 alii-
2990 5357 3093 5408 duo
3154 5353 3302 5424 Regii
3356 5353 3848 5428 ἐναπομαχθὲντςς,

2298 5437 2463 5480 recte.

2370 5495 2479 5564 (24)
2513 5494 2638 5562 Reg.
2676 5502 2893 5561 quartus
2920 5495 3011 5547 τοῦ
3036 5495 3569 5564 προτεθεωρημένου.

2369 5566 2481 5629 (25)
2508 5566 2656 5638 _Ij.‘dit_i
2684 5565 2887 5638 ριναδῇ.
2921 5567 3143 5638 A_t_mss.
3181 5577 3287 5617 tres
3317 5565 3568 5638 ἀναϐαίη.

2368 5637 2477 5703 (26)
2508 5636 2646 5688 Editi
2745 5630 2938 5688 πάντα.
2964 5633 3140 5687 Nostri
3172 5643 3372 5698 septem
3405 5630 3652 5705 ηιεδίῆς.

2369 5707 2477 5775 (9.7)
2506 5706 2635 5775 Reg.
2670 5708 2856 5760 tertius
2890 5705 2994 5769 Οὓς
3028 5706 3360 5776 προέγνωκε.
