4078 6316
200 365 314 420 725

1300 376 1670 433 ADVERSUS
1712 381 2082 436 EUNOMIL‘JM
2123 386 2247 438 LIB.
2293 391 2356 443 V.

3337 398 3438 450 7°16

238 486 341 533 Οτι
399 485 466 536 τὸ
517 482 688 552 ἄτιον
732 482 973 570 Πνεῦμα
1028 486 1098 536 οὺ
1161 486 1356 554 κτῆμα
1419 490 1586 551 Θεοῦ,
1643 493 1773 545 οὐδὲ

1892 493 2048 556 Quod
2110 497 2340 560 Spiritus
2381 513 2592 552 sanctus
2649 516 2750 552 non
2796 503 2858 552 sit
2900 502 2993 554 Dei
3047 507 3300 571 possessio
3352 523 3442 560 nec

874 554 1114 624 κτίσμα.

279 643 404 706 Πῶς
429 639 521 697 οὖν
554 645 614 694 τὸ
653 643 874 715 Πνεῦμα
922 649 1373 719 (ξυμμαρτυρήσει
1406 649 1482 720 τῷ
1513 653 1777 722 πνεύματί

206 751 327 799 σου,
360 736 497 789 κατὰ
522 735 610 786 τὸν
645 735 981 800 Ἀπὸστολον,
1000 739 1080 789 ὅτι
1109 737 1232 799 Υἱὸς
1256 735 1306 790 εἷ
1323 737 1414 790 τοῦ
1441 740 1593 798 Θεοῦ.
1623 743 1779 815 εἴπερ

205 828 342 880 αὐτὸ
369 829 466 895 τῆς
495 826 586 878 τοῦ
618 826 744 880 Υίοῦ
773 829 928 899 δόξης
959 830 1264 900 ἁλλότριον;
1306 833 1428 896 Πῶς
1460 834 1516 885 ἐν
1548 835 1628 886 σοι
1653 835 1777 906 βοή-

206 936 381 981 σεται,
428 916 588 971 Ἁϐϐᾶ
630 922 661 972 ό
691 921 909 990 Πατὴρ,
953 923 999 972 εί
1032 920 1106 992 μὴ
1135 924 1414 992 μετάδοσίς
1445 927 1588 976 ἐστιν
1613 925 1778 990 ὅντως

203 1010 266 1074 ἐξ
303 1009 468 1073 Υἱοῦς
503 1011 563 1062 οὐ
610 1012 792 1083 κτῆμα
835 1010 1020 1074 αὑτοῦ,
1050 1014 1176 1084 παρ’
1207 1013 1369 1067 αὑτοῦ
1409 1016 1776 1085 πεμπόμενον,

205 1100 400 1171 ὥσπερ
443 1101 501 1154 τὺ
541 1102 756 1172 πνεῦμα
804 1105 862 1156 τὸ
900 1103 1259 1172 ἀνθρώπινον,
1308 1107 1339 1176 ἢ
1376 1108 1436 1160 τὸ
1475 1107 1688 1177 πνεῦμα
1721 1107 1781 1160 τὸ

207 1190 513 1258 ἀνεμιαῖον,
561 1193 699 1264 ἆπερ
738 1192 958 1244 εἰώθασι
998 1193 1174 1262 λέγειν
1201 1199 1246 1248 οἱ
1275 1196 1336 1248 τὸ
1368 1195 1591 1266 Πνεῦμα
1615 1197 1778 1269 χωρί-

207 1277 394 1346 ζοντες
432 1284 538 1336 ἀπὸ
583 1285 852 1356 θεότητος,
897 1286 1034 1339 ἀλλὰ
1077 1288 1208 1340 Θεοῦ
1250 1290 1340 1342 καὶ
1384 1289 1513 1343 Υἱοῦ
1559 1292 1781 1360 Πνεῦμα

242 1373 378 1426 ῒδιον
405 1376 536 1440 (28),
563 1379 619 1428 ὲν
665 1380 734 1446 τῇ
772 1377 891 1447 θείᾳ
925 1378 1049 1451 δόξῃ
1078 1380 1363 1450 τυγχάνον,
1396 1383 1489 1436 καὶ
1518 1382 1778 1454 γνωριζό-

210 1482 394 1533 μενον.
427 1469 501 1519 Οὐ
535 1467 642 1536 γὰρ
673 1467 732 1518 τὸ
776 1468 988 1538 πνεῦμα
1033 1470 1093 1522 τὸ
1132 1472 1222 1524 σὸν
1261 1474 1520 1544 Χριστόςο
1567 1476 1684 1528 οὐδὲ
1721 1474 1780 1526 τὸ

208 1558 428 1628 πνεῦμα
455 1559 545 1611 τοῦ
575 1560 773 1629 ἀνέμου
807 1562 1008 1633 Κύριος
1030 1582 1042 1595 ·
1068 1565 1186 1618 οὐδὲ
1213 1567 1272 1619 τὸ
1306 1567 1520 1638 πνεῦμα
1551 1569 1611 1621 τὸ
1645 1568 1780 1620 ἀκά-

208 1649 406 1718 Θαρτον
436 1649 643 1721 (ἐπειδὴ
686 1651 777 1704 καὶ
807 1653 961 1707 τοῦτο
991 1657 1293 1728 ἐτόλμησαν
1330 1663 1672 1728 παραγαγεῖν
1702 1677 1779 1711 τι-

206 1747 359 1804 νεςὶο
401 1739 461 1792 τὸ
491 1741 545 1793 δὲ
595 1744 817 1814 Πνεῦμα
851 1747 909 1798 τὸ
960 1747 1112 1813 ἆγιον
1161 1750 1392 1817 Χριστὸς
1439 1751 1528 1802 καὶ
1576 1751 1779 1821 Κύριος

205 1829 553 1900 ὀνομάζεται,
597 1835 842 1903 λέγοντος
887 1839 983 1905 μὲν
1024 1837 1114 1890 τοῦ
1161 1839 1481 1890 Ἀποστόλου
1515 1842 1773 1912 (καθάπερ

1884 1855 2315 1908 commonuimus
2339 1894 2352 1917 ,
2396 1853 2475 1904 ait.
2511 1849 2798 1915 Apostolus

206 1921 412 1990 ἀρτίως
441 1923 830 1992 ἐμνήσθημεν),
862 1927 927 1976 Εἰ
951 1924 1016 1977 δέ
1045 1944 1130 1990 τις
1159 1928 1398 1996 Πνεῦμα
1425 1931 1639 1995 Κυρίου
1670 1934 1779 1984 οὐκ

205 2014 358 2079 ἔχει,
396 2011 568 2079 οὗτος
609 2018 718 2068 οὐκ
758 2016 927 2069 ἐστιν
967 2019 1180 2071 αὑτοῦ·
1220 2022 1270 2072 εὶ
1310 2019 1377 2071 δὲ
1416 2022 1667 2086 ,Χριστὸς
1712 2025 1780 2075 ἐν

204 2105 387 2173 ὑμῖν*
434 2106 529 2177 τὴν
570 2107 661 2159 τοῦ
710 2108 1024 2178 Πνεῦματος
1070 2111 1340 2180 ἐνοίκησιν
1394 2113 1780 2181 ἀποφαίνοντος

205 2197 482 2267 Χριστοῦ·
542 2198 788 2265 λέγοντος
847 2200 902 2252 δὲ
965 2201 1162 2254 πάλιν·
1228 2203 1279 2254 '0
1339 2204 1406 2256 δὲ
1455 2207 1667 2274 Κύριος
1713 2207 1778 2258 τὸ

205 2289 453 2359 Πνεῦμά
479 2292 674 2344 ἐστιν*
706 2289 776 2347 οὗ
804 2292 871 2345 δὲ
908 2294 971 2346 τὸ
1004 2295 1241 2364 Πνεῦμα
1271 2300 1508 2365 Κυρίου,
1544 2299 1779 2354 ἐλευθε-

197 2381 333 2448 pla.
388 2383 547 2433 Ὥστε
598 2382 657 2434 τὸ
704 2383 906 2452 Κυρίου
947 2383 1188 2455 Πνεῦμα,
1244 2387 1477 2458 Κύριος·
1525 2389 1624 2440 οὐκ
1673 2390 1777 2461 ἄρα

205 2470 396 2540 κτῆμα
437 2470 470 2540 ἢ
521 2475 721 2545 κτίσμα
765 2474 989 2542 Κυρίου,
1034 2477 1147 2529 ἀλλ’
1176 2477 1359 2543 εἰκὼν,
1399 2477 1473 2541 ὡς
1519 2483 1775 2552 προείρη-

204 2580 301 2615 ται
332 2563 461 2634 (29).

209 2657 335 2709 Ὅτι
371 2658 545 2712 εἰκὼν
572 2659 804 2729 ἀληθὴς
834 2658 1201 2783 againgvgtxh
1248 2660 1393 2714 Θεοῦ
1423 2661 1518 2714 καὶ
1557 2664 1777 2730 Kvplov

809 2749 839 2783 τ
976 2748 1179 2783 νευιια.

809 2748 871 2783 το
921 2748 1179 2798 ιινευμα.

284 2818 391 2869 Καὶ
422 2820 581 2872 εἰκὼν
608 2821 810 2890 ἀληθής
831 2839 842 2850 ·
878 2822 976 2872 οὑκ
1011 2821 1068 2883 ἐξ
1101 2822 1301 2883 εἰκόνος
1330 2820 1496 2886 θείας,
1530 2823 1774 2896 καθάπερ

206 2909 391 2975 ἡμεῖς.
423 2910 520 2960 Διὰ
553 2910 707 2961 τοῦτο
739 2913 843 2979 γὰρ
875 2911 1193 2974 ὲξεικονίζον
1241 2913 1336 2964 οὐκ
1373 2913 1771 2979 agamagam,

207 3000 305 3052 καὶ
337 3000 394 3051 τὸ
426 3000 629 3072 χρίσμα
673 3002 731 3053 οὑ
761 3003 990 3072 χρίεται.
1020 3004 1241 3071 Χρίσμα
1268 3004 1403 3056 δὲτὸ
1434 3006 1655 3075 Πνεῦμα
1689 3009 1771 3074 ἐφ’

206 3094 363 3160 ἡμῖν,
381 3092 453 3154 ὡς
481 3093 730 3165 Ἰωάννης
754 3094 897 3163 λέγει
916 3095 1044 3164 (50).
1066 3097 1172 3146 Καὶ
1207 3098 1258 3147 τί
1283 3093 1452 3158 εἷπον,
1497 3099 1579 3165 ἐφ’
1603 3100 1735 3166 ἡμῖν
1756 3115 1770 3161 ;

2535 580 2799 622 creatura.

1955 654 2240 720 Quomodo
2285 652 2466 721 igitur,
2503 661 2791 712 secundum
2827 658 3172 726 Apostolum,
3214 661 3448 729 Spiritus

1884 751 2096 821 spiritui
2138 756 2228 799 tuo
2264 746 2622 803 testimonium
2656 753 2838 806 reddet
2861 753 3002 819 quod
3029 752 3194 806 Filius
3228 755 3316 808 Dei
3348 757 3444 818 sis,

1889 846 1933 898 si
1971 843 2087 912 ipse
2116 855 2150 893 a
2176 839 2342 906 gloria
2374 838 2491 892 Filii
2525 840 2731 896 alienus
2754 845 2871 909 est?
2895 845 3172 910 Quomodo
3197 845 3445 900 clamabit

1882 937 1932 990 in
1976 944 2049 1000 te,
2086 930 2523 995 Abba,Pater",
2553 932 2652 984 nisi
2703 950 2828 990 vere
2879 941 2948 991 sit
2993 937 3335 1006 partieipatio
3380 952 3444 990 ex

1885 1029 2042 1093 Filio,
2077 1043 2182 1082 non
2217 1023 2336 1094 ejus
2376 1026 2680 1094 possessio,
2722 1041 2838 1094 qua:
2873 1029 2937 1081 ab
2987 1033 3103 1098 ipso
3145 1030 3443 1094 emittatur,

1893 1121 2036 1175 velut
2067 1119 2296 1190 spiritus
2321 1117 2603 1180 humanus,
2628 1129 2719 1170 aut
2746 1118 2963 1186 spiritus
2993 1124 3156 1189 venti,
3187 1132 3244 1175 ut
3266 1115 3444 1177 dice're

1887 1211 2067 1264 solent.
2103 1213 2193 1281 qui
2227 1230 2258 1264 ιι
2299 1209 2496 1263 deitale
2534 1209 2792 1279 Spiritum
2823 1221 3091 1277 separant,
3133 1216 3223 1265 sed
3263 1216 3350 1268 Dei
3382 1230 3444 1269 ac

1889 1300 2009 1355 Filii
2041 1303 2280 1374 Spiritus
2316 1303 2694 1369 sempiternus,
2726 1303 2779 1356 in
2824 1302 3000 1355 divina
3038 1302 3314 1371 majestate
3348 1322 3441 1358 ex-

1884 1393 2104 1459 sistens,
2165 1411 2228 1448 ac
2280 1393 2551 1461 cognitus.
2609 1394 2720 1447 Non
2773 1394 2914 1447 enim
2958 1395 3173 1458 spiritus
3211 1403 3331 1446 tuus
3363 1405 3444 1448 est

1880 1485 2147 1549 Christus,
2183 1502 2361 1556 neque
2392 1485 2534 1537 venti
2567 1484 2787 1553 spiritus
2824 1486 3080 1540 Dominus
3120 1498 3201 1540 est
3229 1526 3242 1549 ,
3271 1501 3445 1554 neque

1880 1579 2100 1648 spiritus
2155 1575 2463 1630 immundus
2511 1573 2792 1641 (namhoc
2839 1576 3000 1629 etiam
3042 1576 3276 1629 nonnulli
3324 1577 3437 1629 ausi

1882 1682 2006 1726 sunt
2067 1672 2122 1725 in
2187 1671 2428 1723 medium
2492 1666 2754 1733 proferre)
2796 1683 2808 1718 :
2850 1677 2902 1720 at
2954 1668 3183 1736 Spiritus
3228 1678 3443 1722 sanctus

1882 1765 2130 1820 Christus
2160 1773 2213 1816 et
2263 1761 2527 1815 Dominus
2576 1759 2901 1812 nominatur.
2942 1760 3178 1828 Quippe,
3208 1761 3443 1812 utmodo

2838 1867 2850 1902 :
2899 1848 2956 1903 Si
2991 1853 3099 1917 quis
3132 1861 3300 1904 autem
3330 1851 3444 1916 Spi-

1882 1947 2042 1997 ritum
2075 1944 2286 1996 Domini
2322 1961 2422 1996 non
2469 1941 2621 1993 habet
2647 1979 2662 2004 ,
2691 1939 2773 1990 hic
2817 1956 2917 1992 non
2947 1953 3020 1992 est
3059 1942 3212 2009 ejus:
3239 1943 3282 1994 si
3326 1957 3442 1994 vero

1881 2032 2121 2085 Christus
2154 2032 2203 2083 in
2236 2032 2373 2084 vobis
2418 2043 2490 2083 est
2531 2030 2575 2060 ³ο
2608 2047 2621 2083 :
2664 2028 2856 2097 quibus
2883 2030 3061 2083 verbis
3101 2030 3330 2098 Spiritus
3362 2033 3441 2082 in-

1882 2124 2271 2177 habitationem
2315 2121 2510 2174 Christi
2548 2135 2669 2174 esse
2708 2119 3149 2173 inhabitationem
3179 2121 3437 2184 aﬂirmat;

1881 2229 2068 2267 rursus
2102 2227 2231 2266 vero
2264 2211 2423 2265 dicit:
2458 2210 2715 2264 Dominus
2747 2221 2918 2264 autem
2950 2210 3178 2277 Spiritus
3218 2221 3322 2263 est:
3354 2212 3441 2263 ubi

1879 2322 1996 2361 vero
2026 2304 2254 2371 Spiritus
2285 2304 2528 2367 Domini,
2563 2303 2636 2356 ibi
2656 2303 2867 2356 libertas
2902 2303 2964 2354 ³¹.
3001 2302 3176 2368 Quare
3211 2301 3440 2371 Spiritus

1881 2399 2109 2461 Domini,
2135 2399 2391 2453 Dominus
2416 2408 2530 2452 est:
2558 2414 2669 2458 non.
2692 2396 2851 2462 igitur
2873 2397 3160 2463 possessio,
3181 2405 3272 2447 aut
3297 2409 3442 2447 crea-

1881 2502 1996 2546 tura
2028 2489 2261 2550 Domini,
2289 2489 2379 2540 sed
2410 2488 2607 2555 imago,
2643 2497 2889 2539 utxsuura
2915 2485 3112 2537 dictum
3145 2495 3247 2538 est.

1881 2667 2031 2733 Quod
2055 2667 2230 2738 imago
2262 2684 2380 2721 uera
2407 2681 2452 2722 et
2483 2668 2740 2720 naturalis
2771 2664 2865 2717 1)ρὶ
2892 2676 2938 2717 et
2977 2664 3184 2718 Domini
3209 2664 3439 2734 Spiritus

2637 2747 2733 2791 est.

1947 2832 2009 2885 Et
2049 2839 2133 2885 est
2169 2831 2345 2897 imago
2377 2843 2534 2890 vera,
2583 2845 2686 2880 non
2720 2843 2783 2880 ex
2828 2827 3056 2890 imagine
3094 2828 3268 2882 divina
3301 2830 3439 2881 sicut

1882 2938 2003 2977 nos.
2036 2921 2166 2974 Nam
2195 2919 2451 2988 quoniam
2484 2919 2596 2985 ipse
2628 2917 2914 2985 imaginem
2938 2917 3210 2986 exprimit,
3241 2918 3438 2972 idcirco

1881 3015 1948 3068 ab
1976 3013 2208 3084 imagine
2236 3027 2341 3066 non
2378 3010 2728 3078 exprimitur:
2754 3019 2806 3062 ct
2836 3011 3084 3079 quoniam
3112 3019 3435 3081 unguentum

1875 3116 1992 3170 est,
2034 3107 2236 3160 ideirco
2270 3121 2375 3159 non
2431 3105 2666 3172 ungitur.
2722 3103 2951 3172 Spiritus
2993 3115 3168 3158 autem
3196 3145 3211 3169 ,
3261 3115 3319 3158 ut
3362 3106 3438 3157 ait

211 3186 355 3254 Ἤδη
388 3187 491 3255 γὰρ
519 3189 608 3239 καὶ
655 3191 709 3239 ὲν
745 3188 888 3257 αὐτῷ
922 3187 996 3256 τῷ
1032 3187 1219 3257 Κυρίῳ
1249 3188 1384 3240 κατὰ
1432 3188 1527 3257 τὴν
1576 3188 1769 3256 σάρκα.

1879 3197 2109 3252 Joannes
2139 3199 2206 3263 ³³,
2246 3208 2573 3267 unguentum
2617 3197 2670 3250 in
2714 3197 2866 3249 nobis
2905 3207 3003 3249 est.
3037 3195 3099 3249 Et
3128 3198 3252 3262 quid
3291 3198 3434 3259 dixi,

221 3275 484 3340 Ἰησοῦν,
514 3278 662 3346 φησὶ,
688 3277 792 3329 τὸν
823 3281 939 3332 ἀπὸ
974 3278 1250 3348 Ναζαρὲτ,
1285 3279 1363 3342 ὡς
1395 3279 1638 3346 ἔχρισεν
1670 3281 1773 3332 αὑ-

205 3365 320 3418 τὸν
357 3369 387 3419 ό
421 3368 561 3434 Θεὸς
593 3374 884 3439 ῙΙγεύματι
913 3372 1057 3440 ἁγίῳ
1103 3375 1198 3425 καὶ.
1233 3372 1498 3440 δυνάμει.
1539 3373 1770 3442 Χριστὸς

206 3458 322 3526 ἄρα
352 3459 437 3511 διὰ
467 3460 525 3511 τὸ
566 3462 787 3531 Πνεῦμα
822 3465 914 3515 καὶ
945 3465 1042 3533 τὴν
1072 3466 1246 3536 χρίσιν
1276 3465 1372 3536 τὴν
1404 3466 1458 3519 ὲν
1491 3462 1566 3535 τῷ
1600 3463 1769 3516 Πνεῦ-

211 3567 363 3618 ματι.
395 3552 466 3602 Οὐ
496 3551 556 3622 δὴ
603 3549 693 3605 οὖν
731 3553 816 3606 διὰ
860 3554 950 3608 τοῦ
997 3557 1272 3626 ἀλλοτρίου
1317 3557 1413 3627 τῆς
1458 3556 1769 3627 θεότητοςή

208 3642 305 3692 τοῦ
332 3643 532 3714 Κυρίου
559 3645 755 3714 χρίσις,
781 3646 872 3698 καὶ
898 3647 956 3697 τὸ
979 3649 1209 3715 Χριστὸς
1243 3649 1430 3717 ὄνομα,
1462 3649 1554 3699 καὶ
1595 3649 1642 3698 οἱ
1678 3648 1771 3699 ἀπ’

207 3733 374 3785 αὐτοῦ
414 3734 731 3804 καλούμενοι
757 3737 1086 3807 Χριστιανοί.
1117 3737 1378 3807 Οἰμὼξειε
1403 3739 1509 3808 γάρ
1534 3755 1616 3803 τις
1646 3739 1774 3808 ἀλη-

207 3825 340 3886 θῶς,
381 3827 428 3876 εἰ
476 3828 566 3879 καὶ
597 3828 656 3878 τὸ
688 3828 854 3898 ὄνομα
881 3829 980 3898 τῆς
1017 3831 1286 3899 σωτηρίας
1330 3831 1486 3901 ἡμῶν
1515 3831 1621 3884 ἀπὸ
1657 3826 1773 3884 κτί-

208 3931 350 3974 σεως
372 3913 614 3984 ἄρχεται,
641 3917 731 3968 καὶ
755 3917 860 3973 ἀπὸ
889 3916 1118 3980 κτίσεως
1143 3919 1457 3986 κατάγεται,
1493 3919 1586 3970 καὶ
1609 3919 1655 3968 εί
1689 3916 1773 3968 διὰ

202 4009 393 4062 δούλου
447 4015 543 4079 τὴν
602 4011 868 4064 υἱοθεσίαν
921 4011 1131 4082 ἔχομεν.
1179 4013 1370 4075 Κτίσις
1421 4013 1516 4080 οὐχ
1560 4011 1772 4078 ἁγιάζει

205 4102 406 4165 κτίσιν,
437 4103 546 4154 ἀλλ’
601 4105 702 4155 ὑπὸ
733 4104 825 4156 τοῦ
855 4105 965 4172 (51)
996 4106 1112 4166 ἐνὸς
1139 4104 1291 4170 ἁγίου
1328 4103 1394 4156 τὰ
1424 4104 1598 4156 πάντα
1625 4105 1775 4171 ἁγιά-

205 4190 381 4257 ζεται,
408 4193 499 4244 τοῦ
525 4193 770 4260 λέγοντος
794 4195 920 4266 περὶ
948 4194 1168 4246 ἑαυτοῦ·
1211 4194 1348 4262 Ἐγὼ
1378 4194 1586 4262 ἁγιάζω
1605 4195 1775 4262 ἐμαυ-

202 4283 332 4339 τόν.
381 4283 618 4351 Ἀγιάξει
653 4283 707 4335 δὲ
741 4284 826 4338 διὰ
849 4284 941 4337 τοῦ
987 4286 1323 4353 Πνεῦματος,
1350 4285 1423 4348 ὡς
1472 4287 1772 4356 προαποδέ-

201 4376 430 4428 δεικται.
476 4377 547 4428 Τὸ
582 4376 804 4447 Πνεῦμα
852 4378 957 4449 ἄρα
1003 4379 1062 4431 οὑ
1097 4379 1291 4441 κτίσις,
1325 4378 1458 4431 ἀλλὰ
1498 4379 1596 4449 τῆς
1624 4379 1773 4446 ἁγιό-

199 4485 366 4536 τητος
417 4468 508 4520 τοῦ
555 4467 688 4520 Θεοῦ
743 4470 1043 4540 χαρακτὴρ,
1104 4473 1195 4522 καὶ
1245 4471 1392 4541 πηγὴ
1444 4474 1557 4533 τοῖς
1606 4475 1769 4525 πᾶσιν

201 4559 494 4626 ἁγιασμοῦ.
543 4561 630 4612 Ἐν
659 4561 912 4630 ἁγιασμῷ
956 4561 1048 4613 τοῦ
1088 4562 1399 4631 Πνεῦματος
1443 4562 1768 4634 ἐκλήθημεν,

197 4652 276 4712 ὡς
324 4651 350 4702 ὁ
397 4653 708 4714 Ἀπόστολος
752 4653 1009 4707 διδάσκει.
1061 4653 1230 4704 Τοῦτο
1271 4656 1417 4723 ἡμᾶς
1467 4655 1767 4719 ἁνακαινοῖ,

201 4743 297 4794 καὶ
331 4743 488 4796 πάλιν
517 4744 728 4806 εἰκόνας
760 4744 1098 4796 ἀναδείκνυσι
1127 4744 1283 4805 Θεοῦ,
1310 4747 1403 4798 καὶ
1428 4745 1514 4798 διὰ
1541 4746 1765 4816 λουτροῦ

195 4835 614 4905 παλιγγενεσίας
663 4837 757 4888 καὶ
802 4837 1214 4901 ἀνακαινώσεως
1259 4839 1568 4911 Πνεῦματος
1614 4843 1770 4909 ἁγίου

268 5061 314 5090 ’³
343 5060 518 5116 Galat.
561 5079 631 5125 tv,
665 5063 715 5115 6.
793 5061 838 5093 ³⁰
869 5061 1023 5116 Rom.
1061 5079 1153 5118 vui
1178 5107 1190 5129 ,
1222 5066 1276 5128 9,
1314 5065 1397 5119 10.

199 5147 338 5192 xvn,
378 5133 461 5186 l9.
539 5133 582 5165 ³⁵
617 5132 865 5187 "Thess.
897 5148 954 5195 ιι,
1002 5132 1087 5186 12.

272 5242 384 5313 (28)
413 5241 630 5298 Veteres
657 5245 893 5312 quinque
927 5243 1046 5297 libri
1079 5242 1308 5312 Πνεῦμα
1337 5242 1528 5313 ἀίδιον.
1588 5241 1768 5296 Codex

195 5312 436 5396 Co_lb.et
471 5313 601 5384 Reg.
635 5317 853 5380 quintus
888 5313 1116 5385 Πνεῦμα
1168 5315 1317 5378 ἴδιον,
1359 5312 1588 5378 Spiritus
1648 5329 1770 5379 pro-

195 5401 370 5453 prius.

272 5454 392 5523 (‘29l
419 5452 570 5517 Illud,
603 5453 738 5507 ἀλλ’
773 5454 964 5517 εἰκὼν,
996 5455 1074 5518 ὡς
1108 5453 1468 5521 προείρηται,
1505 5466 1567 5523 ex
1598 5451 1768 5523 tribus

197 5522 331 5576 mss.
355 5522 538 5584 Regiis
567 5525 893 5576 addidimus.
920 5524 1128 5578 Titulus
1173 5525 1256 5576 hic
1282 5536 1362 5575 est
1399 5524 1448 5573 in
1485 5522 1714 5588 vulgatis
1751 5539 1762 5572 :

195 5595 336 5665 ’Ότι
364 5589 755 5665 είκὼννὰληϐὴς
782 5596 875 5646 καὶ
916 5594 1116 5665 φυσικὴ
1152 5592 1284 5646 θεοῦ
1316 5592 1411 5645 καὶ
1442 5590 1674 5665 Χριστοῦ
1703 5590 1762 5665 τὸ

193 5661 441 5733 Πνεῦμα.
505 5664 561 5716 Et.
613 5661 729 5732 post
783 5661 990 5719 titulum
1051 5661 1335 5733 sequitur:
1393 5664 1528 5716 Ἀλλ’
1563 5664 1760 5725 ἱκανῶς

194 5737 616 5807 προσειρήσεται
646 5739 734 5788 καὶ
757 5739 911 5789 εἰκὼν
945 5738 1168 5806 ἀληθής.
1195 5739 1407 5790 Veteres
1433 5736 1552 5788 libri
1577 5752 1761 5788 omnes

191 5808 265 5860 ita
301 5816 356 5857 ul
396 5807 671 5859 edidimus.

1477 5066 1517 5096 “
1547 5067 1586 5120 ΙΙ
1624 5066 1746 5121 Cor.
1783 5083 1877 5130 ιιι,
1910 5065 1996 5119 17.

1878 3293 1933 3344 Ιιι
1962 3292 2151 3345 nobis?
2182 3292 2296 3344 Jam
2349 3295 2490 3345 enim
2543 3300 2596 3344 et
2629 3292 2679 3343 in
2717 3293 2831 3358 ipso
2868 3288 3090 3341 Domino
3138 3290 3431 3342 secundum

1878 3399 2119 3437 carnem.
2175 3383 2352 3435 Jesum
2410 3400 2440 3434 ιι
2500 3381 2768 3442 Nazaret,
2835 3381 3004 3448 inquit
3037 3381 3120 3441 ³³,
3182 3383 3437 3448 quomodo

1880 3474 2029 3526 unxit
2061 3488 2177 3525 eum
2223 3470 2362 3524 Deus
2410 3470 2612 3538 Spiritu
2641 3477 2823 3521 sancto
2860 3478 2905 3520 et
2955 3469 3155 3520 virtute.
3190 3468 3438 3520 Christus

1880 3565 2041 3634 igitur
2068 3574 2151 3618 est
2178 3573 2397 3632 propter
2431 3563 2689 3630 Spiritum
2739 3571 2791 3614 et
2818 3569 3035 3628 pr0pter
3062 3575 3177 3612 eam
3225 3576 3341 3626 quae
3384 3559 3434 3611 in

1877 3658 2082 3726 Spiritu
2117 3657 2177 3710 ﬁt
2210 3659 2536 3710 unctionem.
2582 3653 2694 3706 Non
2741 3655 2900 3721 igitur
2948 3667 3044 3720 per
3073 3652 3358 3720 quidquam
3406 3666 3433 3702 a

1877 3751 2077 3804 deitate
2128 3749 2361 3802 alienum
2425 3747 2606 3800 unctio
2658 3745 2867 3798 Domini
2923 3753 3043 3808 est,
3098 3753 3189 3796 aut
3243 3759 3433 3796 nomen

1876 3842 2142 3905 Christus,
2183 3850 2275 3893 aut
2298 3840 2386 3908 qui
2417 3841 2480 3892 ab
2521 3839 2634 3907 ipso
2664 3837 2958 3892 Christiani
2989 3844 3270 3888 vocantur.
3301 3832 3436 3887 Vere

1874 3933 2017 3986 enim
2052 3931 2438 3998 deplorandum
2483 3939 2668 3993 esset,
2722 3929 2764 3979 si
2809 3930 2972 3979 etiam
3014 3926 3201 3978 salutis
3242 3935 3436 3976 nostra:

1876 4039 2070 4077 nomen
2103 4037 2130 4073 a
2162 4031 2412 4076 creatura
2445 4030 2681 4073 sumeret
2709 4020 3003 4088 originem,
3037 4029 3090 4072 et
3121 4035 3151 4072 a
3188 4028 3432 4072 creatura

1876 4117 2252 4174 deduceretur,
2284 4123 2333 4165 et
2366 4113 2408 4165 si
2451 4128 2544 4181 per
2579 4126 2791 4164 servum
2833 4112 3172 4181 adoptionem
3208 4111 3431 4164 habere-

1876 4220 2015 4258 mus.
2061 4202 2318 4256 Creatura
2360 4213 2664 4256 creaturam
2712 4218 2814 4254 non
2858 4203 3200 4255 sanctiﬁcat:
3243 4201 3334 4253 sed
3367 4201 3433 4252 ab

1877 4310 1981 4347 uno
2009 4306 2198 4348 sancto
2230 4295 2320 4362 qui
2355 4295 2420 4347 de
2457 4295 2634 4362 seipso
2681 4294 2811 4346 dicit
2848 4312 2860 4346 :
2900 4292 3010 4359 Ego
3042 4292 3308 4359 sanctiﬁco
3353 4308 3434 4344 me

1875 4385 2042 4452 ipsum
2076 4385 2141 4449 3‘,
2198 4384 2605 4439 sanctiﬁcantur
2653 4370 2858 4436 omnia.
2918 4382 3076 4452 303
3126 4383 3433 4435 Sanctiﬁcat

1878 4489 2057 4528 autem
2089 4492 2183 4545 per
2218 4475 2497 4543 Spiritum,
2531 4477 2670 4527 sicut
2701 4484 2855 4526 antea
2879 4474 3298 4526 demonstratum
3326 4482 3426 4524 est.

1881 4567 2112 4637 Spiritus
2153 4583 2282 4636 ergo
2316 4575 2561 4620 creatura
2595 4582 2696 4617 non
2732 4574 2848 4626 est,
2881 4565 2971 4618 sed
2999 4565 3294 4616 sanctitatis
3339 4563 3429 4615 Dei

1872 4660 2177 4722 character,
2212 4668 2265 4709 et
2301 4656 2740 4711 sanctilicatiouis
2783 4656 2900 4708 fons
2931 4654 3199 4709 omnibus.
3242 4653 3429 4706 Vocati

1877 4768 2083 4814 sumus,
2131 4762 2185 4808 ιιι
2219 4751 2371 4805 docet
2411 4749 2696 4818 Apostolus
2731 4748 2795 4810 ³⁵,
2830 4749 2880 4800 in
2928 4747 3158 4815 Spiritus
3193 4746 3429 4799 sanctiﬁ-

1885 4843 2117 4895 catione.
2152 4841 2249 4895 llic
2276 4857 2372 4894 nos
2398 4849 2637 4903 renovat,
2673 4854 2734 4892 ac
2771 4853 2955 4891 rursus
2983 4838 3238 4905 imagines
3274 4835 3430 4889 ellicit

2667 5058 2711 5088 ³³
2743 5057 2867 5111 Aet.
2903 5071 2933 5108 Χ
2959 5096 2975 5120 ,
3002 5054 3091 5109 58.
3192 5054 3236 5085 ⁸⁸
3271 5053 3422 5110 Joan.

2075 5064 2167 5117 "l
2205 5062 2359 5117 Joan.
2398 5079 2458 5127 ιι,
2483 5061 2569 5117 20.

1944 5244 2053 5308 (50)
2090 5241 2397 5296 Verisimile
2429 5240 2560 5292 mihi
2599 5240 2676 5306 fit,
2723 5239 2992 5308 respicere
3017 5237 3423 5308 scriptoremiad

1869 5306 1980 5366 huic
2021 5306 2246 5366 Joannis
2283 5312 2443 5362 verba
2488 5325 2552 5363 ex
2597 5306 2831 5377 Epistula
2863 5310 3051 5378 prima,
3091 5324 3151 5370 ιι,
3181 5306 3249 5360 20
3279 5325 3291 5358 :
3323 5307 3425 5362 Sed

1867 5400 1954 5434 vos
1984 5386 2278 5434 unctionem
2304 5381 2502 5433 habetis
2544 5397 2574 5432 α
2607 5379 2820 5433 Sancto.

1937 5454 2048 5519 (31)
2090 5452 2227 5503 Elllll
2255 5450 2364 5502 ἀπὸ
2392 5449 2482 5519 τοῦ
2515 5465 2526 5476 ·
2570 5464 2664 5515 pro
2694 5465 2798 5515 quo
2844 5451 2893 5501 in
2932 5465 3057 5502 mss.
3093 5448 3284 5516 legitur
3322 5446 3426 5501 ὑπὸ

1865 5523 1979 5574 τοῦ.
2011 5522 2122 5586 Illa,
2163 5519 2302 5587 Ἐγὼ
2325 5518 2534 5588 ἁγιάζω
2559 5520 2810 5590 ἐμαυτόν,
2836 5537 2952 5590 qua:
2983 5524 3160 5573 Statim
3191 5536 3424 5585 sequun-

1871 5603 1973 5654 tur,
2018 5597 2206 5647 desuut
2261 5611 2310 5645 Ill
2350 5594 2545 5646 nostris
2588 5603 2790 5654 septem
2843 5594 3116 5645 codicibus
3155 5605 3419 5656 :quuruin

1871 5667 1984 5716 loco
2024 5667 2076 5716 in
2107 5667 2291 5716 iisdem
2323 5665 2514 5728 legitur
2543 5665 2709 5713 εἰπεῖν
2741 5663 2910 5727 ἅγιος,
2940 5663 3018 5712 vel
3047 5657 3196 5711 εἶπεν
3250 5659 3419 5723 ἅγιος,

1868 5738 1995 5785 dixit
2027 5747 2234 5784 sanctus
2261 5750 2276 5783 :
2314 5750 2429 5796 quae
2464 5734 2692 5784 varietas
2719 5733 2855 5784 unde
2888 5741 3005 5783 orta
3043 5732 3132 5794 sit,
3163 5732 3422 5794 expendet

1868 5808 1953 5859 uni
1991 5805 2087 5857 hoc
2115 5804 2240 5854 tanti
2275 5801 2494 5859 putabit.
