4088 6318
614 301 713 353 7‘27

1939 300 1994 352 S.
2036 298 2278 351 BASILll
2316 298 2527 352 MAGNI

3737 293 3856 349 728

610 414 728 472 Dei,
762 424 920 476 atque
967 423 1061 475 per
1105 407 1370 460 lavacrum
1431 408 1847 474 regenerationis
1885 423 1947 462 ac
1994 408 2203 466 sanctii

2304 406 2650 476 ἰοθετούμεθα
2671 406 2788 476 Θεῷ
2811 405 2941 476 (52).
2966 407 3140 478 Καινὴ
3163 406 3319 462 πάλιν
3345 405 3518 470 κτίσις
3544 409 3852 479 μεταλαμ-

609 499 838 566 Spiritus
869 496 1261 550 innovationem
1290 495 1398 548 Deo
1428 496 1764 564 adoptamur.
1797 492 1943 547 Nova
1977 495 2171 547 iterum

611 590 671 645 lit
699 601 946 646 creatura
994 600 1125 652 tum,
1164 603 1284 640 cum
1336 585 1567 654 Spiritus
1617 585 1845 641 etiieitur
1889 587 2172 658 particeps,

610 697 716 749 quo
765 682 970 750 privata
1020 681 1439 734 inveteraverat.
1500 677 1677 747 imago
1727 677 1820 734 Dei
1867 693 2047 733 rursus
2094 689 2178 733 est

611 773 900 842 humo,qui
934 788 961 825 a
996 773 1088 826 Dei
1127 771 1476 826 similitudine
1508 771 1802 831 exciderat.
1834 783 1990 837 atque
2013 781 2176 838 peco-

611 866 760 919 ribus
803 865 1175 932 insipieutibus
1201 873 1541 930 comparatus
1570 859 1744 916 fuerat
1772 905 1787 928 ,
1819 878 1879 915 ac
1899 863 1975 914 eis
2006 859 2179 915 factus

613 957 906 1011 consimilis
935 956 998 1008 “.
1035 955 1164 1008 Erat
1192 957 1360 1009 brutis
1385 953 1709 1008 animalibus
1740 953 1928 1008 similis
1959 950 2181 1006 ellectus

616 1050 907 1102 secundum
945 1060 1194 1101 mortem.
1226 1046 1369 1099 Sicut
1397 1045 1564 1110 enim,
1597 1046 1787 1114 inquit,
1820 1061 1955 1096 mors
1979 1043 2135 1112 hujus
2164 1085 2180 1110 ,

614 1139 687 1190 ita
719 1155 856 1192 mors
897 1138 1042 1192 illius
1080 1140 1146 1190 ³⁷.
1185 1137 1289 1190 Sed
1332 1152 1467 1188 nunc
1493 1175 1506 1199 ,
1551 1139 1753 1206 inquit,
1796 1139 1881 1201 qui
1915 1137 2181 1189 suscitavit

618 1229 884 1283 Christum
917 1248 942 1283 e
975 1231 1214 1291 mortuis,
1249 1227 1527 1294 viri/icabit
1557 1231 1710 1282 etiam
1744 1227 1986 1280 mortalia
2021 1238 2185 1280 vestra

617 1338 842 1386 corpora
896 1330 1108 1390 propter
1162 1321 1329 1388 ipsum
1385 1316 1636 1388 Spiritum
1699 1317 2075 1370 inhabitantem
2133 1319 2185 1371 in

617 1414 762 1466 vobis
793 1413 856 1464 ³⁸.

623 1503 775 1570 Quod
807 1504 1038 1574 Spiritus
1071 1512 1260 1556 natura
1290 1503 1464 1574 divina
1493 1513 1586 1561 est,
1621 1500 2037 1570 quandoquidem
2074 1500 2189 1570 ipsa

1140 1574 1344 1640 per/icit
1374 1572 1470 1625 Dei
1496 1588 1671 1638 opera.

695 1665 796 1730 Qui
823 1675 1124 1716 creaturam
1156 1674 1417 1726 renovat,
1459 1661 1546 1726 qui
1582 1660 1980 1728 corruptionem
2023 1659 2072 1712 in
2109 1658 2188 1712 in-

2273 498 2506 550 6ἀνουσα
2542 501 2633 554 τοῦ
2674 500 3004 569 Πνεῦματος,
3051 494 3220 571 οὗπερ
3265 501 3603 571 ἐστερημένη
3651 519 3855 555 πεπα-

2272 589 2484 641 λαίωτο.
2517 589 2690 643 Εἰκὼν
2733 589 2891 642 πάλιν
2919 587 3053 641 Θεοῦ
3086 589 3113 640 6
3155 588 3432 660 ἄνθρωπος
3460 590 3714 645 ἐκπεσὼν
3745 593 3856 660 τῆς

2272 679 2584 748 ὁμοιότητος
2605 683 2702 752 τῆς
2729 680 2896 744 Θείας,
2937 680 3029 734 καὶ
3071 684 3551 753 παρασυμὸληθεὶς
3581 685 3856 753 κτήνεσιν

2275 775 2537 843 ἀνοήτοις,
2568 775 2663 826 καὶ
2703 773 2986 843 ὁμοιωθεὶς
3012 773 3213 835 αὐτοῖς,
3251 775 3529 842 όμοιωθεῖς
3561 781 3673 840 τοῖς
3717 775 3855 828 δύο

2275 883 2392 934 γοις
2425 865 2563 917 κατά
2592 867 2681 920 τὸν
2720 867 2962 920 θάνατον.
3022 867 3114 932 Ὠς
3154 869 3187 919 ὁ
3227 864 3476 933 θάνατος
3519 871 3650 940 γὰρ,
3679 869 3857 939 φησι,

2277 957 2510 1020 τούτου,
2564 956 2830 1023 οὕτως,ό
2879 955 3132 1021 θάνατος
3176 956 3404 1010 τούτου.
3466 957 3639 1012 Ἀλλὰ
3704 959 3861 1020 νῦν,

2280 1049 2461 1116 φησιν,
2494 1049 2526 1099 ὀ
2564 1048 2794 1116 ἐγείρας
2818 1049 3072 1114 Χριστὸν
3103 1050 3169 1102 ἐκ
3212 1047 3453 1116 νεκρῶν,
3490 1047 3861 1115 ζωοποιήσει

2282 1139 2378 1192 καὶ
2409 1139 2478 1192 τὰ
2509 1141 2692 1209 θνητὰ
2725 1141 2886 1209 ὑμῶν
2929 1138 3168 1207 σώματα
3205 1141 3301 1196 διὰ
3325 1140 3433 1196 τοῦ
3458 1142 3864 1210 ἐνοικοῦντες

2281 1229 2464 1283 αὐτοῦ
2493 1232 2832 1299 Πνεύματος
2867 1231 2934 1283 ἐν
2965 1231 3125 1298 ὑμῖν.

2287 1497 2416 1548 Ὀτι
2448 1495 2574 1546 θεία
2625 1496 2808 1563 φύσις
2844 1495 2908 1571 τὸ
2947 1492 3207 1571 (lngua,
3247 1496 3662 1568 τελεσιουργύς
3688 1489 3867 1548 οὖσα

2797 1563 2914 1616 τῶν
2945 1563 3089 1616 Θεοῦ
3121 1564 3324 1632 ἔργων.

2357 1656 2429 1709 Τὸ
2452 1655 2514 1725 δὴ
2559 1655 2654 1726 τὴν
2686 1657 2857 1708 κτίσιν
2889 1654 3230 1716 ἀνακαινοῦν,
3266 1655 3358 1706 καὶ
3393 1658 3490 1729 τὴν
3540 1659 3755 1730 φθορὰν
3784 1659 3867 1720 είς

627 1755 1128 1822 corruptibilitatem
1190 1761 1533 1816 transmutat,
1591 1752 1679 1819 qui
1740 1766 1834 1804 nos
1887 1761 2185 1804 creaturam

2303 1749 2589 1821 ἱφθαρσίαν
2622 1747 2967 1816 μεταϐάλλον,
3001 1747 3063 1799 τὸ
3091 1747 3279 1818 καινὴν
3302 1750 3448 1820 ἡμᾶς
3477 1752 3657 1804 κτίσιν
3686 1753 3867 1819 ἀπερ-

630 1867 818 1905 novam
853 1848 1015 1902 ellicit
1058 1851 1110 1902 in
1143 1863 1310 1901 ternm
1361 1853 1796 1914 permanentem,
1838 1858 1959 1896 cum
1997 1844 2117 1910 quis
2159 1858 2188 1895 a

629 1952 873 1996 creatore
930 1942 1040 1996 Dco
1102 1951 1157 1994 et
1203 1938 1336 1990 Filio
1395 1936 1708 2003 separabit?
1769 1935 2045 2001 Quomodo
2100 1937 2190 2003 qui

630 2045 781 2089 extra
832 2034 1084 2088 deitatem
1131 2042 1234 2094 est,
1267 2029 1481 2083 deitatis
1525 2040 1827 2082 creaturam
1879 2038 2191 2096 recuperat,

634 2142 824 2179 noxam
871 2141 986 2179 eam
1044 2133 1204 2189 atque
1253 2120 1709 2188 incorruptibilem
1755 2120 2024 2173 elliciens?
2079 2119 2194 2187 Quo

636 2217 739 2268 alio
770 2216 1041 2283 indigebat
1073 2213 1210 2266 Deus
1236 2251 1249 2274 ,
1298 2221 1352 2264 ut
1398 2226 1548 2262 suam
1580 2226 1696 2276 quae
1721 2210 2014 2264 deﬂuxerat
2044 2226 2197 2265 recu-

637 2317 848 2374 peraret
895 2306 1238 2359 creaturam?
1294 2304 1519 2357 Silentio
1581 2303 1821 2356 tradatur
1868 2319 2046 2358 sermo
2099 2304 2198 2358 im-

639 2399 776 2466 pius,
814 2398 906 2466 qui
956 2398 1307 2450 inveteratam
1358 2397 1570 2464 quidem
1611 2407 1664 2449 et
1702 2407 2008 2464 corruptam
2041 2412 2196 2451 crea-

645 2501 819 2542 turam
849 2505 983 2557 opus
1017 2489 1107 2542 Dei
1140 2503 1257 2542 esse
1307 2487 1532 2540 allirmat
1560 2505 1573 2540 :
1607 2504 1722 2541 eam
1773 2504 1900 2542 vero
1943 2505 2058 2557 quae
2094 2505 2196 2542 non

640 2580 867 2646 amplius
901 2580 1252 2641 inveteratur,
1279 2594 1447 2645 neque
1481 2581 1867 2647 corrumpitur,
1903 2598 1928 2633 a
1956 2593 2200 2634 creatura

642 2671 882 2724 innovari
913 2672 1207 2724 contendit.
1255 2670 1330 2723 Ne
1379 2670 1707 2737 glorilicetur
1753 2681 1996 2724 creatura
2039 2688 2197 2738 supra

646 2764 830 2815 Deum.
875 2762 1056 2829 Majori
1081 2774 1259 2815 autem
1297 2761 1463 2830 gloria
1504 2761 1729 2814 allicitur
1756 2779 1914 2829 quam
1951 2763 2119 2825 Deus,
2156 2763 2199 2816 si

643 2868 705 2904 ea
739 2869 855 2920 qua:
891 2862 1058 2905 morte
1083 2868 1145 2906 ac
1174 2853 1519 2920 corruptione
1552 2853 1804 2904 dissoluta
1847 2862 1968 2905 sunt
2001 2866 2054 2905 et
2086 2868 2204 2921 qua:

647 2944 786 2996 Dens
815 2960 909 3011 per
941 2945 1132 2997 Filium
1169 2943 1367 3008 eﬂecit,
1406 2946 1727 2998 immortalia
1773 2954 1934 3014 atque
1966 2947 2204 2999 incorru-

648 3036 851 3104 ptibilia
883 3051 976 3102 per
1013 3046 1312 3087 creaturam
1347 3038 1592 3088 evadant.
1627 3037 1730 3089 Sed
1768 3037 1996 3104 Spiritus
2027 3039 2202 3092 omnia

649 3103 767 3191 quae
799 3142 826 3180 a
858 3127 964 3179 Deo
996 3143 1090 3194 per
1119 3126 1312 3179 Filium
1361 3127 1495 3180 facta
1527 3137 1670 3191 sunt,
1699 3103 1929 3196 perlicit,
1969 3130 2107 3184 sicut
2153 3131 2206 3184 in
2234 3103 2278 3163 (ἶ

651 3237 786 3275 nova
812 3231 1082 3283 creatura,
1109 3219 1174 3273 de
1198 3236 1300 3284 qua
1327 3220 1557 3274 dicitur:
1583 3219 1755 3289 Siqua
1783 3223 1832 3273 in
1858 3222 2058 3274 Christo
2083 3239 2211 3276 nova

652 3327 894 3366 creatura
914 3314 992 3365 "z
1025 3315 1096 3365 ita
1129 3324 1180 3365 et
1208 3313 1258 3364 in
1293 3313 1484 3376 veteri,
1516 3328 1631 3377 qua:
1659 3315 1723 3364 ab
1748 3313 1897 3364 initio
1921 3324 2054 3365 erat.
2080 3313 2208 3364 Pro-

655 3419 834 3473 pterea
859 3406 1058 3472 inquit;
1106 3404 1266 3457 Verba
1294 3405 1502 3456 Domini
1524 3405 1634 3455 caeli
1656 3404 1850 3468 ﬁrmati
1870 3415 2009 3467 sunt,
2029 3412 2075 3455 et
2101 3404 2212 3467 Spi-

654 3498 756 3549 ritu
789 3499 891 3548 oris
929 3498 1040 3564 ejus
1071 3497 1236 3548 omnis
1269 3497 1432 3548 virtus
1456 3511 1632 3546 eorum
1662 3495 1727 3546 ‘°.
1757 3495 1949 3547 Vivens
1970 3506 2050 3547 est
2080 3493 2212 3548 Ver-

655 3589 802 3653 bum,
824 3589 871 3639 in
893 3602 996 3654 quo
1017 3587 1135 3639 lacti
1155 3596 1276 3640 sunt
1293 3587 1432 3640 caeli.
1459 3584 1554 3638 llic
1577 3588 1786 3652 ipseest
1805 3585 1939 3638 Deus
1959 3584 2209 3651 Verbum,

657 3685 720 3735 de
744 3697 847 3748 quo
869 3679 1102 3734 Joannes
1128 3680 1314 3732 clamat
1343 3698 1354 3730 :
1381 3678 1571 3732 Omnia
1595 3695 1682 3745 per
1705 3679 1873 3744 ipsum
1897 3680 2037 3744 facta
2068 3687 2210 3740 sunt,

660 3785 709 3828 et
740 3777 851 3828 sine
885 3776 994 3840 ipso
1027 3773 1220 3840 factum
1261 3781 1333 3826 est
1358 3771 1485 3824 nihil
1517 3771 1582 3823 “.
1615 3768 1708 3823 Vis
1750 3770 2052 3822 vivilicandi
2082 3770 2214 3822 vivi-

663 3870 908 3922 licautem
940 3866 1197 3934 Spiritum
1231 3868 1396 3916 vitam
1439 3881 1556 3917 esse
1583 3866 1836 3926 ostendit,
1884 3872 2039 3932 prout
2075 3864 2215 3917 scri-

660 3971 806 4026 ptum
838 3968 918 4009 est
954 3978 965 4010 :
992 3956 1110 4009 Vita
1149 3966 1228 4010 est
1259 3957 1510 4023 Spiritus,
1537 3958 1623 4023 qui
1647 3965 1938 4024 potestates
1973 3956 2216 4008 cmlestes

661 4048 893 4113 perlicit,
921 4048 1005 4100 hic
1029 4049 1159 4114 ipse.
1194 4048 1283 4114 qui
1304 4062 1422 4098 eum
1446 4045 1601 4097 Patre
1631 4057 1683 4098 et
1708 4045 1842 4098 Filio
1868 4046 2216 4114 glorificatur.

658 4138 842 4208 Neque
858 4140 996 4191 enim
1017 4140 1301 4190 verborum
1327 4137 1624 4200 prolatione
1648 4146 1797 4188 creat
1827 4139 1985 4197 Deus,
2007 4138 2218 4192 etiamsi

661 4247 728 4284 ex
763 4246 911 4285 more
971 4232 1203 4284 humano
1241 4229 1329 4281 Dei
1386 4229 1596 4296 eloquia
1654 4228 1902 4279 dicaulur
1949 4228 2217 4295 prolatitia

661 4325 864 4388 verba;
921 4339 1092 4392 neque
1134 4321 1265 4374 aerii
1322 4321 1542 4387 spiritus
1597 4319 1904 4386 prolusione
1960 4329 2219 4372 ornantur

2291 1842 2582 1911 γαζόμενον
2619 1839 2972 1909 διαμένουσαν
3003 1840 3081 1901 είς
3109 1838 3297 1902 αἰῶνα,
3328 1842 3411 1903 τίς
3439 1844 3738 1913 ἀποστήσει
3766 1841 3867 1892 τοῦ

2290 1930 2616 2004 δημιουργοῦ
2666 1932 2798 1984 Θεοῦ
2841 1931 2934 1982 καὶ
2979 1929 3138 1993 Υίοῦ;
3183 1931 3304 1994 Πῶς
3351 1934 3413 1986 τὸ
3455 1935 3554 2004 τῆς
3601 1934 3868 2002 θεότητος

2293 2030 2442 2089 ἐκτὸς
2468 2025 2568 2097 τὴν
2604 2027 2700 2095 τῆς
2733 2025 2981 2096 θεότητος
3012 2026 3186 2079 κτίσιν
3215 2026 3479 2091 ἀνασώζει
3517 2028 3629 2095 (33)
3665 2026 3870 2095 καινὴν

2294 2122 2386 2174 καὶ
2419 2119 2688 2187 ἄφθαρτον
2738 2119 3206 2189 ἀπεργαζόμενον;
3239 2119 3394 2184 Τίνος
3432 2123 3460 2172 6
3501 2118 3636 2181 Θεὸς
3672 2117 3868 2188 ἐτέρου

2296 2215 2601 2287 προσεδεῖτο
2648 2214 2781 2285 πρὸς
2820 2215 2878 2267 τὸ
2915 2215 3012 2285 τὴν
3066 2212 3255 2265 ἑαυτοῦ
3297 2215 3468 2267 κτίσιν
3509 2213 3872 2280 διαρῥυεῖσαν

2296 2307 2647 2362 ἐπαναλαϐεῖν
2679 2306 2788 2375 (54)
2811 2324 2824 2369 ;
2848 2303 3147 2357 Σιωπάσθω
3163 2304 3316 2373 λόγος
3331 2308 3357 2358 ὁ
3378 2302 3643 2373 δυσσεϐὴς
3678 2305 3822 2374 (35),
3844 2307 3872 2356 6

2295 2401 2393 2470 τὴν
2424 2399 2521 2470 μὲν
2550 2398 2942 2451 παλαιωθεῖσαν
2971 2397 3063 2449 καὶ
3102 2395 3481 2467 διαφθαρεῖσαν
3504 2395 3685 2448 κτίσιν
3706 2397 3871 2466 ἔργον

2299 2489 2432 2545 εἶναι
2461 2492 2682 2560 φάσκων
2703 2488 2856 2551 Θεοῦ,
2875 2488 2970 2558 τὴν
2989 2487 3045 2539 δὲ
3072 2489 3267 2558 μηκέτι
3295 2486 3518 2539 παλαιου
3529 2487 3700 2556 μένην
3730 2487 3872 2557 μηδὲ

2300 2583 2655 2655 φθειρομένην
2696 2583 2759 2652 τῇ
2805 2579 2891 2631 διὰ
2931 2579 3224 2648 κτίσματος
3262 2576 3624 2629 ἀνακαινώσει
3668 2577 3871 2638 διδούς.

2300 2676 2388 2746 Μὴ
2418 2675 2720 2740 δοξαζέσθω
2758 2674 2930 2736 κτίσις
2960 2671 3097 2743 ὑπὲρ
3132 2670 3281 2722 Θεόν.
3322 2669 3607 2736 Δοξάζεται
3637 2667 3696 2720 δὲ
3730 2668 3874 2735 ὑπὲρ

2301 2767 2450 2830 Θεὸν,
2490 2769 2646 2838 εἴπερ
2699 2768 2938 2820 ἀθάνατα
2990 2765 3077 2818 διὰ
3127 2764 3420 2834 κτίσματος
3466 2763 3560 2815 καὶ
3612 2761 3876 2831 ἄφθαρτα

2302 2859 2761 2921 κατασκευάζεται
2781 2858 2846 2909 τὰ
2866 2857 3078 2927 θανάτῳ
3100 2857 3191 2910 καὶ
3215 2855 3383 2926 φθορᾷ
3403 2854 3652 2913 λυθέντα,
3683 2853 3829 2921 ἅπερ
3850 2852 3876 2899 6

2304 2953 2432 3015 Θεὸς
2477 2951 2768 3022 εἰργάσατο
2809 2949 2895 3001 διὰ
2941 2948 3092 3002 Υἱοῦ.
3139 2948 3298 3000 Ἀλλὰ
3338 2946 3558 3014 Πνεῦμα
3593 2943 3658 2995 τὸ
3691 2944 3876 2994 θεῖκὸν

2309 3047 2519 3099 πάντων
2556 3043 2639 3096 ἀεὶ
2668 3041 3038 3110 τελεσιουργὸν
3079 3041 3187 3093 τῶν
3234 3041 3296 3090 ἐκ
3335 3036 3466 3088 Θεοῦ
3511 3034 3577 3086 δι’
3603 3032 3736 3085 Υἱοῦ
3780 3051 3876 3100 γε-

2309 3139 2566 3207 νομένων,
2602 3136 2790 3204 ὥσπερ
2830 3132 2945 3184 ἐστὶ
2975 3131 3075 3201 τῆς
3104 3130 3294 3196 καινῆς
3340 3126 3589 3189 κτίσεως,
3641 3127 3770 3197 περὶ
3811 3120 3876 3195 ἦς

2309 3228 2551 3294 λέγεται·
2588 3227 2656 3280 Εἴ
2683 3244 2771 3291 τις
2799 3226 2865 3277 ἐν
2897 3223 3124 3291 Χριστῷ
3151 3220 3324 3286 καινὴ
3354 3220 3575 3285 κτίσις·
3604 3219 3748 3271 οῦτω
3785 3217 3876 3270 καὶ

2311 3322 2400 3373 ἐπὶ
2424 3321 2521 3389 τῆς
2550 3320 2715 3372 πάλαι
2760 3320 2855 3387 τῆς
2885 3319 3005 3370 κατ’
3037 3315 3228 3386 ἀρχάς.
3277 3313 3372 3366 Διά
3395 3312 3551 3366 τοῦτό
3583 3328 3718 3379 :prcn
3739 3327 3752 3341 ·
3795 3308 3876 3370 Τῷ

2309 3411 2464 3480 λόγῳ
2507 3409 2726 3479 Κυρίου
2771 3412 2823 3461 cl
2862 3405 3102 3474 οὐρανοὶ
3143 3403 3606 3472 ἐστερεώθησαν,
3645 3400 3742 3452 καὶ
3801 3396 3878 3460 τῷ

2312 3505 2602 3572 Πνεύματι
2624 3501 2726 3555 τοῦ
2749 3502 3042 3569 στόματος
3063 3498 3247 3552 αὑτοῦ
3265 3495 3428 3551 πᾶσα
3447 3497 3482 3561 ἡ
3506 3495 3760 3560 δύναμις
3775 3494 3876 3543 αὐ-

2312 3596 2447 3649 τῶν.
2474 3597 2588 3649 Ζῶν
2616 3598 2643 3648 6
2677 3597 2867 3662 Λόγος,
2894 3596 2950 3646 ὲν
2978 3587 3020 3660 ᾧ
3047 3593 3328 3661 γεγόνασιν
3361 3592 3405 3641 οἱ
3436 3585 3678 3656 οὐρανοί.
3711 3579 3877 3648 Οὗτος

2313 3688 2472 3750 αὐτὸς
2500 3691 2527 3740 6
2553 3689 2682 3750 Θεὸς
2711 3687 2880 3755 Λόγος
2901 3726 2915 3748 ,
2968 3686 3095 3755 περὶ
3139 3677 3200 3735 οὗ
3244 3684 3271 3733 6
3313 3680 3562 3749 Ἰωάννης
3595 3679 3707 3747 (56)
3744 3680 3838 3747 βοᾷ
3861 3695 3872 3706 ·

2312 3777 2514 3830 Πάντα
2561 3778 2634 3829 δι’
2663 3776 2847 3829 αὐτοῦ
2887 3776 3150 3844 ἐγένετο,
3187 3769 3284 3823 καὶ
3327 3769 3501 3837 χωρὶς
3535 3769 3726 3821 αὐτοῦ
3759 3765 3879 3835 ἐγέ-

2313 3886 2446 3921 νετο
2490 3867 2630 3920 οὐδὲ
2659 3867 2745 3918 ἒν.
2773 3867 2924 3935 Ζωὴν
2951 3865 3010 3916 τὸ
3042 3861 3262 3929 Πνεῦμα
3292 3861 3524 3912 δείκνυσι
3562 3860 3620 3910 τὸ
3651 3859 3876 3922 ζωοποι-

2316 3959 2427 4022 οῦν,
2464 3957 2602 4011 κατά
2646 3957 2705 4008 τὸ
2749 3955 3169 4025 γεγραμμένον·
3227 3951 3347 4020 Ζωὴ
3410 3950 3471 4002 τὸ
3528 3949 3762 4018 Πνεῦμα
3825 3949 3878 4000 τό

2315 4048 2421 4101 τῶν
2460 4046 2718 4118 οὐρανίων
2761 4043 3039 4112 δυνάμεων
3087 4038 3516 4094 ἀποτελεστικὸν.
3551 4037 3727 4088 Τοῦτο
3759 4035 3881 4088 αὐτὸ

2323 4139 2462 4211 μετὰ
2490 4138 2702 4208 Πατρὸς
2736 4137 2828 4189 καὶ
2863 4134 2990 4187 Υἱοῦ
3032 4132 3401 4202 δοξαζόμενον.
3433 4128 3571 4181 Οῠτε
3613 4127 3724 4197 γὰρ
3760 4144 3883 4196 προσ

2319 4233 2456 4300 φορᾷ
2483 4230 2798 4299 δημιουργεῖ
2824 4228 3077 4298 ῥημάτων
3103 4225 3231 4286 Θεὸς
3257 4221 3388 4292 (57).
3413 4222 3513 4273 κᾶν
3544 4219 3882 4289 ἀνθρωπίνω-

2317 4321 2490 4389 τέρως
2544 4319 2871 4388 ὀνομάζηται
2913 4317 3066 4383 λόγια
3105 4314 3237 4366 Θεοῦ
3288 4310 3594 4382 προφορικά
3635 4312 3878 4378 ῥήματα·

662 4415 804 4468 coeli.
840 4416 1070 4484 Spiritus
1091 4415 1232 4468 enim
1260 4413 1457 4465 viventi
1485 4412 1657 4464 Verbo
1679 4412 1740 4463 ad
1771 4412 2056 4465 creandum
2091 4426 2203 4463 con-

2319 4406 2438 4458 οὕτε
2466 4408 2766 4477 πνεύματος
2793 4406 2974 4475 ἀερίου
3005 4403 3260 4474 προχύσει
3296 4400 3625 4469 κοσμοῦνται
3651 4400 3700 4449 οἱ
3731 4400 3882 4467 οὖρα-

657 4511 873 4575 junctus
926 4518 1026 4568 est,
1062 4508 1178 4559 viva
1234 4509 1491 4573 polentia,
1526 4514 1580 4558 el
1622 4506 1800 4558 divina
1832 4513 2045 4563 natura,
2101 4515 2219 4568 qum

665 4599 947 4652 inell‘abilis
990 4615 1053 4651 ex
1086 4599 1335 4652 iuell‘abili
1367 4614 1461 4652 ore
1510 4598 1740 4659 ell‘ulsit,
1782 4597 1938 4649 modo
1966 4593 2219 4648 inelIabili

664 4699 823 4759 atque
855 4691 1209 4744 insulilatione
1243 4692 1307 4744 ad
1346 4691 1616 4743 hominem
1663 4689 1894 4749 emissa,
1930 4696 1985 4739 et
2017 4699 2216 4738 secun-

736 4847 778 4876 ³⁶
813 4845 951 4898 Psal.
981 4861 1162 4908 XLVIII,
1193 4845 1274 4898 15.
1353 4846 1394 4875 ³⁷
1414 4843 1587 4898 Eccle.
1622 4860 1718 4905 ιιι,
1757 4841 1841 4896 l9.

665 4934 703 4977 ι,
765 4917 816 4974 3.

736 5026 849 5097 (3‘2)
878 5026 1013 5079 Editi
1050 5026 1432 5097 υἱοθετούμεθα
1463 5025 1674 5095 Κυρίῳ.
1707 5025 1775 5079 Αι
1802 5036 1932 5076 mss.
1966 5034 2070 5072 non
2097 5032 2226 5086 pau-

664 5097 709 5149 ci
746 5096 1134 5166 υἱοθετούμεθα
1156 5097 1293 5166 Θεῷ.

738 5167 848 5234 (55)
877 5157 1056 5219 Codex
1094 5157 1257 5222 Colb:
1277 5183 1372 5233 pro
1401 5166 1664 5227 ἀνασώζει
1689 5157 2226 5234 Ιιπιιεῐᾲάνακαινίζει.

670 5229 872 5308 Ibidem
901 5236 1030 5305 Reg.
1078 5229 1346 5291 secundus
1374 5237 1815 5308 ἀπεργαζόμενον
1846 5230 1933 5283 διὰ
1978 5229 2231 5308 θεότητος

671 5308 749 5367 εἰς
783 5305 950 5357 αἰῶνα
982 5300 1283 5377 μένουσαν,
1316 5300 1600 5360 ηιαηεὴιέηι
1628 5300 1681 5357 in
1703 5319 1865 5357 a’vum
1915 5316 2006 5367 per
2038 5300 2233 5351 divini—

671 5387 846 5427 tatem.

745 5445 1026 5513 (54)Ει1ἰιί
1079 5447 1386 5500 ἀναλαϐεῖν.
1436 5447 1504 5499 At
1562 5461 1692 5499 mss.
1747 5439 1988 5509 plerique
2043 5451 2233 5490 omnes

675 5514 1052 5569 ἐπαναλαϐεῖν.

751 5586 862 5657 (55)
887 5586 1137 5638 Adoritur
1161 5588 1394 5652 scriptor
1432 5585 1793 5657 Eunntnianos
1826 5580 1977 5657 :-_qIIi
2017 5577 2230 5657 quidem

684 5650 989 5708 fatebantur
1021 5650 1300 5709 creaturas
1333 5657 1485 5708 initio
1537 5656 1703 5706 fuisse
1735 5653 1998 5711 conditas,
2030 5650 2119 5697 M'ti
2156 5664 2234 5696 su:

687 5736 885 5780 tamen.
923 5740 977 5780 ut
1024 5736 1409 5781 renovarentur
1467 5743 1558 5784 per
1611 5735 1932 5782 creaturam,
1991 5719 2235 5771 videlicet

1918 4841 1962 4871 ³⁸
1997 4839 2153 4892 Rom.
2188 4853 2315 4904 vin,
2348 4836 2432 4889 11.

2326 4499 2423 4551 νοί.
2467 4497 2690 4567 Πνεῦμα
2723 4495 2830 4566 γὰρ
2867 4495 2942 4564 τῷ
2970 4494 3127 4558 ζῶντι
3157 4492 3312 4560 Λόγῳ
3353 4487 3782 4557 συντεταγμένον
3812 4488 3881 4546 εἰς

2325 4589 2385 4641 τὸ
2411 4589 2773 4659 δημιουργεῖν,
2805 4585 2954 4648 ζῶσα
2987 4583 3245 4652 δύναμις,
3280 4581 3371 4633 καὶ
3412 4578 3530 4630 θεία
3560 4577 3756 4646 φύσις,
3793 4578 3879 4644 ip-

2328 4684 2487 4751 ρητος
2513 4679 2571 4745 ὲξ
2601 4679 2836 4750 ἀρρήτου
2864 4677 3123 4747 στόματος
3165 4674 3437 4744 πεφηκυῖα
3463 4669 3596 4741 (58),
3637 4669 3880 4738 ἀρρήτως

2520 4836 2564 4867 ⁸⁹
2596 4835 2614 4888 ι
2643 4835 2748 4888 Cor
2797 4848 2846 4896 v,
2882 4832 2967 4886 l7.
3057 4831 3102 4862 ‘°
3134 4828 3274 4886 Psal.
3313 4841 3486 4890 χχιιι,
3521 4824 3576 4877 6.
3663 4823 3708 4853 ⁶¹
3735 4819 3877 4876 Joan.

2324 5034 2415 5083 per
2440 5015 2726 5084 Spiritum,
2753 5014 2844 5083 qui
2875 5022 2929 5067 et
2961 5012 3093 5080 ipse,
3131 5027 3196 5065 ex
3217 5025 3401 5065 eorum
3421 5006 3715 5071 sententia,
3741 5019 3878 5060 crea-

2328 5097 2774 5228 ιυὶἓθῗῃὲοάίςοε
2803 5153 3041 5207 nonnulli
3068 5152 3096 5203 6
3132 5151 3403 5220 Ἰωάννης.
3449 5147 3642 5201 Deerat
3685 5145 3875 5197 articu-

2329 5226 2764 5294 lnsinvulgatis.
2852 5293 2859 5294 ί
2991 5292 2999 5294 _
3215 5291 3224 5294 _
3305 5291 3314 5294 _
3614 5287 3624 5294 _
3769 5293 3776 5294 κ
3841 5281 3850 5291 .

2401 5298 2511 5368 (57)
2538 5287 2673 5350 Εάῖιὶ
2704 5298 2731 5347 6
2763 5293 2914 5355 Θεός.
2941 5291 3384 5346 Abestarticulus
3412 5305 3440 5340 a
3503 5287 3658 5339 libris
3696 5287 3880 5337 veteri-

2405 5385 2449 5420 s.

2333 5370 2512 5502 bu(38)
2538 5435 2699 5500 Regi}
2742 5433 3134 5502 quinquermss.
3177 5426 3669 5502 mtpqvuia.__Edi_ti
3719 5440 3878 5502 περν-

2331 5496 2692 5561 κυῖ-α.ἰροιίο
2718 5496 2945 5569 utraque
2987 5501 3255 5552 invenitur
3293 5496 3342 5552 in
3403 5498 3725 5569 Colbertino
3755 5496 3877 5569 uilla

2331 5581 2543 5646 quidem
2605 5591 2762 5626 manu
2789 5566 3002 5646 prima,
3046 5571 3158 5623 hare
3215 5586 3352 5646 vero
3395 5566 3650 5646 seen-uda.
3695 5566 3878 5617 Ibidem

2334 5639 2462 5705 etuti
2500 5648 2752 5716 ἇίιρητος.
2788 5642 2938 5714 Regii
2964 5644 3067 5695 duo
3103 5655 3224 5695 cum
3243 5639 3393 5694 Colb.
3430 5639 3706 5707 ἀρῤητως.
