4078 6316
166 418 278 472 7‘29

1264 403 1630 458 ADVERSUS
1670 399 2035 455 EUNOMIUM
2075 402 2202 454 LiB.
2253 404 2315 455 V.

3300 400 3402 449 τεο

165 526 270 577 καὶ
298 540 438 574 κατα
464 520 558 592 τὴν
593 520 898 592 ἐμφύσησιν
927 518 1005 581 εἷς
1037 517 1126 570 τὸν
1166 517 1446 585 ἄνθρωπον
1481 519 1582 568 ἀπε
1595 515 1748 568 σταλ-

1854 517 1973 567 ιΙιιιιι
2007 518 2230 570 formam
2275 532 2302 567 a
2345 511 2574 567 Domino
2603 510 2953 579 corporaliter
2986 509 3260 572 traditam,
3287 526 3406 561 rur-

169 616 336 684 μένη,
383 615 475 667 καὶ
507 616 647 668 κατὰ
689 615 778 664 τὸν
811 612 1132 680 σωματικῶς
1167 611 1268 661 ὑπὸ
1298 608 1390 659 τοῦ
1421 610 1620 679 Κυρίου
1667 610 1744 662 δι-

165 707 434 776 δαχθέντα
459 709 624 759 τύπον
658 705 790 772 (39),
817 699 969 768 αὖθις
997 705 1085 756 ὑπ’
1112 700 1273 755 αὑτοῦ
1303 700 1366 751 δι’
1389 702 1743 772 ὲμφυσήσεως

167 799 658 867 ἁποκαθισταμένη
679 813 691 824 ’
728 797 1035 866 συντρέχειν
1069 794 1178 862 γὰρ
1221 791 1298 844 δεῖ
1340 795 1402 861 τῇ
1427 793 1542 844 κατ’
1572 794 1744 862 ἀρχὴν

168 894 451 959 καινότητι
484 889 591 957 (40)
625 888 722 958 τὴν
758 887 852 940 νῦν
882 886 1241 940 ἁνακαίνωσιν
1281 885 1373 935 καὶ
1398 884 1493 952 τὴν
1531 885 1745 954 συνδρο-

170 987 305 1053 μήν.
355 980 716 1045 Ἐξετύπωσεν
769 977 859 1034 οῦν
900 979 1257 1048 ὲμφυσήσας,
1312 976 1407 1043 οὐχ
1460 975 1641 1043 ἕτερος
1673 975 1746 1026 ὢν

170 1076 330 1145 παρᾶ
358 1073 446 1126 τὸν
474 1069 531 1135 ἐξ
557 1072 729 1142 ἀρχῆς
769 1073 1176 1140 ἐμφυσήσαντα,
1214 1067 1324 1118 ἀλλ’
1354 1065 1535 1126 αὐτὸς,
1587 1064 1652 1114 δι’
1687 1060 1746 1118 οὗ

167 1166 309 1226 Θεὸς
342 1163 536 1216 δέδωκε
582 1165 680 1230 τὴν
712 1162 1035 1231 ἐμφύσησιν,
1078 1161 1195 1212 τότε
1244 1159 1338 1227 μὲν
1371 1156 1505 1226 μετὰ
1549 1155 1744 1224 ψυχῆς.

169 1256 271 1308 νῦν
306 1255 361 1308 δὲ
406 1259 482 1319 εἰς
513 1256 704 1324 ψυχήν.
745 1253 898 1304 Οῦτω
924 1252 1241 1322 δημιουργεῖ
1268 1249 1416 1311 Θεὸς,
1445 1249 1504 1300 οὐ
1552 1247 1748 1316 χειρῶν

170 1350 389 1419 κινήσει
445 1343 787 1416 σωματικῶν,
849 1342 961 1394 ἀλλ’
1009 1343 1252 1414 ἐνεργείᾳ
1315 1338 1512 1403 ζῶντος
1555 1340 1746 1406 Λόγου,

171 1444 272 1495 καὶ
305 1441 614 1509 ΙΙνεύματος
649 1436 925 1507 μεταδόσει
971 1435 1254 1501 ζωοποιοῦ.
1291 1435 1354 1485 Ei
1388 1434 1451 1504 δὴ
1497 1435 1590 1488 καὶ
1628 1435 1746 1486 κατ’

173 1535 354 1605 ἀρχὴν
388 1536 443 1584 ἐν
470 1529 744 1599 ῐΙνεύματι
773 1530 838 1583 τὰ
865 1530 1038 1583 πάντα
1070 1528 1378 1605 πεποῐτΓςαι,
1407 1527 1498 1578 καὶ
1528 1530 1752 1580 ἀνακαι-

171 1616 364 1678 νοῦταί
399 1622 558 1674 πάλιν
605 1624 659 1674 ἐν
693 1623 964 1693 Πνεῦμα-ει
991 1638 1002 1650 '
1045 1622 1138 1692 μία
1187 1619 1278 1672 καὶ
1310 1620 1341 1687 ἠ
1370 1618 1503 1689 αὐτὴ
1544 1635 1752 1689 προφα-

175 1717 286 1779 νῶς
331 1715 575 1786 ἐνέργεια
608 1715 741 1766 Θεοῦ
788 1716 852 1766 δι’
886 1714 1012 1767 Υἱοῦ
1062 1719 1116 1767 ἐν
1147 1711 1421 1780 Πνεύματι
1462 1713 1746 1778 φαίνεται·

172 1807 275 1859 καὶ
329 1804 604 1875 χωρισμὸν
638 1808 669 1875 ἡ
698 1804 864 1874 Τριὰς
921 1805 980 1855 ού
1033 1804 1403 1874 προσδέχεται.
1437 1803 1570 1855 ἀλλὰ
1611 1801 1749 1854 κατὰ

170 1896 274 1966 τὴν
308 1897 478 1965 ἀληθῆ
505 1895 595 1946 τοῦ
627 1895 836 1948 Παύλου
877 1894 1238 1946 διδασκαλίαν.
1290 1892 1614 1959 Διαιρέσεις
1652 1912 1753 1962 xa-

165 1986 485 2056 ρισμάτων
503 1988 641 2052 εἰσὶ,
680 1988 745 2039 τὸ
768 1985 834 2037 δὲ
858 1985 1001 2037 αὐτὸ
1031 1984 1289 2051 Πνεῦμα·
1322 1985 1414 2036 καὶ
1440 1983 1754 2050 διαιρέσεις

174 2078 499 2132 διακονιῶν
535 2081 672 2139 εἱσι,
715 2076 811 2129 καὶ
856 2077 887 2127 ό
917 2074 1096 2139 αὐτὸς
1125 2075 1340 2140 Κύριος
1363 2090 1375 2102 ·
1423 2073 1517 2125 καὶ
1543 2072 1727 2140 διαιρέ

175 2189 314 2236 σεις
337 2170 748 2239 ἐνεργημάτων
774 2167 949 2231 εἰσιν,
978 2172 1009 2222 ὀ
1037 2168 1104 2220 δὲ
1131 2167 1310 2233 αὐτὸς
1341 2167 1503 2231 Θεὸς,
1544 2169 1575 2219 ὀ
1598 2168 1755 2234 ἐνερς

179 2262 304 2332 νῦν
325 2264 396 2316 τὰ
421 2262 614 2316 πάντα
651 2263 720 2314 ὲν
748 2258 915 2313 πᾶσι.
967 2260 1074 2312 Καὶ
1129 2260 1303 2311 πάντα
1354 2257 1649 2324 καταλέξας
1690 2258 1758 2310 τὰ

177 2355 302 2408 θεῖα
332 2355 699 2423 ἐνεργήματα,
756 2350 956 2404 Πάντα
988 2349 1054 2402 δὲ
1102 2350 1308 2413 ταῦτα,
1351 2351 1501 2419 φησὶ,
1536 2351 1762 2420 ἐνεργεῖ

177 2447 246 2499 τὸ
275 2447 346 2499 ἐν
372 2447 467 2498 καὶ
500 2446 565 2497 τὸ
594 2443 738 2497 αὐτὸ
765 2443 1004 2510 Πνεῦμα
1026 2482 1040 2507 ,
1073 2442 1344 2511 διαιροῦν
1382 2443 1498 2509 ἰδίᾳ
1526 2441 1758 2509 ἑκάστῳ

177 2538 377 2604 καθὼς
403 2538 710 2602 βούλεται.

180 2631 305 2686 Ὅτι
343 2629 860 2699 συνδοξαζόμενον
900 2630 1020 2695 Θεῷ
1063 2627 1128 2682 τὸ
1174 2628 1417 2696 Πνεῦμα
1458 2627 1758 2679 δείκνυται

337 2702 422 2771 μὴ
451 2702 522 2755 ὃν
547 2704 789 2770 ποίημα,
827 2704 986 2755 ἀλλὰ
1014 2701 1122 2768 τῆς
1153 2701 1313 2765 θείας
1343 2701 1599 2767 φύσεως.

254 2793 329 2846 Οὐ
357 2794 420 2864 δὴ
461 2793 567 2846 τῶν
596 2793 729 2845 Θεοῦ
763 2794 1255 2864 δημιουργημάτων
1299 2790 1593 2856 ἐξουσιάζει
1641 2788 1757 2841 κτί-

181 2901 292 2948 σις,
323 2886 441 2938 οὐδὲ
474 2888 599 2956 περὶ
645 2886 816 2939 ταῦτα
852 2890 1091 2955 ἐνεργεῖ,
1125 2885 1236 2937 ἀλλ’
1263 2885 1422 2954 ἑτέρα
1469 2881 1562 2934 τοῦ
1596 2882 1756 2953 δημι-

177 2975 405 3046 ουργοῦ,
449 2979 541 3028 καὶ
586 2979 746 3046 ἑτέρα
797 2977 902 3028 τῶν
945 2977 1437 3048 δημιουργημάτων
1477 2974 1753 3046 ἡπρᾶξῑς-

182 3066 456 3134 Ἄγγελοι
488 3066 770 3134 θεωροῦσι
813 3065 878 3118 τὸ
908 3069 1227 3134 πρόσωπον
1252 3065 1356 3119 τοῦ
1385 3065 1614 3131 Πατρός
1653 3064 1755 3117 τοῦ

177 3159 253 3210 ἐν
284 3158 559 3226 οὐρανοῖς
609 3159 750 3212 καθὰ
779 3176 938 3229 φησιν
974 3164 999 3212 ό
1027 3162 1234 3230 Σωτὴρ,
1266 3157 1540 3213 καὶτοῦτο
1579 3157 1755 3210 αὐτῶν

181 3249 216 3318 ὴ
258 3250 467 3318 μεγάλη
505 3250 628 3316 δόξα
658 3253 750 3303 καὶ
781 3252 1133 3322 μακαριότης.
1171 3253 1344 3320 Ἔργα
1377 3250 1430 3302 δέ
1463 3252 1566 3301 εἰσι
1596 3247 1752 3310 Θεοῦ,

181 3339 332 3392 κατὰ
373 3341 469 3392 τό·
519 3343 569 3393 '0
602 3341 784 3395 ποιῶν
831 3342 965 3407 τοὺς
1013 3343 1304 3410 ἀγγέ..ἰους
1350 3340 1532 3393 αὐτοῦ
1581 3339 1757 3392 ττνεύ-

175 3447 363 3501 ματα,
399 3433 494 3486 καὶ
531 3433 670 3498 τοὺς
700 3433 1079 3502 λειτουργοὺς
1102 3433 1286 3486 αὑτοῦ
1326 3432 1511 3497 πυρὸς
1540 3430 1755 3498 φλόγα.

181 3524 320 3587 Θεὸς
363 3524 554 3586 αὐτοὺς
587 3525 716 3603 (κίε),
751 3526 809 3577 ού
840 3525 903 3577 δι’
931 3524 1107 3576 αὐτῶν
1151 3523 1436 3594 ἐργάζεται
1457 3539 1469 3551 ⁸
1505 3521 1638 3574 ἀλλὰ
1667 3524 1759 3573 καὶ

181 3617 384 3679 αὐτοὺς
417 3616 648 3684 ἁγιάζει,
682 3617 774 3670 καὶ
823 3618 879 3669 ὲν
905 3617 1085 3678 αὐτοῖς
1126 3618 1353 3686 ἐνεργεῖ,
1406 3615 1656 3685 καθάπερ
1701 3615 1757 3666 ὲν

183 3711 362 3778 ἁγίοις
397 3709 720 3782 ἀνθρώποις,
748 3711 795 3761 οἳ
831 3710 924 3760 καὶ
953 3709 1340 3777 ἀναγγέλλουσι
1373 3708 1440 3760 τὰ
1472 3707 1606 3760 Θεοῦ
1649 3708 1756 3777 (42)

182 3801 434 3869 καθάπερ
464 3799 758 3870 ἄνθρωποι.
795 3799 991 3868 Διόπερ
1020 3799 1138 3850 οὐδὲ
1175 3798 1563 3868 συνδοΞάζομεν
1593 3797 1758 3865 ἀγγέ-

182 3893 309 3955 λους
349 3892 504 3961 Θεῷ,
540 3893 790 3962 καθάπερ
820 3876 939 3944 οὐδὲ
981 3890 1316 3963 ἀνθρώπους.
1368 3892 1441 3943 Οὐ
1490 3889 1596 3962 γὰρ
1647 3890 1755 3959 (ιδ)

181 3983 290 4036 ἴδια
320 3983 496 4036 αὐτῶν
528 3986 596 4038 τὰ
632 3985 696 4037 δι’
733 3986 909 4038 αὐτῶν
957 3986 1365 4055 εὐεργετήματα
1410 3981 1753 4052 λογιζόμεθα,

181 4073 319 4127 ἀλλὰ
347 4073 481 4126 Θεοῦ
506 4075 596 4126 τοῦ
630 4078 686 4128 έν
724 4077 902 4139 αὐτοῖς
941 4076 1301 4146 ἐνεργοῦντος.
1353 4075 1423 4126 Τὸ
1454 4075 1508 4127 δὲ
1537 4073 1756 4142 Πνεῦμα

181 4165 325 4235 μετὰ
354 4165 487 4218 Θεοῦ
521 4167 612 4219 καὶ
653 4167 783 4219 Υἱοῦ
814 4169 924 4237 (Ml
969 4166 1267 4233 δοξάζεται,
1298 4167 1390 4220 ἆτε
1424 4167 1488 4237 δὴ
1535 4167 1627 4218 καὶ
1657 4164 1755 4232 τῆς

183 4259 373 4326 θεῖκῆς
416 4259 693 4328 ἐνεργείας
747 4259 812 4311 δι’
853 4260 1014 4313 αὑτοῦ
1063 4260 1457 4329 πληρουμένης.
1500 4259 1559 4310 Ἡ
1586 4257 1756 4325 χάρις

180 4349 287 4422 γὰρ
315 4350 420 4402 τοῦ
445 4351 662 4418 Κυρίου
687 4349 853 4419 ἡμῶν
881 4349 1082 4416 Ἰησοῦ
1124 4350 1397 4415 Χριστοῦ,
1445 4347 1576 4417 φησι
1607 4346 1753 4398 Παῦ-

181 4442 291 4504 λος,
325 4439 424 4491 καὶ
458 4444 494 4507 ἡ
533 4441 730 4510 ἀγάπη
771 4442 874 4495 τοῦ
906 4441 1072 4505 Θεοῦ,
1115 4441 1210 4493 καὶ
1260 4441 1295 4508 ἡ
1337 4439 1614 4492 κοινωνία
1650 4439 1753 4492 τοῦ

1846 623 1936 660 sus
1958 609 2024 660 ab
2044 626 2107 661 co
2136 626 2228 676 per
2251 607 2662 661 insulliationem
2703 604 2946 656 restituta
2971 605 3033 656 δ’.
3067 601 3406 657 Concurrere

1845 699 1987 750 enim
2025 707 2235 765 Oportet
2263 715 2362 749 una
2390 714 2508 752 cum
2555 695 2780 766 pristina
2811 694 3046 748 novitate
3084 704 3401 765 praesentem

1845 790 2007 861 304
2042 791 2438 844 innovatiunem
2491 805 2650 861 atque
2692 805 3033 843 concursum.
3094 791 3407 844 informavit

1848 885 2009 953 igitur
2039 895 2316 951 postquam
2352 883 2632 948 suﬁiassct,
2668 900 2790 938 cum
2826 900 2928 936 non
2973 884 3113 935 aliud
3146 885 3215 937 sit
3241 895 3404 952 atque

1848 980 1915 1041 is,
1949 981 2038 1050 qui
2085 995 2111 1030 a
2149 979 2411 1046 principio
2447 979 2760 1044 insumat-it,
2792 981 2882 1034 sed
2935 980 3068 1047 ipse,
3107 993 3200 1046 per
3245 993 3404 1046 quem

1847 1071 1988 1126 Deus
2010 1072 2152 1125 dedit
2184 1069 2621 1132 iusuﬂlationem,
2657 1081 2778 1123 tunc
2804 1075 3018 1138 quidem
3054 1086 3173 1124 cum
3207 1070 3405 1131 anima,

1851 1181 1992 1219 nunc
2017 1182 2145 1219 vero
2175 1166 2240 1218 ad
2275 1165 2530 1219 animam.
2551 1163 2638 1215 Sic
2661 1172 2808 1214 creat
2829 1162 2991 1228 Deus,
3024 1181 3126 1219 non
3152 1178 3404 1215 manuum

1851 1256 2205 1322 corporalium
2259 1266 2427 1314 motu,
2485 1254 2575 1307 sed
2611 1253 2714 1304 vivi
2758 1252 2913 1306 Verbi
2963 1257 3293 1320 operatione,
3343 1265 3406 1305 ac

1851 1345 2044 1398 viviﬁci
2078 1347 2308 1413 Spiritus
2342 1346 2848 1398 coanuunicatione.
2881 1347 3064 1412 Itaque
3088 1348 3128 1397 si
3153 1348 3311 1401 etiam
3339 1347 3409 1400 ab

1854 1436 2004 1490 initio
2033 1438 2083 1490 in
2122 1438 2322 1506 Spiritu
2361 1438 2498 1492 facta
2526 1449 2651 1492 sunt
2690 1440 2891 1505 omnia,
2942 1448 2994 1491 et
3035 1454 3217 1492 rursus
3254 1455 3411 1493 reno-

1853 1541 2043 1582 vantur
2070 1532 2121 1583 in
2143 1530 2342 1598 Spiritu
2379 1551 2391 1585 :
2428 1549 2529 1585 una
2559 1543 2611 1586 et
2640 1533 2824 1587 eadem
2851 1534 3005 1602 plane
3035 1532 3277 1600 Operatio
3315 1532 3408 1584 Dei

1851 1634 1946 1687 per
1968 1619 2158 1672 Fiiium
2199 1623 2249 1672 in
2277 1622 2476 1690 Spiritu
2502 1633 2760 1690 apparet;
2805 1638 2900 1677 nec
2928 1622 3167 1675 Trinitas
3189 1637 3410 1688 separa—

1853 1711 2048 1764 tionem
2086 1712 2329 1780 suscipit,
2365 1715 2455 1766 sed
2485 1713 2778 1768 secundum
2818 1729 2998 1768 veram
3045 1713 3189 1765 Pauli
3224 1713 3420 1766 doctr'v!

1855 1817 1999 1868 nam,
2046 1802 2336 1856 Diuisione:
2386 1804 2638 1857 donorum
2685 1817 2836 1870 sunt,
2870 1808 3002 1858 idem
3030 1817 3200 1857 autent
3238 1803 3414 1872 Spiri-

1854 1904 1977 1957 tus;
2029 1904 2074 1946 et
2122 1896 2401 1948 divisiones
2431 1898 2843 1948 ministeriorum
2867 1909 3006 1960 sunt,
3039 1907 3086 1948 et
3123 1896 3258 1948 idem
3308 1897 3419 1948 Do-

1857 1987 2059 2050 minus;
2096 1994 2144 2039 et
2194 1988 2472 2041 divisiones
2523 1991 2881 2054 Operationum
2935 2001 3078 2054 sunt,
3130 1992 3263 2043 idem
3297 2006 3417 2044 vero

1857 2079 2015 2141 Deus,
2041 2081 2127 2148 qui
2159 2091 2406 2148 operatur
2432 2082 2608 2133 omnia
2629 2082 2680 2133 in
2709 2081 2946 2133 omnibus
2979 2084 3040 2135 ⁸³.
3068 2085 3241 2151 Atque
3266 2096 3414 2151 post-

1855 2187 2081 2240 eaquam
2109 2187 2293 2225 omnes
2313 2174 2517 2226 divinas
2532 2176 2873 2243 operationes
2898 2178 3197 2230 recensuit:
3223 2176 3416 2230 Omnia

1856 2275 2029 2317 autem
2060 2264 2190 2328 haec,
2223 2265 2414 2331 inquit,
2457 2278 2704 2329 operatur
2727 2284 2860 2319 imus
2885 2278 2931 2320 et
2990 2269 3125 2320 idem
3159 2268 3412 2338 Spiritus,

1856 2356 2090 2409 dividens
2114 2355 2358 2424 privatim
2395 2356 2673 2427 unicuique
2714 2360 2869 2411 sicuti
2905 2365 3004 2413 ruit
3031 2361 3094 2414 “.

1863 2615 2012 2679 Quod
2042 2615 2292 2681 Spiritus,
2312 2634 2425 2668 cum
2451 2619 3000 2684 conglori/iceturenm
3031 2622 3155 2684 Deo,
3178 2626 3420 2678 ostenda-

2017 2697 2103 2737 tur
2126 2703 2226 2738 non
2257 2704 2366 2740 esse
2390 2698 2651 2752 creatura,
2683 2691 2772 2742 sed
2803 2693 2993 2743 divinir
3018 2706 3244 2749 natnrw.

1931 2777 2044 2834 Non
2088 2780 2272 2849 utique
2311 2789 2633 2848 potestatem
2683 2783 2842 2836 habet
2902 2785 2952 2836 in
3007 2785 3094 2839 Dei
3136 2797 3417 2844 creaturas

1859 2886 2129 2939 creatura,
2172 2888 2344 2942 neque
2393 2874 2538 2928 circa
2592 2890 2681 2928 eas
2719 2888 2973 2943 Operatur
3006 2899 3015 2932 :
3069 2881 3160 2934 sed
3199 2882 3301 2933 alia
3339 2894 3420 2936 est

1859 2966 2148 3030 Creatoris,
2181 2965 2281 3018 alia
2315 2974 2679 3018 creaturarum
2710 2968 2868 3019 actio.
2903 2968 3082 3034 Angeli
3107 2971 3273 3023 vident
3306 2968 3418 3022 Pa-

1860 3060 1951 3112 tris
1990 3063 2075 3128 qui
2107 3060 2158 3111 in
2195 3059 2330 3112 caelis
2371 3067 2445 3109 est
2497 3057 2684 3125 [aciem
2713 3059 2778 3123 ⁸⁵,
2849 3062 3297 3127 ιιιιοιῐιαόηιοάιιιη
3345 3066 3420 3117 ait

1862 3151 2128 3217 Salvator,
2155 3161 2206 3205 et
2230 3152 2340 3204 haec
2375 3151 2607 3219 ipsorum
2639 3169 2826 3218 magna
2859 3152 3022 3218 gloria
3056 3168 3117 3207 ac
3146 3156 3418 3209 beatitudo

1861 3254 1963 3298 est.
1997 3242 2131 3296 Sunt
2159 3253 2336 3297 autem
2374 3243 2463 3295 llei
2500 3258 2662 3309 opera
2688 3283 2701 3301 .
2728 3243 2880 3311 juxta
2929 3244 3054 3297 illud
3083 3261 3095 3298 :
3139 3247 3242 3308 Qui
3289 3246 3418 3314 facit

1861 3335 2072 3404 angelos
2106 3352 2227 3388 suos
2276 3334 2530 3401 spiritus,
2573 3344 2618 3386 et
2667 3335 2930 3387 ministros
2979 3353 3099 3388 suos
3150 3338 3420 3405 ﬂammam

1858 3431 1992 3498 ignis
2015 3429 2080 3480 ⁸⁸.
2121 3428 2263 3482 Deus
2293 3428 2436 3495 ipsos
2469 3428 2671 3490 condit,
2701 3444 2804 3480 non
2840 3444 2932 3496 per
2962 3429 3104 3496 ipsos
3132 3441 3418 3498 Operatur:

1859 3522 1987 3590 quin
2031 3528 2085 3573 et
2117 3535 2209 3574 eos
2244 3519 2568 3580 sanctiﬁcat,
2603 3529 2655 3571 et
2694 3519 2742 3570 in
2792 3519 2918 3586 ipsis
2959 3528 3210 3586 operatur
3235 3560 3250 3583 ,
3283 3522 3422 3575 sicut

1859 3612 1912 3666 in
1946 3612 2147 3667 sanctis
2189 3612 2517 3666 hominibus.
2546 3611 2623 3664 Illi
2654 3626 2863 3679 quoque
2896 3627 3014 3679 quae
3046 3611 3138 3666 Dei
3167 3624 3291 3666 sunt
3322 3630 3418 3666 an-

1859 3707 2106 3759 nuntiant
2151 3706 2598 3773 quemadmodum
2646 3705 2907 3758 homines.
2941 3705 3278 3774 Quapropter
3320 3723 3417 3760 ne-

1859 3814 1961 3866 que
1989 3799 2205 3868 angelos
2237 3815 2339 3852 una
2365 3814 2484 3852 cum
2511 3797 2617 3851 Deo
2647 3799 3027 3864 gloriﬁcamus,
3070 3802 3208 3853 sicut
3242 3816 3418 3869 neque

1858 3892 2121 3947 homines.
2155 3891 2267 3944 Non
2309 3891 2450 3942 enim
2483 3891 2696 3959 propria
2729 3892 2962 3959 ipsorum
3014 3904 3326 3961 reputamus
3354 3908 3416 3947 ea

1855 4001 1973 4055 quae
2000 3986 2066 4039 ab
2118 3984 2249 4052 ipsis
2304 3983 2657 4038 conferuntur
2691 3983 2974 4045 beneﬁcia,
3012 3985 3102 4039 sed
3143 3987 3420 4050 operantis

1859 4079 1908 4128 in
1944 4077 2073 4144 ipsis
2103 4077 2219 4127 Dei.
2275 4073 2513 4142 Spiritus
2543 4090 2670 4127 vero
2702 4090 2822 4127 cum
2855 4074 2964 4128 Deo
2994 4087 3045 4128 et
3082 4074 3214 4128 Filio
3255 4074 3420 4129 aﬁiri-

1861 4178 1945 4220 tur
1967 4167 2160 4236 gloria,
2193 4166 2388 4233 quippe
2413 4164 2534 4233 quia
2566 4174 2620 4218 et
2653 4165 2830 4218 divina
2859 4167 3099 4233 operatio
3121 4182 3216 4234 per
3239 4167 3415 4234 ipsum

1857 4261 2175 4328 completur.
2223 4257 2410 4312 Gratia
2460 4259 2600 4312 enim
2641 4258 2846 4312 Domini
2901 4261 3064 4312 nostri
3099 4260 3226 4313 Jesu
3261 4260 3421 4312 Chri-

1855 4352 1944 4412 sti,
1987 4351 2158 4419 inquit
2183 4348 2380 4402 Paulus
2410 4346 2477 4414 ⁸⁷,
2517 4363 2560 4401 et
2597 4351 2830 4402 charitas
2877 4348 2998 4412 Dei,
3033 4359 3080 4401 et
3126 4350 3416 4400 communi-

1855 4445 1993 4496 catio
2024 4443 2190 4496 sancti
2224 4440 2453 4506 Spiritus
2486 4457 2601 4492 cum
2644 4440 2881 4491 omnibus
2919 4440 3077 4491 vobis.
3119 4439 3294 4506 Atque
3326 4455 3417 4494 sa-

178 4529 354 4598 driov
375 4532 710 4599 Πνεύματος
728 4532 876 4600 μετὰ
899 4531 1135 4584 πάντων
1157 4531 1337 4601 ὑμῶν.
1366 4531 1474 4584 Καὶ
1500 4531 1558 4582 τὸ
1585 4531 1751 4598 κεφά-

1862 4535 1986 4586 Iutis
2012 4545 2210 4585 nostrm
2239 4539 2418 4598 caput,
2457 4529 2797 4598 perfectaque
2833 4531 2895 4581 de
2922 4529 3125 4583 deitate
3151 4530 3367 4584 traditio
3401 4570 3417 4593 ,

178 4622 331 4675 λαιον
359 4623 454 4691 τῆς
489 4625 756 4694 σωτηρίας
783 4624 956 4694 ἡμῶν,
1009 4625 1100 4676 καὶ
1129 4626 1159 4692 ἡ
1191 4624 1366 4675 τελεία
1398 4622 1523 4693 περὶ
1568 4622 1758 4692 θεότη-

176 4733 269 4779 τος
310 4716 621 4785 παράδοσις,
660 4720 736 4778 εἰς
764 4717 850 4769 τὸν
884 4717 988 4770 τῶν
1024 4717 1432 4787 βαπτιζομὲνων
1459 4715 1756 4784 ἀγιασμὺν,

174 4809 239 4861 τὸ
278 4807 555 4877 βαπτίζειν
587 4811 665 4869 εἰς
712 4809 771 4859 τὸ
807 4808 974 4878 ὄνομα
1005 4809 1095 4861 τοῦ
1127 4809 1336 4877 Πατρὸς
1365 4808 1458 4859 καὶ
1493 4807 1585 4858 τοῦ
1626 4807 1756 4857 Υἱοῦ

176 4900 274 4952 καὶ
309 4899 402 4952 τοῦ
431 4900 584 4967 ἁγίου
616 4899 945 4969 Πνεῦμα-ξος.
981 4902 1052 4953 Τὸ
1079 4901 1134 4954 δὲ
1163 4903 1253 4953 ἐπὶ
1289 4900 1394 4953 τῶν
1431 4900 1612 4954 αὐτῶν
1644 4899 1754 4952 θεῖ-

251 5073 298 5103 ⁸²
327 5072 480 5125 Joan.
538 5089 627 5136 xx,
658 5071 746 5127 2'2.

176 5158 302 5208 xm,
338 5143 423 5196 15.

847 5072 891 5102 ⁸³
921 5073 1081 5127 lCor.
1134 5090 1228 5137 xu,
1272 5074 1388 5126 4-6.

255 5352 363 5424 (39)
396 5351 542 5419 Regii
569 5362 680 5424 tres
706 5366 839 5424 mss.
861 5361 911 5405 et
941 5352 1063 5424 editi
1096 5350 1406 5424 διδαχθέντα
1428 5348 1616 5424 τύπον.
1646 5348 1746 5400 Alii

177 5421 285 5478 duo
320 5441 436 5477 cum
472 5424 624 5478 Coll).
667 5422 944 5491 δειχθέντα
970 5421 1158 5486 τύπον,
1190 5423 1468 5474 secundum
1519 5421 1744 5488 formam

175 5511 210 5547 a
239 5494 346 5546 Deo
381 5505 634 5546 ostensam
647 5533 658 5545 .

250 5564 361 5633 (40)
411 5564 540 5631 Heg.
580 5563 840 5615 secundus
882 5565 944 5631 τῇ
975 5560 1249 5633 καταρχὰς
1280 5560 1572 5630 καινότητι.
1636 5558 1744 5613 Nec

177 5631 446 5687 ἱιςιιιιιιιιυ
483 5642 599 5699 post
628 5634 762 5685 idem
797 5633 959 5684 codex
988 5631 1116 5692 Θεὸς
1148 5633 1313 5682 ἔδωκε
1337 5634 1455 5699 τήν.

252 5703 360 5774 (Η)
402 5704 542 5756 Editi
572 5703 743 5770 φλόγα
763 5702 943 5774 ’.ἀλλὰ
976 5703 1067 5753 καὶ
1092 5701 1304 5774 αὐτούς,
1341 5712 1442 5753 etc.
1488 5701 1557 5752 At
1585 5699 1736 5752 Coll).

175 5772 418 5845 et‘licgii
492 5782 604 5828 tres
661 5785 716 5826 ut
783 5772 833 5826 in
893 5781 1164 5834 contextu,
1223 5772 1426 5839 integre
1457 5782 1509 5824 et
1556 5785 1738 5824 cmen-

174 5847 311 5897 date.

1484 5073 1527 5102 “
1568 5071 1695 5128 ibid.
1733 5074 1816 5129 Η.

1858 4625 1920 4677 ad
1951 4640 2136 4678 eorum
2160 4622 2251 4691 qui
2283 4622 2623 4690 baptizantur
2649 4619 3154 4683 sanctiﬁcationem,
3187 4632 3287 4685 est,
3323 4622 3419 4674 ba-

1854 4718 2060 4780 ptizare
2091 4717 2142 4768 in
2197 4729 2388 4767 nomen
2420 4713 2593 4766 Patris
2624 4720 2676 4763 ct
2721 4711 2845 4764 Filii
2880 4724 2933 4764 et
2965 4711 3196 4778 Spiritus
3223 4712 3417 4767 sancti.

1853 4807 2002 4873 Quod
2031 4820 2157 4859 vero
2188 4805 2237 4857 in
2270 4805 2454 4858 iisdem
2489 4804 2684 4856 divinis
2729 4803 2980 4873 operibus
3017 4804 3253 4856 Trinitas
3292 4819 3420 4857 san-

1851 4907 1937 4951 cta
1971 4896 2324 4966 gloriﬁcatur,
2377 4893 2594 4948 deitatis
2630 4895 2788 4948 unius
2846 4894 3216 4947 testimonium
3278 4905 3360 4949 est
3402 4912 3418 4952 :

1917 5073 1959 5103 ⁵³
1986 5071 2174 5126 Matth.
2218 5088 2367 5134 xvm,
2407 5072 2489 5126 10.
2597 5072 2640 5102 ⁸⁸
2670 5072 2808 5127 Psal.
2846 5089 2962 5138 ειη,
3013 5074 3065 5128 4.
3144 5077 3187 5106 ⁸⁷
3216 5073 3258 5128 ΙΙ
3287 5077 3410 5133 Cor.

1928 5345 2037 5415 (4"2)
2058 5345 2192 5398 Editi
2218 5346 2282 5398 τὰ
2311 5345 2401 5397 τοῦ
2425 5346 2578 5398 Θεοῦ.
2606 5346 2831 5402 Codices
2866 5365 2956 5403 sex
2990 5350 3058 5404 τὰ
3081 5350 3236 5407 Θεοῦ.

1916 5417 2205 5492 (ίίῦλίῇιιίιί
2263 5417 2600 5487 ἀνθρώπους.
2637 5419 2833 5489 Διόπερ
2867 5422 2925 5471 οῦ
2953 5422 3080 5492 γάρ.
3119 5422 3269 5487 Illud,
3307 5421 3414 5476 διό·

1846 5504 1971 5556 περ,
2025 5487 2339 5558 delevimus,
2386 5498 2621 5540 veterum
2681 5487 2920 5558 quinque
2956 5487 3213 5547 librorum
3251 5495 3409 5548 tidem

1843 5555 2033 5609 scCuti.
2085 5555 2304 5632 Contra,
2359 5573 2541 5632 vocem
2599 5555 3010 5631 εὐεργετῆματα
3057 5579 3122 5616 ex
3181 5575 3414 5632 qualun'.‘

1842 5643 1974 5679 tnss.
2005 5642 2109 5697 non
2145 5627 2300 5697 longe
2329 5629 2649 5681 addidimus.

1911 5696 2224 5819 tipﬁgtgex
2251 5696 2413 5753 Coll).
2444 5699 2577 5768 μετὰ
2606 5700 2817 5771 Πατρδς
2842 5703 2932 5755 καὶ
2959 5703 3111 5771 Υἱοῦ,
3145 5721 3259 5759 cum
3297 5701 3412 5760 Pa-

1839 5775 1918 5820 tre
1941 5779 1986 5822 et
2024 5775 2184 5819 r'tlio.
