4088 6318
648 371 752 425 ’159

1956 365 2011 420 S.
2057 365 2294 420 BASILII
2337 366 2548 422 MAGNI

3777 367 3872 422 τω

655 491 902 554 pugnum
935 492 1034 537 est.
1069 479 1149 534 Tu
1191 496 1341 544 vero,
1374 495 1435 534 ex
1481 494 1546 533 co
1583 480 1723 548 quod
1746 479 1981 536 Joannes
2024 484 2205 536 dicat:

2316 485 2555 554 περὶτῆς
2583 485 2802 554 γεέννης
2823 485 2882 537 τὸ
2902 484 3122 554 Πνεῦμα
3147 484 3208 536 τὸ
3238 483 3376 536 Θεῖον
3396 500 3668 550 συγκατατ
3679 484 3872 552 ἀττεις,

660 577 777 646 Ipse
803 592 884 629 vos
917 576 1195 642 baptizabit
1228 577 1279 627 iu
1309 573 1510 642 Spiritu
1552 582 1730 626 sancto
1766 583 1811 625 et
1859 575 1976 642 igne
1996 574 2063 638 ⁸ο,
2094 575 2214 642 Spi-

659 677 816 729 ritum
842 674 1078 728 divinum
1113 674 1270 726 etiam
1303 687 1407 724 una
1447 686 1567 724 cum
1607 672 1726 739 igne
1757 673 2019 738 gehennae
2052 673 2214 726 collo-

656 781 767 821 cas.
797 765 921 819 Haec
949 779 1105 834 quem
1135 763 1427 830 impietatis
1461 762 1674 815 modum
1704 777 1810 816 non
1861 773 2136 830 superant,
2169 764 2213 817 si

655 861 776 913 ideo
805 873 956 926 aqua:
974 857 1285 926 dignitatem
1313 855 1534 923 Spiritui
1563 865 1749 909 sancto
1771 856 2047 918 attribuis,
2071 855 2214 923 quod

653 951 890 1018 Spiritus
931 949 1116 1018 illapsu
1163 963 1303 1017 aqua
1355 946 1760 1002 sanctiﬁcatur?
1808 948 2212 1016 Adicquandum

653 1043 796 1095 enim
828 1039 1027 1094 duxisti
1064 1038 1208 1108 quod
1237 1022 1724 1102 sanctiﬁcaturfei,
1751 1039 1841 1106 qui
1883 1038 2211 1104 sanctiﬁcat,

655 1132 1007 1202 eumdemque
1037 1147 1141 1186 una
1174 1147 1292 1184 cum
1320 1131 1428 1184 Deo
1457 1129 1595 1184 Filio
1629 1131 1681 1183 in
1711 1132 1898 1185 eadem
1942 1131 2214 1198 operatio-

655 1238 723 1276 ne
755 1238 816 1276 ac
847 1222 1018 1292 gloria
1049 1233 1388 1280 numeratum
1437 1236 1543 1275 non
1578 1219 1860 1283 formidas,
1901 1224 1991 1289 qui
2021 1236 2214 1290 opera-

654 1316 855 1368 tionem
885 1327 1042 1365 unam
1075 1325 1138 1364 ac
1182 1310 1406 1380 gloriam
1447 1309 1700 1379 privatim
1752 1308 1994 1363 disseces
2029 1309 2212 1378 :quod

653 1415 832 1458 autem
885 1404 1049 1458 utitur
1100 1417 1235 1472 aqua
1277 1404 1342 1456 ad
1396 1415 1683 1468 corporum
1751 1401 2209 1470 puriﬁcationem,

651 1508 934 1568 propterea
959 1495 1218 1565 Spiritum
1265 1493 1466 1562 putasti
1501 1493 1687 1546 eodem
1725 1493 1936 1547 honore
1966 1492 2209 1562 dignum,

652 1605 758 1658 quu
796 1603 1011 1658 aquam.
1044 1588 1110 1641 Et
1157 1584 1477 1640 medicinam
1510 1585 1749 1652 quidem,
1799 1585 2012 1638 tametsi
2044 1595 2212 1639 mate-

652 1681 752 1735 riis
778 1680 963 1744 utitur,
999 1693 1105 1733 non
1141 1678 1277 1732 dicis
1322 1676 1564 1730 materiis
1593 1676 1855 1745 dignitate
1889 1690 2091 1742 parem,
2118 1677 2212 1730 sed

653 1771 1002 1826 materiarum
1034 1770 1304 1825 dominam
1342 1786 1357 1822 :
1391 1769 1629 1824 divinum
1653 1784 1782 1822 vero
1809 1767 2092 1835 Spiritum,
2123 1769 2209 1835 qui

652 1879 790 1932 aqua
821 1863 885 1917 ad
918 1863 1126 1931 peccati
1150 1861 1334 1915 sordes
1356 1861 1732 1931 expurgandas
1759 1860 1947 1924 utitur,
1973 1862 2037 1911 ad
2065 1875 2214 1927 aquae

653 1956 886 2010 dedecus
915 1963 1076 2023 atque
1101 1953 1455 2007 humilitatem
1485 1952 1674 2020 dejicis
1709 1969 1723 2003 :
1753 1966 1925 2019 aquae,
1968 1952 2209 2018 inquam,

651 2061 773 2117 quae
807 2046 986 2115 impiis
1043 2045 1206 2099 etiam
1260 2045 1326 2098 ad
1374 2058 1711 2097 communem
1756 2058 1908 2095 usum
1961 2055 2215 2094 concessa

651 2147 736 2194 est
763 2157 778 2193 :
809 2152 982 2206 aquae,
1010 2152 1116 2207 qua
1144 2137 1323 2192 omnia
1346 2149 1628 2205 corporum
1662 2133 2063 2202 inquinamenta
2095 2133 2215 2187 abs-

651 2238 953 2296 terguntur.
997 2228 1148 2294 Quod
1178 2229 1222 2283 si
1291 2226 1430 2296 ignis
1456 2227 1619 2280 etiam
1662 2223 2015 2279 considerasti
2052 2232 2211 2276 natu-

652 2336 792 2388 rain,
828 2321 1172 2390 qualemnam
1214 2334 1324 2374 rem
1368 2333 1531 2374 ausus
1567 2332 1625 2374 es
1655 2318 2003 2388 excogitare?
2030 2316 2212 2370 Demi-

651 2426 744 2465 ror
773 2411 1130 2476 dementiam,
1159 2412 1204 2466 si
1228 2425 1353 2465 vere
1379 2411 1552 2479 ignem
1587 2423 1690 2462 non
1717 2407 2032 2462 extimuisti.
2059 2406 2214 2460 Chri-

653 2513 775 2555 stus
797 2503 852 2555 in
885 2502 1089 2569 Spiritu
1110 2502 1350 2569 baptizat
1380 2501 1807 2553 sanctiﬁcatione
1831 2500 2019 2566 dignos
2043 2515 2058 2551 :
2079 2498 2215 2550 indi-

653 2607 790 2664 gnos
832 2608 961 2648 vero
999 2594 1052 2646 in
1092 2593 1270 2662 ignem
1312 2592 1500 2655 mittit;
1551 2590 1751 2644 alienos
1794 2605 1824 2642 a
1876 2590 2039 2655 bono,
2075 2589 2214 2641 malo

651 2686 891 2741 tradens.
944 2685 1232 2755 Propterea
1279 2685 1439 2753 igitur
1471 2683 1722 2737 videnlur
1755 2682 1847 2736 tibi
1903 2683 2101 2736 bonum
2158 2691 2213 2736 et

651 2778 850 2833 malum
894 2777 1037 2832 inter
1068 2793 1126 2832 se
1156 2791 1276 2832 esse
1305 2774 1501 2838 alIinia,
1538 2775 1802 2843 simulque
1831 2783 2008 2828 creata
2035 2783 2089 2828 et
2124 2788 2212 2828 so-

651 2870 761 2923 cia.
799 2868 865 2923 Et
885 2883 1190 2936 quanquam
1221 2881 1318 2920 nos
1339 2867 1552 2919 easdem
1579 2865 1752 2919 Patris
1784 2875 1839 2920 et
1867 2865 1989 2920 Filii
2017 2876 2072 2920 et
2096 2867 2213 2936 Spi-

649 2963 790 3019 ritus
831 2961 1005 3016 sancti
1048 2959 1391 3030 operationes
1439 2969 1948 3022 commonstramus,
1997 2967 2052 3012 tu
2106 2974 2212 3012 non

649 3056 806 3110 vides
834 3053 1262 3125 conjunctionem
1286 3070 1300 3120 ;
1335 3066 1433 3107 nec
1457 3067 1578 3106 cum
1614 3051 1940 3119 praedicatur
1967 3063 2212 3103 seorsum

652 3147 890 3216 Spiritus
921 3148 972 3201 in
1003 3144 1098 3200 Dei
1132 3144 1322 3214 gloria,
1356 3143 1409 3197 in
1441 3156 1504 3196 eo
1527 3142 1763 3195 divinam
1796 3139 2022 3210 gloriam
2051 3138 2214 3192 intelo

652 3239 808 3308 ligis;
843 3239 1039 3307 quippe
1080 3237 1304 3306 apostoli
1347 3235 1530 3289 dicunt
1550 3235 1592 3264 ⁶¹
1626 3252 1640 3287 :
1674 3232 1804 3288 Ηιεε
1835 3233 1960 3286 dicit
1989 3230 2218 3301 Spiritus

656 3336 904 3388 saucius;
946 3323 1392 3392 quemadmodum
1442 3323 1656 3378 aiebant
1713 3322 2020 3393 prophetae,
2086 3320 2216 3375 Haec

2313 576 2400 627 διὰ
2432 577 2492 627 τὸ
2523 577 2700 644 λέγειν
2747 577 2836 628 τὸν
2874 577 3127 645 Ἰωάννην
3149 593 3161 604 ·
3183 575 3374 640 Αὐτὸς
3401 574 3552 644 ὑμᾶς
3584 577 3873 639 ,ϐαπτίσει

2313 670 2380 720 ἐν
2403 669 2694 736 Πνεύματι
2721 669 2865 738 ἁγίῳ
2892 669 2990 721 καὶ
3021 667 3165 735 πυρί
3194 667 3330 736 (Si).
3363 667 3543 720 Ταῦτα
3566 669 3730 720 ποίαν
3753 668 3872 720 ἀσε-

2314 758 2463 821 ϐείας
2485 759 2785 830 ὑπερϐολὴν
2817 760 3124 821 κατέλιπεν,
3151 760 3198 811 εἰ
3231 759 3328 829 τὴν
3357 758 3540 821 ὓδατος
3573 760 3689 828 (82)
3725 759 3875 823 ἀξίαν

2312 850 2389 920 τῷ
2426 851 2701 921 Πνεύματι
2727 850 2802 920 τῷ
2823 851 2960 921 ἁγίῳ
2986 850 3328 921 περιάπτεις,
3353 850 3532 918 ἐπειδὴ
3558 851 3873 918 Ilva-351.110;

2314 943 2590 1012 κατεςόδῳ
2616 943 2676 994 τὸ
2711 942 2851 1012 ὕδωρ
2872 942 3194 1010 ἀγιάζεται.;
3232 943 3453 1006 ἰσάζειν
3481 942 3584 1010 γάρ
3624 960 3709 993 σοι
3737 943 3873 1008 ἔδοξε

2313 1034 2390 1104 τῷ
2420 1035 2692 1102 ἀγιάζοντι
2722 1037 2781 1089 τὸ
2814 1035 3171 1106 ἀγιαζόμενον
3203 1035 3333 1104 (85),
3365 1036 3457 1087 καὶ
3483 1034 3596 1104 Θεῷ
3641 1035 3743 1103 μὲν
3768 1035 3874 1103 Tit}

2316 1128 2811 1198 συναριθμοῦμενον
2840 1131 2920 1191 εἰς
2945 1129 3043 1200 τὴν
3077 1129 3245 1198 αὐτὴν
3276 1129 3551 1198 ἐνέργειαν
3588 1129 3690 1179 καὶ
3723 1129 3871 1192 δόξαν

2312 1219 2372 1270 οὐ
2413 1221 2671 1288 φρίττεις,
2715 1221 2823 1291 ἰδία
2846 1221 2945 1291 τὴν
2977 1220 3104 1290 μίαν
3135 1221 3409 1292 ἐνέργειαν
3436 1220 3524 1271 καὶ
3561 1219 3723 1282 δόξαν
3750 1220 3874 1271 ἀνα-

2315 1312 2528 1366 κόπτων
2555 1312 2693 1383 (84)’
2738 1315 2820 1367 ὅτι
2855 1314 2910 1366 δέ
2943 1313 3094 1366 ὕδατι
3138 1314 3331 1384 χρῆται
3364 1313 3498 1383 πρὸς
3524 1313 3611 1364 τὸν
3639 1313 3752 1364 τῶν
3779 1328 3874 1363 σω-

2315 1405 2499 1476 μάτων
2533 1407 2832 1476 καθαρμδν,
2858 1406 2947 1459 διὰ
2973 1406 3128 1459 τοῦτο
3154 1407 3251 1476 τῆς
3273 1405 3367 1458 τοῦ
3389 1406 3572 1467 ὓδατος
3605 1405 3877 1473 ἰσοτιμίας

2314 1495 2459 1557 ἀξιον
2486 1495 2714 1562 ἐλογίσω
2742 1495 2852 1565 (85)
2879 1496 2940 1547 τὸ
2964 1495 3206 1562 Πνεῦμα.
3239 1496 3346 1548 Καὶ
3363 1496 3458 1565 τὴν
3483 1499 3576 1564 μὲν
3601 1495 3874 1562 ἰατρικὴν,

2315 1584 2467 1648 ὕλαις
2498 1584 2806 1655 χρωμένην,
2833 1586 2929 1638 οὐκ
2960 1586 3159 1650 ἰσάξιον
3191 1590 3309 1648 ταῖς
3336 1587 3484 1649 ὕλαις
3513 1587 3715 1654 λέγειςν

2314 1677 2664 1750 κυριευτικὴν
2712 1676 2822 1729 τῶν
2854 1678 3022 1730 ὑλῶν·
3073 1679 3132 1731 τὸ
3166 1678 3222 1731 δὲ
3251 1679 3388 1730 θεῖον
3432 1678 3686 1746 Πνεῦμα,
3734 1677 3875 1748 χρώ-

2319 1790 2475 1843 μενον
2505 1771 2655 1824 ὕδατι
2686 1769 2823 1840 πρὸς
2855 1768 2950 1840 τὴν
2976 1771 3079 1822 τῶν
3107 1771 3381 1840 ἁμαρτίας
3421 1770 3601 1840 ρύπων
3665 1770 3874 1822 ἁποκά-

2315 1865 2527 1936 Θαρσιν,
2567 1865 2648 1926 είς
2681 1863 2781 1931 τὴν
2812 1861 2905 1914 τοῦ
2954 1860 3142 1925 ὓδατος
3169 1862 3379 1928 ἀδοξίαν
3404 1861 3496 1914 καὶ
3519 1861 3877 1930 ταπεινότητα

2315 1955 2758 2027 καταϐέϐληκαςο
2796 1952 3005 2016 ὕδατος,
3040 1953 3068 2005 ὃ
3112 1955 3245 2025 πρὸς
3295 1954 3477 2025 κοινὴν
3507 1954 3704 2024 χρῆσιν
3741 1953 3878 2004 ἀνεῖ-

2315 2065 2402 2100 ται
2459 2048 2552 2100 καὶ
2584 2046 2890 2100 δυσσεὸὦν’
2947 2046 3156 2108 ὓδατος,
3207 2041 3250 2114 ᾧ
3297 2048 3561 2117 μολυσμοὶ
3608 2047 3877 2116 σωμάτων

2316 2139 2514 2202 πάντες
2546 2138 3032 2210 ἀποκαθαίρονται.
3089 2137 3210 2188 Ἐἀν
3246 2137 3300 2189 δὲ
3332 2139 3425 2190 καὶ
3467 2139 3526 2191 τὸ
3565 2138 3660 2190 τοῦ
3709 2141 3877 2209 πυρὸς

2314 2230 2643 2301 ἐνθυμηθῇς,
2667 2227 2775 2284 οἷον
2806 2233 3054 2302 ἐννοῆσαι
3078 2230 3451 2299 τετόλμηκας;
3484 2231 3760 2301 Θαυμάζω
3783 2233 3876 2300 τὴν

2313 2322 2601 2384 ἀπόνοιαν,
2643 2323 2690 2373 εἰ
2741 2323 2814 2394 μὴ
2855 2323 3096 2383 δέδοικας
3131 2319 3240 2390 (86)
3287 2321 3449 2382 ὖντως
3495 2322 3557 2372 τὸ
3589 2322 3720 2392 πῦρ.
3778 2320 3877 2373 Βα-

2315 2414 2492 2477 πτίζει
2515 2413 2745 2484 Χριστὸς
2774 2415 2832 2466 ἐν
2875 2413 3152 2482 Πνεύματι
3187 2412 3311 2471 τοὺς
3346 2409 3528 2474 ἀξίους
3561 2411 3832 2480 ἀγιασμοῦ
3857 2429 3871 2440 ·

2312 2509 2438 2570 τοὺς
2465 2508 2521 2559 δὲ
2547 2505 2796 2570 ἀναξίους
2825 2507 2916 2558 ἐπὶ
2940 2506 3001 2558 τὸ
3031 2504 3138 2575 πῦρ
3167 2501 3544 2572 παραπέμπει,
3569 2502 3694 2562 τοὺς
3729 2502 3876 2552 ἁλλο-

2314 2598 2494 2665 τρίους
2529 2596 2621 2648 τοῦ
2664 2594 2869 2663 ἀγαθοῦ
2913 2595 2992 2664 τῷ
3025 2592 3180 2663 κακῷ
3214 2592 3557 2662 παραδιδούς.
3593 2591 3690 2642 Διά
3725 2591 3875 2643 τοῦτό

2319 2705 2398 2740 σοι
2417 2689 2522 2756 ἀρα
2545 2687 2605 2738 τὸ
2621 2687 2824 2754 ἀγαθὸν
2852 2688 2949 2740 καὶ
2967 2689 3027 2740 τὸ
3055 2686 3222 2740 κακὸν
3243 2684 3444 2752 ἀδελφά
3465 2685 3559 2736 καὶ
3583 2684 3878 2752 ὁμόκτιστα

2318 2781 2408 2834 καὶ
2434 2778 2662 2832 κοινωνά
2689 2778 2798 2847 (87)
2832 2779 3100 2845 φαίνεται.
3118 2782 3270 2848 Καὶή
3281 2779 3393 2848 μῶν
3427 2780 3524 2848 μὲν
3546 2776 3878 2830 ἐπιδεικνύν-

2313 2891 2420 2926 των
2448 2871 2726 2943 ἐνεργείας
2753 2871 2852 2932 τὰς
2889 2869 3056 2930 αὑτὰς
3086 2871 3299 2938 Πατρὸς
3325 2873 3415 2921 καὶ
3445 2869 3574 2921 Tini}
3606 2871 3699 2921 καί
3727 2870 3876 2936 ἁγίου

2316 2965 2648 3036 Πνεύματος,
2680 2963 2776 3032 οὐχ
2805 2963 2935 3033 ὁρᾷς
2960 2963 3058 3032 τὴν
3089 2962 3299 3023 ἕνωσιν,
3325 2961 3431 3012 οὐδ’
3463 2962 3550 3011 ὅτε
3575 2964 3878 3030 καταμόνας

2318 3060 2374 3111 ὲν
2423 3058 2556 3110 Θεοῦ
2610 3056 2732 3126 δόξῃ
2767 3056 2826 3108 τὸ
2857 3053 3080 3124 Πνεῦμα
3112 3052 3471 3123 κηρύσσεται,
3529 3050 3729 3113 συνίεις
3785 3052 3878 3119 τὴν

2241 3158 2283 3215 C
2319 3148 2500 3219 θεῖκὴν
2535 3146 2691 3212 δόξαν
2731 3150 2816 3201 ἐπ’
2847 3147 3013 3201 αὑτοῦ
3033 3188 3048 3213 ,
3094 3145 3357 3214 λεγόντων
3383 3145 3492 3196 τῶν
3526 3143 3840 3197 ἀποστόλων
3863 3184 3877 3202 ,

2319 3236 2460 3291 Τάδε
2483 3236 2739 3305 λέγειιττὸ
2771 3237 3013 3306 Πνεῦμα
3053 3236 3118 3289 τὸ
3153 3237 3355 3304 ἅγιον,
3386 3235 3460 3296 ὡς
3492 3237 3539 3286 οἱ
3568 3235 3876 3304 προφῆται,

2319 3332 2362 3381 Τ
2358 3326 2464 3380 dtis
2486 3327 2644 3396 λέγει
2667 3328 2896 3393 Κύριος.
2921 3327 3030 3379 Καὶ
3046 3326 3248 3396 Κυρίου
3276 3327 3469 3392 πεῖραν
3493 3323 3760 3388 λεγόντων
3784 3324 3878 3392 τὴν

655 3419 783 3471 dicit
807 3415 1086 3470 Dominus.
1121 3412 1261 3478 Quin
1308 3421 1363 3466 et
1398 3413 1606 3466 Domini
1647 3413 1998 3467 tentationem
2032 3412 2214 3466 dicunt

2316 3419 2406 3473 τοῦ
2429 3418 2741 3488 Πνεύματος
2774 3424 2987 3489 πεῖραν,
3011 3420 3098 3470 ὅτε
3129 3415 3262 3487 φησι
3283 3415 3418 3484 πρὸς
3437 3415 3562 3475 τοὺς
3588 3415 3878 3483 πειράσαν-

657 3511 896 3580 Spiritus
920 3507 1300 3571 tentationem,
1337 3505 1430 3559 ubi
1453 3505 1702 3559 videlicet
1720 3506 1784 3557 ad
1812 3514 2080 3559 tentantes
2108 3504 2212 3559 Pe-

2316 3511 2451 3573 ταςὸ
2474 3509 2703 3580 Πέτρος·
2741 3511 2801 3561 Τί
2832 3509 2917 3563 ὅτι
2945 3506 3343 3578 συνεφωνήθη
3375 3506 3500 3576 ὑμῖν
3530 3506 3787 3576 πειρᾶσαι
3811 3507 3870 3558 τὸ

639 3615 774 3658 ~trus
804 3605 879 3656 ait
910 3620 924 3656 :
954 3602 1061 3655 Cur
1094 3598 1331 3655 convenit
1361 3597 1500 3650 inter
1529 3611 1617 3649 vos
1665 3605 1718 3648 ut
1758 3599 2023 3649 tentaretis
2047 3593 2214 3665 Spiri-

2316 3600 2536 3671 Πνεῦμα
2553 3599 2755 3670 Κυρίου
2776 3616 2789 3664 ;
2828 3602 2918 3652 καὶ
2943 3601 3077 3671 πρὸς
3097 3601 3223 3663 τοὺς
3251 3599 3445 3661 αὐτούς
3465 3612 3478 3626 ·
3495 3599 3618 3650 Οὐκ
3641 3599 3879 3666 ἐψεύσω

657 3705 768 3749 tum
791 3694 997 3747 Domini
1016 3693 1093 3760 ⁶²;
1129 3703 1184 3747 et
1209 3693 1278 3746 ad
1311 3692 1526 3747 eosdem
1563 3705 1578 3743 :
1611 3685 1736 3741 Non
1759 3704 1811 3741 es
1841 3689 2086 3741 mentitus
2117 3689 2211 3740 lio-

655 3789 904 3852 minibus,
939 3786 1024 3839 sed
1053 3785 1162 3838 Deo
1175 3785 1240 3838 ".

733 3878 789 3930 2.
834 3877 980 3942 Quod
1024 3878 1071 3930 si
1121 3876 1348 3945 aposmli
1401 3874 1691 3928 dicunt“:
1736 3871 1913 3927 Visum
1948 3881 2117 3926 autem
2146 3879 2222 3925 est

2312 3694 2660 3766 ἀνθρώποις,
2683 3692 2843 3746 ἀλλὰ
2863 3691 3000 3757 Θεῷ.

2386 3878 2440 3931 2.
2483 3878 2607 3932 Ἐἀν
2634 3877 2688 3930 δὲ
2717 3879 2766 3930 οἱ
2799 3876 3084 3930 ἀπόστολοι
3112 3875 3342 3943 λέγωσιν
3363 3893 3376 3906 ·
3425 3873 3637 3936 Ἔδοξε
3671 3873 3741 3925 δὲ
3776 3873 3878 3944 (88)

667 3971 890 4040 Spiritui
942 3978 1120 4023 sancto
1150 3977 1197 4022 et
1255 3968 1420 4033 nobis,
1456 3980 1560 4020 non
1603 3977 1982 4033 componentes
2019 3966 2214 4035 seipsos

2320 3968 2396 4032 τῷ
2433 3969 2577 4037 ἁγίῳ
2602 3969 2899 4036 Πνεύματι
2927 3966 3024 4019 καὶ
3049 3965 3214 4035 ἡμῖν,
3247 3965 3307 4017 οὐ
3343 3965 3732 4026 συντάσσοντες
3762 3966 3881 4016 ἐαυ-

660 4080 782 4117 cuin
812 4070 1075 4132 potestate
1111 4060 1370 4130 Spiritus.
1407 4058 1503 4113 sed
1556 4055 1925 4124 subjicieutes,
1961 4068 2220 4125 tanquam

659 4156 727 4208 ab
753 4155 865 4222 ipso
894 4166 1020 4208 tunc
1044 4152 1242 4216 edocti,
1271 4160 1324 4204 et
1352 4149 1506 4219 quasi
1532 4163 1694 4203 unam
1718 4147 2076 4217 cognitionem
2101 4160 2222 4200 sen-

733 4355 780 4388 ⁶⁰
814 4354 999 4409 Slattb.
1022 4371 1119 4416 ιιι,
1150 4354 1235 4408 il.
1321 4353 1366 4385 ⁸³
1398 4352 1517 4406 Act.
1557 4365 1668 4415 xxx,
1701 4349 1785 4402 11.

1866 4349 1910 4380 ⁸³
1935 4349 2053 4404 Act.
2085 4364 2137 4414 v,
2163 4347 2216 4403 9.
2291 4349 2335 4379 ⁶³
2364 4346 2492 4402 ibid.
2523 4347 2579 4401 4.

2318 4061 2442 4121 τοὺς
2470 4062 2534 4129 τῇ
2562 4057 2654 4110 τοῦ
2690 4057 3002 4128 Πνεύματος
3038 4057 3277 4127 ἐξουσίᾳ,
3324 4054 3437 4109 ἀλλ’
3464 4057 3876 4118 ὑποτάσσοντες,

2321 4148 2393 4209 ὡς
2425 4149 2516 4200 ὑπ’
2548 4149 2708 4200 αὑτοῦ
2735 4148 3126 4218 χορηγούμενοι
3157 4147 3266 4218 (89)
3301 4147 3440 4212 τότε,
3476 4147 3732 4200 καθάπερ
3760 4149 3880 4217 μίαν

2657 4347 2700 4377 ⁸⁵
2724 4347 2846 4402 Act.
2873 4361 2960 4412 xv,
2982 4346 3075 4402 28.-

730 4508 840 4577 (31)
870 4508 1019 4572 illud,
1053 4508 1222 4570 Αὐτὸς
1254 4508 1397 4578 ὑμᾶς
1431 4505 1673 4578 βαπτίσει
1701 4508 1758 4560 ἐν
1785 4507 2060 4576 Πνεύματι
2083 4505 2214 4574 ἁγίῳ

2325 4504 2524 4578 lbid_em
2555 4518 2703 4578 rm_ss.
2731 4502 3000 4578 inonnulli
3038 4504 3451 4578 καταφαίνεται-
3485 4504 3728 4578 Subinde
3764 4508 3881 4559 editi

659 4582 754 4634 καὶ
786 4579 938 4648 πυρί,
973 4581 1186 4644 quidem
1225 4577 1380 4631 hodie
1413 4592 1516 4648 non
1550 4577 1740 4648 legitur
1768 4578 1906 4648 apud
1934 4578 2216 4648 Joannem,

657 4652 751 4703 sed
793 4645 930 4717 apud
958 4648 1262 4702 Mattliamm
1295 4663 1377 4710 ιιι,
1403 4647 1490 4711 Η,
1521 4657 1584 4717 et
1603 4647 1741 4717 apud
1766 4646 1964 4700 Lucam
1997 4662 2079 4710 ιιι,
2117 4645 2216 4717 l‘i:

663 4714 880 4772 dubium
918 4727 1092 4772 tamen
1127 4733 1229 4769 non
1265 4728 1346 4771 est
1376 4717 1503 4787 quin
1537 4715 1746 4787 olimin
1792 4717 2060 4784 aliquibus
2110 4714 2220 4768 sal-

666 4800 770 4843 tem
808 4804 937 4841 mss.
987 4789 1177 4842 lectum
1227 4785 1460 4841 fuerit—et
1493 4785 1633 4852 apud
1668 4785 1923 4839 Joannem
1957 4802 1995 4846 ι,
2035 4787 2126 4851 27,
2164 4792 2220 4836 ιιι

664 4874 728 4912 ex
765 4858 910 4912 Novo
949 4858 1290 4911 Testamento
1319 4854 1613 4911 Oxonieusi
1649 4857 1876 4924 perspici
1914 4865 2108 4922 potest.

737 4927 847 4998 (8‘2)
884 4926 1104 4982 Veteres
1150 4927 1357 4998 aliquot
1377 4925 1497 4998 libri
1529 4925 1736 4998 etneiliti
1779 4927 1874 4995 τὴν
1906 4925 1966 4988 ἐξ
2007 4924 2216 4998 ὓδατοςἶ

663 4992 769 5051 Alii
795 4992 1009 5066 quidam
1045 5011 1174 5049 mss.
1205 5000 1302 5066 τὴν
1337 4997 1547 5058 ὓδατος.
1586 4992 1779 5049 Statim
1811 4992 1941 5049 mss.
1983 4993 2220 5048 nonnulli

667 5069 981 5138 simpliciter
1013 5066 1318 5138 πνεύματος
1342 5066 1530 5138 ἐφόδῳ.

739 5118 1053 5206 (83)Coilex
1080 5118 1229 5191 Coib.
1277 5118 1416 5200 ἔδοξε
1448 5118 1507 5187 ei.
1541 5131 1762 5202 ἀγιάζον
1786 5136 1878 5188 καὶ
1906 5137 1965 5190 τὸ
2004 5134 2222 5203 ἁγιαζό-

744 5223 830 5242 unu
887 5204 1085 5242 lhirlnm
1122 5205 1245 5242 aditi
1283 5207 1370 5242 vn)
1408 5204 1526 5242 Ωεοτι
1566 5204 1662 5242 "Eu
1702 5206 1788 5242 νη)
1826 5207 1939 5242 ἸἿιΤι
2000 5204 2057 5242 VI
2120 5205 2222 5242 Ιιοη

672 5204 852 5278 μενον.
887 5204 1086 5260 Ibidem
1122 5205 1248 5260 editi
1283 5207 1376 5258 καὶ
1408 5204 1526 5274 Θεῷ
1565 5204 1662 5275 μὲν
1702 5206 1794 5257 καὶ
1826 5207 1959 5278 Υἰῷ,
1995 5204 2058 5258 Et
2117 5205 2222 5258 Deo

669 5294 731 5330 ac
757 5275 919 5344 Filio:
952 5275 1094 5330 Libri
1135 5277 1336 5343 antiqui
1361 5275 1477 5344 Θεῴ
1514 5275 1610 5343 μὲν
1650 5273 1776 5344 Υίῷ,
1807 5275 1916 5330 Deo
1952 5275 2112 5328 Filio.

742 5324 862 5415 (ei)
873 5324 1067 5415 uagi?
1081 5324 1202 5415 λιιῘὸ
1213 5324 1350 5400 ἰιὶὲἶί
1373 5324 1574 5411 ista;
1590 5324 1913 5400 διάκίτέτῖυζρζ
1951 5324 2084 5401 at;
2101 5324 2223 5412 ipso

670 5431 722 5470 tn
755 5413 870 5487 loco
896 5413 1046 5487 Colb.
1088 5413 1240 5468 ὕδασι
1269 5417 1484 5487 χρῆται.

743 5485 855 5554 (85)
888 5484 1026 5539 Editi
1061 5495 1114 5537 et
1167 5483 1580 5540 mssitionnulli
1628 5483 1792 5548 ἀξίως
1836 5487 2084 5555 ἐλογίσω.
2119 5486 2222 5539 Alii

669 5556 775 5612 duo
805 5571 928 5607 mss.
970 5555 1118 5621 Regii
1146 5555 1312 5620 ἀξιον,
1341 5566 1508 5614 recte.

743 5624 852 5704 (86)
872 5624 1007 5678 Editi
1044 5627 1090 5676 εἰ
1123 5625 1194 5704 μὴ
1221 5626 1471 5704 ᾅέδρικεν.
1496 5625 1644 5680 Colb.
1671 5627 1716 5676 εί
1744 5627 1835 5678 καὶ
1865 5626 1938 5697 μὴ
1967 5626 2222 5678 δέδοικεν.

667 5696 770 5749 Alii
811 5709 925 5765 tres,
948 5711 1073 5749 mss.
1108 5697 1155 5746 εί
1193 5696 1266 5765 μὴ
1303 5696 1561 5758 δέδοικας.

739 5765 849 5836 (87)
889 5764 1105 5822 Veteres
1147 5764 1346 5834 aliquot.
1394 5768 1515 5823 libri
1561 5766 1857 5835 ὁμόκτιστα
1905 5767 1997 5820 καὶ
2046 5767 2218 5820 κοινά.

2325 4575 2453 4628 Υίοῦ
2486 4577 2575 4627 καὶ
2605 4576 2938 4644 Πνεύματος.
2977 4576 3045 4627 At
3072 4591 3200 4627 mss.
3238 4577 3330 4627 καὶ
3361 4575 3514 4643 ἁγίου
3549 4573 3881 4645 Ilva-59110;.

2393 4645 2506 4713 (88)
2545 4647 2647 4699 Pro
2682 4645 2736 4696 δέ
2775 4646 2826 4696 iu
2855 4645 3056 4710 aliquot
3089 4660 3216 4698 mss.
3254 4646 3445 4711 legitur
3474 4647 3603 4712 γάρ.

2395 4716 2506 4786 (89)
2547 4715 2723 4786 lllouet
2767 4715 2848 4766 vir
2881 4715 3225 4786 doctissimus
3268 4713 3643 4786 Ducmus,_legi
3681 4715 3735 4767 in
3781 4718 3882 4769 edi-

2325 4782 2466 4840 tione
2492 4785 2652 4839 Basil.
2685 4782 3090 4856 χωρηγούμενοι
3121 4783 3306 4856 (quod
3337 4800 3456 4837 cum
3489 4784 3742 4856 vitiosum
3773 4801 3884 4838 esse

2321 4858 2547 4916 videret.
2578 4853 2863 4908 emendare
2889 4855 3087 4914 voluit;
3117 4853 3297 4921 aitque
3323 4868 3389 4906 ex
3417 4855 3582 4906 veteri
3617 4869 3718 4908 suo
3754 4856 3884 4907 libro

2325 4925 2666 4979 scribendum
2705 4924 3216 4995 χειραγωγούμενοι.
3256 4922 3362 4975 Sed
3410 4939 3529 4995 cum
3556 4938 3670 4995 vor
3695 4942 3882 4995 χειρα-

2322 4996 2657 5065 γωγούμενοι
2693 4992 2804 5048 non
2831 4992 3126 5062 reperiatur
3155 5008 3327 5060 neque
3357 4997 3410 5065 in
3447 4992 3599 5046 libris
3626 4992 3755 5047 olim
3785 4992 3885 5046 im-

2325 5063 2544 5133 preSSis,
2599 5079 2770 5134 neque
2820 5065 2872 5134 in
2922 5065 3120 5134 nostris
3167 5077 3322 5134 mss.,
3373 5063 3480 5115 imo
3522 5079 3699 5134 neque
3737 5067 3786 5117 in
3827 5080 3885 5114 eo

2325 5131 2442 5204 ipso
2473 5149 2631 5203 quem
2670 5131 2895 5188 contulit
2936 5133 3072 5188 libro
3113 5133 3300 5201 Regio,
3322 5146 3451 5204 eam
3503 5131 3649 5204 rejici
3700 5135 3885 5204 merita

2326 5201 2654 5274 posse'puto.
2676 5204 2826 5257 Satis
2851 5204 3024 5256 fuerat
3044 5205 3162 5259 viro
3184 5203 3570 5274 eruditissimo,
3594 5201 3881 5255 litterulaui

2329 5270 2490 5328 unam
2509 5270 2518 5272 ’
2539 5284 2766 5337 mutare,
2803 5274 2904 5326 lioc
2931 5285 3037 5336 est,
3067 5289 3163 5342 pro
3191 5270 3598 5342 χωρηγούμενοι
3647 5275 3885 5326 scribere

2324 5343 2714 5416 χορηγούμενοι
2741 5361 2755 5396 :
2781 5358 2885 5412 qua
2914 5344 3105 5416 exigua
3134 5342 3709 5416 l'acibqueyuulatione
3743 5345 3884 5416 ulcus

2327 5411 2498 5469 toiuin
2533 5411 2890 5481 perSariaSSet.
2934 5411 3021 5465 Ita
3061 5413 3202 5466 enim
3240 5423 3449 5464 veteres
3484 5413 3722 5479 quinque
3768 5413 3884 5463 libri

2327 5486 2481 5553 plane
2515 5484 2731 5547 habent,
2761 5483 3175 5553 χορηγούμενοι,
3207 5481 3269 5533 ab
3302 5482 3880 5553 ipso_edocti,_eruditi,

2324 5549 2475 5622 quasi
2504 5555 2565 5605 ab
2612 5555 2722 5621 ipso
2762 5549 3362 5621 sumptus'accipientes.
3404 5549 3552 5622 Regii
3589 5551 3802 5619 primus
3834 5562 3882 5604 et

2328 5620 2510 5677 Sextus
2542 5620 2759 5691 perinde
2804 5633 2862 5675 ut
2889 5624 3053 5676 editio
3081 5620 3241 5676 Basil.
3274 5620 3686 5691 χωρηγοὺμενοι
3707 5637 3722 5650 -
3743 5622 3881 5689 quod

2327 5709 2537 5754 Omnes,
2565 5695 2774 5761 Opinor,
2813 5694 2993 5746 vident
3027 5695 3211 5745 vitium
3237 5706 3357 5744 esse
3394 5692 3760 5756 librariorum,
3792 5692 3882 5760 qui

2331 5765 2542 5820 incaute
2569 5764 3038 5834 imprudenterquc
3073 5783 3116 5816 ω
3148 5777 3242 5833 pro
3273 5778 3300 5814 ο
3331 5763 3691 5830 scripserunt.
