4088 6318
647 380 752 438 7&5

1951 379 2007 431 S.
2050 378 2292 432 BASILII
2331 377 2545 432 MAGNI

3774 387 3869 441 7M

641 510 739 547 nus
768 492 832 545 ’³.
858 488 1022 547 Video
1045 500 1099 544 et
1125 489 1216 545 Dei
1247 500 1301 544 et
1328 488 1569 561 Spiritus
1591 493 1933 557 praesentiam
1961 491 2014 543 iu
2041 506 2187 546 unun

2310 489 2655 557 Πνεύματός
2695 504 2810 543 σου
2829 530 2843 551 ,
2872 491 2967 542 καὶ
2994 491 3154 545 πάλιν
3181 512 3192 524 ·
3232 496 3341 547 Τὸν
3367 493 3621 559 οίιρανὸν
3646 498 3747 552 καὶ
3769 492 3871 566 τὴν

638 594 694 637 et
725 582 865 639 idem
898 587 1311 637 concurrentem
1335 621 1352 645 ,
1380 594 1502 635 cum
1550 578 1873 636 universalis
1914 579 2126 635 dicatur
2152 581 2205 635 in

638 676 913 730 omnibus.
943 673 1012 726 At
1041 681 1095 726 tu
1130 672 1183 726 in
1208 671 1410 727 talibus
1438 686 1561 725 cum
1598 688 1703 727 non
1741 684 1909 739 queas
1943 669 2205 740 Spiritum

636 781 745 819 non
777 764 1077 818 increatum
1117 760 1449 829 intelligere,
1481 772 1574 815 aut
1606 764 1804 825 dicere,
1832 761 1998 815 Deum
2032 764 2206 832 ipsum

638 857 721 911 ais
745 855 910 927 310
929 854 1178 924 spiritum
1220 853 1420 909 vocari.
1452 852 1654 909 Verum
1693 867 1792 907 nec
1819 853 2088 907 inhabitat
2114 869 2208 923 per

638 951 874 1017 seipsum
902 949 955 1001 in
973 957 1221 1002 creatura
1241 947 1377 999 Deus
1397 964 1413 1012 ;
1435 963 1534 1002 nec
1552 946 1831 1015 quisquam
1856 948 2023 1015 possit
2041 946 2204 1001 Demn

639 1056 737 1109 pro
785 1038 878 1094 Dei
926 1040 1120 1109 spiritu
1169 1037 1460 1104 accipere.
1515 1051 1636 1091 cum
1689 1037 1835 1091 clare
1890 1038 2203 1104 Apostolum

638 1130 846 1196 audiat,
869 1132 998 1185 talia
1024 1132 1091 1183 de
1115 1144 1181 1183 eo
1211 1132 1303 1198 qui
1333 1132 1385 1184 in
1418 1130 1572 1184 nobis
1595 1128 1803 1183 habitat
1826 1132 2157 1183 scribentem
2184 1148 2199 1185 :

641 1219 807 1276 Nobis
845 1223 979 1276 enim
1010 1222 1249 1275 reuelauit
1286 1221 1423 1275 Deus
1458 1237 1547 1287 per
1577 1220 1833 1291 Spiritum
1874 1238 2025 1275 suum
2082 1222 2208 1292 Spi-

637 1314 769 1366 ritus
800 1314 934 1366 enim
966 1314 1141 1365 omnia
1174 1322 1459 1375 scrutatur,
1491 1313 1651 1365 etiam
1672 1312 2055 1380 profuttditates
2086 1314 2203 1371 Dei.

639 1404 770 1471 Quis
793 1406 928 1459 enim
951 1406 1220 1460 hominum
1252 1405 1389 1457 uouit
1419 1421 1501 1469 ea,
1532 1423 1650 1473 qm:
1676 1415 1797 1459 sunt
1826 1406 2077 1473 hominis,
2105 1409 2207 1460 nisi

638 1502 853 1567 spiritus
892 1500 1135 1562 hominis,
1166 1498 1252 1565 qui
1282 1497 1440 1550 estin
1478 1498 1577 1551 eo?
1624 1495 1711 1551 Sic
1752 1507 1799 1549 et
1844 1513 1905 1550 ea
1940 1514 2058 1566 quia
2084 1507 2207 1553 sunt

2312 579 2427 652 γῆν
2464 582 2580 651 ἐγὼ
2620 580 2850 652 πληρῶ,
2879 583 3041 653 ,λέγει
3068 589 3326 655 Κύριος.
3354 588 3444 650 Εἰς
3473 585 3529 639 ἓν
3568 590 3661 642 καὶ
3693 583 3869 647 satith

2316 674 2715 745 συντρέχουσαν
2745 673 2856 746 ὁρῶ
2883 677 2983 743 τήν
3016 692 3075 728 τε
3106 676 3240 729 Θεοῦ
3276 680 3367 733 καὶ
3395 677 3705 748 Πνεῦματος
3733 682 3870 752 λεγο-

2318 768 2485 838 μένην
2517 767 2807 839 καθολικὴν
2831 769 2922 820 ἐπὶ
2954 768 3131 822 πάντα
3164 771 3481 838 παρουσίαν.
3511 770 3579 822 Σὺ
3602 768 3663 820 δὲ
3693 770 3751 822 έν
3771 778 3869 836 τοῖς

2313 860 2574 923 τοιούτοις
2595 862 2694 915 οὐκ
2723 862 2975 917 ἄκτιστον
3002 861 3061 914 τὸ
3100 858 3321 930 Πνεῦμα
3351 866 3487 916 νοεῖν
3518 862 3549 933 ἦ
3582 861 3761 929 λέγειν
3804 867 3868 934 μὴ

2312 951 2606 1020 δυνάμενος
2630 952 2763 1023 (96),
2789 950 2952 1005 αὐτὸν
2967 951 3059 1003 τὸν
3090 950 3221 1005 Θεὸν
3256 950 3468 1019 πνεῦμα
3491 949 3770 1005 καλεῖσθαι
3792 950 3869 1004 λέ-

2312 1060 2447 1113 γεις.
2469 1043 2604 1095 Ἀλλ’
2634 1047 2753 1098 οὐδὲ
2776 1045 3086 1112 ὲγκατοικεῖ
3121 1044 3187 1097 δι’
3220 1040 3407 1096 ἑαυτοῦ
3433 1044 3498 1110 τῇ
3532 1044 3707 1096 κτίσει
3726 1040 3866 1105 Θεὸς,

2309 1133 2431 1187 οὔτε
2484 1136 2576 1187 τὸν
2609 1136 2739 1189 Θεὸν
2780 1135 2841 1188 τὸ
2874 1132 2968 1187 τοῦ
3004 1134 3141 1187 Θεοῦ
3185 1134 3403 1203 Πνεῦμα
3438 1132 3648 1186 δύναιτο
3690 1138 3756 1190 ἄν
3795 1151 3865 1198 τις

2308 1229 2736 1299 παραδέχεσθαι,
2787 1228 2971 1298 σαφῶς
3002 1228 3214 1283 ἀκούων
3258 1229 3349 1282 τοῦ
3388 1227 3707 1280 Ἀποστόλου
3756 1233 3869 1301 περὶ

2306 1322 2399 1375 τοῦ
2434 1326 2491 1374 έν
2512 1326 2644 1394 ἡμῖν
2670 1324 2941 1385 οἰκοῦντος
2970 1321 3079 1391 (97)
3107 1324 3331 1378 τοιαῦτα
3352 1321 3677 1392 τράφοντος’
3719 1324 3871 1392 Ἡμῖν

2306 1416 2414 1483 γὰρ
2436 1415 2830 1484 ἀπεκάλυψεν
2852 1417 2885 1467 ὀ
2906 1414 3049 1479 Θεὸς
3064 1413 3159 1467 διὰ
3179 1417 3283 1470 τοῦ
3301 1415 3638 1482 Πνεύματος
3670 1415 3867 1469 αὑτοῦ.

2314 1505 2383 1556 Τὸ
2410 1506 2518 1573 γὰρ
2554 1507 2792 1574 Πνεῦμα
2818 1504 3012 1558 πάντα
3046 1504 3283 1575 ἐρευνᾷ,
3332 1505 3427 1560 καί
3468 1506 3539 1558 τὰ
3572 1506 3737 1572 βάθη
3772 1507 3869 1557 τοῦ

636 1592 757 1658 Dei,
800 1609 947 1645 nemo
973 1593 1132 1657 nouit,
1161 1590 1263 1643 nisi
1298 1589 1534 1658 Spiritus
1579 1588 1697 1642 Dei.
1744 1586 1855 1642 Nos
1893 1600 2068 1643 autent
2098 1608 2190 1643 non

2305 1596 2471 1649 Θεοῦ.
2513 1599 2606 1663 Τίς
2650 1600 2756 1667 γὰρ
2784 1593 2944 1650 οἶδεν
2968 1596 3289 1664 ἀνθρώπων
3324 1598 3395 1652 τὰ
3422 1596 3523 1650 τοῦ
3556 1596 3868 1669 ἀνθρώπου

638 1681 877 1745 spiritum
918 1680 1099 1732 mundi
1137 1679 1449 1745 accepimus,
1486 1679 1575 1732 sed
1607 1676 1860 1745 Spiritum
1898 1682 1985 1748 qui
2022 1693 2099 1734 est
2137 1697 2190 1733 ea

2302 1688 2350 1738 εὶ
2391 1686 2476 1757 μὴ
2538 1689 2602 1741 τὸ
2652 1687 2887 1756 πνεῦμα
2934 1687 3037 1741 τοῦ
3096 1689 3406 1754 ἀνθρώπου
3458 1686 3522 1741 τὸ
3566 1690 3635 1743 ἐν
3672 1686 3868 1753 aurci);

635 1771 767 1834 Deo,
797 1784 850 1825 ut
877 1773 1101 1826 sciamus
1131 1787 1245 1840 quin
1275 1788 1307 1823 a
1337 1770 1441 1824 Deo
1470 1771 1664 1822 donata
1690 1781 1810 1821 sunt
1847 1774 1992 1823 nobis
2029 1772 2095 1823 ⁷⁸.

2302 1776 2466 1828 Οῦτω
2508 1776 2602 1829 καὶ
2640 1776 2713 1829 τὰ
2755 1778 2861 1832 τοῦ
2893 1778 3039 1833 Θεοῦ
3090 1776 3291 1845 οὐδεὶς
3318 1782 3575 1850 ἔγνωκεν
3596 1784 3648 1834 ει
3672 1782 3761 1851 μὴ
3794 1778 3858 1832 τὸ

634 1865 877 1935 Πνεῦμα
918 1864 1023 1919 τοῦ
1078 1863 1246 1917 Θεοῦ.
1286 1861 1472 1932 Ἡμεῖς
1500 1860 1567 1912 δὲ
1609 1862 1680 1913 οὐ
1716 1860 1782 1913 τὸ
1832 1863 2065 1930 πνεῦμα
2130 1862 2235 1915 τοῦ
2273 1866 2503 1934 κόσμου
2552 1866 2660 1927 (98)
2703 1868 3022 1939 ἐλάϐομεν,
3060 1867 3220 1921 ἀλλὰ
3293 1872 3360 1925 τὸ
3414 1869 3651 1939 Πνεῦμα
3696 1872 3764 1926 τὸ
3803 1871 3866 1924 ἐκ

634 1964 740 2018 τοῦ
759 1962 927 2025 Θεοῦ,
950 1962 1049 2013 ἵνα
1077 1957 1322 2028 εἰδῶμεν
1344 1958 1415 2010 τὰ
1447 1953 1564 2009 ὑπὸ
1587 1953 1692 2007 τοῦ
1720 1956 1867 2008 Θεοῦ
1887 1955 2244 2025 χαρισθέντα
2270 1958 2427 2026 ἡμῖν,

707 2057 760 2110 '5.
806 2055 988 2123 Itaque
1031 2052 1077 2108 si
1112 2052 1163 2106 in
1199 2052 1283 2106 bis
1311 2063 1471 2103 nemo
1497 2050 1694 2115 poterit
1724 2064 1819 2116 pro
1851 2048 2054 2116 Spiritu
2098 2047 2191 2102 Dei

632 2150 805 2205 Deum
839 2147 1089 2218 accipere
1117 2146 1136 2215 (
1166 2152 1221 2198 et
1250 2141 1467 2212 quidem
1499 2155 1624 2195 eum
1653 2141 1727 2193 ita
1757 2156 1878 2193 cum
1916 2139 2004 2192 Dei
2034 2139 2202 2209 gloria

635 2243 985 2311 coniunctum
1024 2238 1239 2298 videat,
1284 2233 1362 2287 uti
1403 2243 1487 2288 est
1533 2247 1655 2288 cum
1705 2232 1920 2285 homine
1962 2232 2199 2287 hominis

635 2332 919 2406 spiritus),
952 2344 1018 2384 ne
1049 2328 1225 2390 dicat,
1266 2327 1444 2380 verbis
1492 2325 1541 2377 in
1590 2324 1919 2377 contrarium
1975 2338 2195 2379 sensum

636 2425 891 2488 detortis,
930 2423 1093 2476 Deum
1129 2420 1299 2490 ipsum
1334 2432 1455 2472 esse
1500 2416 1591 2471 Dei
1639 2415 1926 2485 Spiritum.
1958 2415 2195 2483 Spiritus

624 2533 801 2582 sum,
843 2514 1036 2583 inquit,
1074 2512 1162 2581 qui
1203 2519 1277 2564 est
1325 2523 1479 2577 super
1526 2517 1573 2560 te
1596 2506 1675 2560 ’τε
1720 2520 1823 2558 non
1872 2505 2058 2570 Deum,
2107 2509 2199 2560 sed

632 2608 895 2675 Spiritum
916 2606 1006 2673 qui
1030 2614 1112 2658 est
1140 2618 1168 2655 a
1194 2602 1320 2664 Deo,
1344 2583 1684 2669 signiticaiit.
1733 2597 1964 2665 Spiritus
1990 2597 2198 2651 Domini

632 2713 787 2767 super
808 2714 888 2749 me
915 2712 933 2749 :
956 2704 1222 2763 propterea
1248 2692 1396 2742 unxit
1429 2704 1508 2741 me
1529 2688 1597 2741 ⁷⁸.
1629 2689 1889 2758 Spiritum
1926 2690 2195 2743 unctionis

635 2793 893 2865 Spiritum
943 2788 1151 2843 Domini
1202 2788 1431 2840 voeavit.
1497 2781 1734 2851 Spiritus
1784 2782 1998 2835 divinus
2057 2795 2194 2835 unus

633 2894 749 2947 est;
778 2897 842 2935 ne
876 2866 996 2948 quis
1030 2865 1209 2947 plures
1236 2889 1342 2929 uno
1380 2874 1559 2937 dicat,
1594 2872 1805 2925 tametsi
1845 2871 1985 2925 Deus
2021 2886 2048 2923 a
2084 2872 2192 2925 Do-

2364 2051 2416 2104 3.
2454 2051 2517 2103 Εἰ
2547 2052 2726 2105 τοίνυν
2761 2055 2816 2106 ὲν
2846 2052 3051 2115 τούτοις
3087 2053 3260 2117 οὐδεὶς
3290 2054 3357 2107 ἂν
3386 2054 3592 2107 δύναιτο
3615 2052 3680 2107 τὸ
3703 2053 3845 2107 Πνεῦ

2301 2160 2377 2213 μα
2409 2143 2505 2196 τοῦ
2540 2142 2675 2196 Θεοῦ
2706 2145 2796 2196 τὸν
2828 2142 2959 2195 Θεὸν
2981 2144 3197 2197 ἀκούειν
3225 2146 3487 2215 (καίτοιγε
3513 2143 3683 2207 οὕτως
3732 2149 3866 2215 ἡνω-

2300 2233 2459 2304 μένον
2498 2234 2629 2287 αὺτὸ
2665 2236 2730 2302 τῇ
2762 2230 2853 2284 τοῦ
2886 2232 3020 2285 Θεοῦ
3072 2231 3196 2304 δόξῃ
3236 2232 3455 2305 θεωρῶν
3482 2233 3555 2295 ὡς
3596 2231 3866 2302 ἀνθρώπῳ

2296 2324 2355 2377 τὸ
2390 2324 2676 2394 ἀνθρώπου
2728 2321 2988 2393 πνεῦμα),
3026 2322 3099 2393 μὴ
3128 2321 3395 2392 βιαζέσθω
3425 2323 3533 2395 (99)
3563 2322 3620 2375 τὸ
3649 2322 3866 2392 Πνεῦμα

2294 2414 2388 2468 τοῦ
2430 2413 2567 2467 Θεοῦ
2611 2412 2788 2481 λέγειν
2834 2414 2995 2467 αὑτὸν
3023 2410 3157 2466 εἶναι
3195 2413 3285 2466 τὸν
3316 2414 3466 2467 Θεόν.
3509 2414 3575 2467 Τὸ
3603 2411 3864 2480 Πνεῦμα,

2297 2507 2448 2578 φησι,
2481 2509 2544 2558 τὸ
2567 2505 2710 2574 ἐμὸν
2734 2507 2767 2558 ὅ
2791 2506 2961 2559 ἐστιν
2986 2506 3059 2576 (1)
3084 2505 3182 2558 ἐπὶ
3221 2508 3321 2560 σοι
3342 2524 3355 2537 ο
3382 2506 3442 2557 οὐ
3473 2506 3563 2558 τὸν
3586 2506 3740 2568 Θεὸν,
3774 2504 3865 2557 ἀλ-

2296 2604 2361 2657 λὰ
2388 2603 2445 2656 τὸ
2480 2601 2630 2674 παρὰ
2650 2600 2783 2655 Θεοῦ
2810 2601 3033 2672 Πνεῦμα
3063 2598 3351 2669 δεδήλωκε.
3376 2598 3611 2665 Πνεῦμα
3646 2600 3863 2665 Κυρίου

2293 2697 2387 2748 ἐπ’
2417 2695 2541 2765 ἐμὲ,
2570 2689 2640 2749 οὗ
2667 2694 2898 2747 εἵνεκεν
2925 2690 3130 2761 ἔχρισέ
3152 2709 3249 2761 με.
3276 2691 3347 2743 Τὸ
3375 2689 3595 2758 Πνεῦμα
3619 2690 3719 2757 τῆς
3752 2690 3865 2757 χρί-

2294 2802 2431 2849 aeu);
2465 2785 2685 2855 Πνεῦμα
2736 2784 2940 2856 Κυρίου
2982 2782 3268 2852 κέκληκεν.
3303 2780 3399 2833 Ἓν
3447 2778 3505 2832 τὸ
3540 2777 3765 2846 Πνεῦμα
3809 2778 3867 2829 τὸ

2293 2874 2466 2927 θεῖον·
2515 2876 2589 2946 μὴ
2644 2876 2815 2929 πλείω
2847 2874 2940 2928 τοῦ
2981 2874 3097 2937 ἑνὸς
3135 2871 3338 2941 λεγέτω
3362 2888 3471 2934 τις,
3500 2868 3602 2922 κᾶν
3650 2867 3865 2940 πνεῦμα

632 2971 779 3024 mino
804 2970 998 3022 dicitur
1027 2966 1266 3035 spiritus.
1301 2961 1514 3016 Patrem
1539 2960 1678 3029 quod
1710 2960 2059 3030 incorporeus
2096 2962 2188 3027 sit,

2294 2970 2321 3021 ὁ
2346 2966 2479 3029 Θεὸς
2507 2967 2609 3019 ὑπὸ
2648 2968 2741 3020 τοῦ
2783 2968 2986 3037 Κυρίου
3039 2966 3285 3036 λέγηται.
3315 2966 3391 3034 Τῇ
3426 2962 3516 3017 τοῦ
3559 2961 3867 3030 πνεύματος

631 3062 849 3116 nomine
870 3059 1088 3124 spiritus
1117 3056 1433 3124 signiﬁcavit
1455 3054 1520 3107 ⁷⁸.
1548 3054 2011 3117 Quemadmodum
2044 3054 2190 3109 enim

633 3154 866 3222 Spiritus
906 3151 1047 3204 Deus
1075 3149 1351 3214 est,juxta
1402 3146 1552 3207 illud,
1593 3145 1861 3211 Templum
1912 3146 2010 3199 Dei
2045 3150 2192 3213 estis,

629 3254 679 3298 et
694 3242 918 3309 Spiritus
942 3239 1036 3295 Dei
1059 3239 1260 3292 habitat
1284 3238 1339 3290 in
1361 3237 1502 3289 vobis
1517 3236 1595 3291 "z
1624 3236 1699 3289 ita
1721 3244 1775 3289 et
1799 3236 1936 3290 Dens
1958 3236 2194 3304 Spiritus

630 3347 744 3403 est,
776 3351 880 3391 non
911 3335 1139 3390 dissecta
1169 3330 1431 3386 Triuitatc
1452 3371 1465 3391 ,
1498 3343 1672 3397 neque
1701 3328 1993 3384 secundum
2036 3340 2194 3383 natu-

633 3446 748 3487 ram
771 3438 1015 3500 separata
1040 3443 1055 3481 :
1085 3427 1170 3481 sic
1192 3435 1245 3479 ut
1279 3423 1493 3479 nomina
1520 3423 1680 3477 etiam
1715 3438 1821 3476 non
1848 3431 2188 3490 separentur.

633 3524 974 3591 Quapropter
993 3533 1115 3573 cum
1136 3532 1271 3570 unus
1290 3516 1363 3570 sit
1389 3515 1549 3579 Deus,
1578 3515 1715 3569 Deus
1740 3516 1901 3570 etiam
1921 3524 2003 3567 est
2023 3513 2192 3568 Filius

631 3626 851 3684 paterna
901 3621 1110 3673 natura,
1153 3618 1208 3661 et
1246 3620 1468 3674 paterno
1508 3608 1751 3672 nomine;
1785 3620 1837 3661 et
1862 3623 1982 3661 cum
2022 3606 2190 3661 Filius

626 3718 769 3758 annus
792 3701 1047 3754 Dominus
1065 3698 1153 3760 sit,
1179 3696 1341 3750 Pater
1364 3697 1620 3749 Dmninus
1636 3704 1739 3759 est,
1766 3698 1981 3749 nomine
2004 3694 2191 3764 imagi-

627 3794 715 3849 nis
738 3802 959 3847 vocatus
984 3829 998 3852 ,
1036 3789 1175 3843 sicut
1213 3788 1329 3857 ejus
1357 3787 1629 3857 exemplar
1651 3802 1713 3841 ac
1736 3788 1947 3857 genitor
1976 3805 1989 3840 :
2030 3787 2110 3841 sic
2135 3794 2190 3841 et

630 3884 864 3953 Spiritus
905 3876 1193 3945 Dominus,
1222 3895 1250 3932 a
1285 3877 1511 3934 Domino
1538 3892 1729 3932 nomen
1761 3878 1986 3942 habens,
2019 3893 2048 3931 a
2081 3891 2188 3946 quo

626 3977 793 4029 etiam
818 3974 1001 4036 datur,
1038 3984 1093 4028 et
1139 3972 1395 4026 Dominus
1422 3972 1643 4041 spiritus
1670 3970 1735 4024 ab
1762 3970 1996 4040 imagine
2042 3980 2170 4024 est:

628 4062 1057 4129 quandoquidem
1085 4072 1138 4115 et
1170 4063 1307 4117 Deus
1333 4063 1554 4129 spiritus
1584 4062 1650 4117 ab
1684 4063 1799 4131 ipso
1830 4072 2049 4117 vocatus
2080 4070 2183 4115 est.

628 4153 737 4208 Nec
762 4164 937 4207 tamen
961 4160 1242 4219 propterea
1264 4153 1390 4204 deos
1410 4163 1543 4215 tres,
1572 4168 1745 4221 neque
1776 4155 2021 4207 dominos
2057 4166 2187 4218 tres,

627 4260 802 4314 neque
833 4244 1053 4314 spiritus
1101 4254 1209 4298 tres
1238 4252 1451 4312 oportet
1482 4243 1662 4296 facere
1698 4259 1711 4293 :
1767 4248 1858 4297 sed
1903 4245 2186 4299 Trinitatis

2296 3059 2581 3127 ἐπωνυμίᾳ
2640 3056 2728 3109 τὸν
2787 3058 3007 3126 Πατέρα
3060 3056 3387 3125 δεδήλωκεν,
3424 3056 3504 3107 ὅτι
3555 3054 3863 3124 ἀσώματος.

2297 3151 2507 3222 Ὥσπερ
2530 3148 2638 3220 γὰρ
2660 3148 2719 3200 τὸ
2748 3146 2969 3217 Πνεῦμα
3000 3148 3028 3198 ὁ
3056 3147 3207 3209 Θεὸς,
3241 3146 3379 3199 κατὰ
3401 3145 3489 3206 τὸ,
3521 3147 3679 3210 Ναὸς
3720 3144 3867 3199 Θεοῦ

2293 3240 2455 3305 ἐστε,
2511 3239 2611 3292 καὶ
2657 3237 2724 3291 τὸ
2776 3235 3016 3305 Πνεῦμα
3061 3235 3167 3289 τοῦ
3216 3235 3361 3288 Θεοῦ
3408 3233 3557 3288 οἰκεῖ
3584 3236 3653 3287 ὲν
3694 3235 3863 3304 ὑμῖν·

2293 3332 2433 3385 οὕτω
2460 3332 2556 3385 καὶ
2590 3334 2616 3383 ὁ
2648 3330 2778 3393 Θεὸς
2811 3330 2870 3383 τὸ
2903 3328 3147 3399 Πνεῦμα,
3180 3328 3276 3398 τῆς
3312 3328 3538 3397 Τριάὁος
3575 3327 3649 3398 μὴ
3689 3328 3868 3381 διακο-

2294 3425 2566 3495 πτομένης
2588 3423 2721 3492 μηδὲ
2756 3421 3125 3491 χωριζομένης
3146 3420 3244 3490 τὴν
3283 3418 3439 3488 φύσιν
3471 3419 3569 3489 (2),
3599 3419 3741 3473 ὥστε
3775 3421 3866 3472 καὶ

2292 3517 2359 3568 τὰ
2388 3516 2624 3585 ὀνόματα
2647 3514 2721 3584 μὴ
2740 3512 3084 3582 χωρίζεσθαι.
3103 3510 3301 3581 Διόπερ
3326 3510 3416 3562 καὶ
3447 3512 3565 3575 ἑνὸς
3590 3513 3742 3575 ὖντος
3774 3510 3865 3563 τοῦ

2291 3606 2447 3671 Θεοῦ,
2482 3606 2615 3667 Θεὸς
2646 3607 2674 3657 ὁ
2707 3605 2834 3667 Υίὸς
2870 3606 3107 3674 πατρικῇ
3144 3601 3303 3670 φύσει
3345 3601 3439 3654 καὶ
3470 3602 3723 3675 πατρικῷ
3753 3602 3865 3653 ὀνό-

2295 3715 2457 3769 ματι·
2496 3698 2590 3751 καὶ
2645 3697 2761 3760 ἑνὸς
2805 3697 2955 3759 ὄντος
3003 3694 3205 3767 Κυρίου
3254 3694 3349 3749 τοῦ
3390 3695 3541 3759 Υίοῦ,
3603 3694 3805 3765 Κύριος
3838 3694 3865 3745 6

2291 3788 2481 3862 Πατὴρ
2508 3787 2585 3859 τῷ
2618 3787 2716 3857 τῆς
2739 3788 2945 3850 εἰκόνος
2966 3786 3187 3857 ὀνόματι
3228 3785 3584 3856 καλούμενος,
3619 3784 3697 3847 ὡς
3716 3801 3864 3855 πρω-

2288 3881 2515 3944 τότυπος
2558 3880 2727 3949 αὐτῆς
2756 3880 2850 3932 καὶ
2897 3894 3174 3950 γεννητωρ
3198 3896 3210 3908 ·
3249 3878 3388 3931 οὕτω
3420 3879 3513 3930 καὶ
3554 3876 3614 3928 τὸ
3640 3876 3863 3945 Πνεῦμα

2289 3971 2512 4042 Κύριος,
2556 3971 2663 4024 ἀπὸ
2702 3970 2795 4024 τοῦ
2845 3971 3049 4042 Κυρίου
3086 3972 3183 4038 τὴν
3229 3970 3542 4038 ἐπωνυμίαν
3580 3970 3737 4037 ἔχον,
3771 3967 3861 4035 ἀφ’

2287 4053 2347 4113 οῦ
2383 4061 2475 4114 κα)⁵
2518 4059 2893 4130 μεταδίδοται,
2945 4060 3036 4111 καὶ
3066 4061 3094 4111 ὀ
3133 4058 3334 4129 Κύριος
3379 4057 3485 4110 ἀπὸ
3528 4057 3628 4127 τῆς
3658 4057 3865 4120 είκὸνος

2290 4153 2507 4224 πνεῦμα
2531 4170 2543 4182 ·
2572 4153 2693 4206 ἐπεὶ
2721 4153 2814 4205 καὶ
2841 4154 2869 4206 ὸ
2902 4151 3033 4215 Θεὸς
3078 4150 3295 4222 πνεῦμα
3333 4151 3426 4204 ἀπ’
3479 4149 3648 4204 αὑτοῦ
3703 4166 3864 4221 προσ-

2289 4248 2603 4318 ηγόρευται.
2620 4246 2693 4300 Οὐ
2720 4244 2786 4316 δὴ
2808 4248 2955 4316 τρεῖς
2984 4245 3061 4315 15)
3092 4244 3271 4311 θεοὺς,
3297 4243 3417 4298 οὐδὲ
3444 4245 3590 4315 τρεῖς
3617 4242 3860 4313 κυρίους,

627 4336 1066 4406 coniunctionem
1097 4334 1150 4389 in
1188 4332 1462 4388 nominum
1492 4329 1982 4385 communicatione
2018 4347 2186 4399 agno-

2294 4338 2405 4389 esse
2442 4338 2566 4409 τρία
2598 4338 2880 4408 πνεύματα
2934 4336 3020 4390 διὰ
3067 4337 3223 4391 τοῦτο
3269 4337 3538 4408 ποιητέον,
3583 4335 3721 4389 ἀλλὰ
3762 4335 3863 4401 τῆς

627 4444 798 4484 scere.
830 4430 1150 4499 Quanquam
1189 4438 1244 4482 tu
1283 4442 1347 4480 eo
1376 4424 1661 4480 dementiae
1694 4422 1983 4488 devenisu,
2015 4431 2073 4476 ut
2104 4437 2184 4475 se-

627 4532 817 4592 parato
849 4538 912 4577 ac
948 4520 1216 4589 disjuncto
1248 4518 1454 4588 Spiritu
1486 4531 1517 4570 a
1559 4514 1723 4571 Patre
1759 4526 1813 4569 et
1846 4514 2006 4578 Filio,
2035 4514 2183 4569 dicas

695 4672 965 4797 ’ζέει-ειη.
992 4688 1143 4737 xxnt,
1167 4671 1257 4725 24.
1332 4672 1378 4705 ’⁸
1414 4670 1432 4726 Ι
1466 4670 1589 4727 Cor.
1620 4687 1683 4729 II.
1728 4670 1935 4727 10-12.!

624 4758 705 4810 tu,
738 4758 821 4797 to.

691 4899 800 4966 (96)
835 4899 972 4969 Editi
1017 4909 1070 4952 et
1110 4914 1238 4952 mss.
1289 4898 1437 4952 multi
1470 4899 1649 4966 λέγειν
1694 4899 2169 4969 δυνάμενοςηίῖες.

620 4972 811 5041 tertius
843 4968 1016 5041 λέγειν
1047 4970 1120 5041 μὴ
1153 4970 1467 5038 δυνάμενος,
1512 4986 1633 5041 cum
1672 4986 1772 5023 non
1803 4968 1966 5035 possis
1997 4968 2169 5041 Spirif

614 5052 728 5093 tum
755 5038 1167 5109 intelligere—non
1199 5041 1485 5109 increatum
1509 5056 1531 5109 :7
1555 5038 1656 5093 hoc
1687 5048 1791 5103 est,
1817 5055 1934 5092 cum
1965 5041 2057 5093 tibi
2090 5039 2164 5093 uel

615 5111 777 5162 invito
815 5108 1084 5177 fatendum
1116 5110 1179 5162 sit
1216 5108 1477 5176 Spiritum
1516 5108 1805 5178 increatum
1851 5125 1980 5163 esse.
2036 5109 2169 5178 Reg.

617 5192 802 5233 sextus
841 5179 1030 5233 habuit
1064 5194 1279 5247 quoque
1317 5179 1488 5246 prima
1534 5193 1695 5249 manu
1729 5177 1802 5249 μὴ
1838 5177 2171 5249 δυναμενος’

616 5249 930 5319 εραςνοςιιΙα
950 5249 1039 5319 ’μή
1066 5250 1133 5301 ab
1164 5246 1381 5302 indocto
1410 5246 1929 5319 nescioquo'deleta
1960 5246 2068 5305 est.

627 5390 637 5404 θ
688 5317 989 5441 ιῡθτὲέαυόει
1022 5317 1156 5373 unus
1182 5320 1239 5370 ὲν
1263 5319 1393 5388 ἡμῖν
1417 5318 1749 5382 ἐνοικοῦντος
1774 5318 2172 5391 πνεύματος...

627 5406 743 5441 ηαιν
833 5428 848 5441 .

659 5406 743 5443 μιν
775 5406 848 5443 οε.

615 5406 743 5461 ημιν
775 5406 848 5443 οε.

686 5458 796 5525 (98)
828 5459 1023 5519 Codex,
1045 5456 1194 5511 Cnlb.
1233 5458 1439 5527 κόσμου
1471 5457 1681 5511 τούτου.

682 5528 793 5597 (99)
832 5530 980 5589 Illud,
1010 5528 1096 5597 μὴ
1117 5527 1431 5593 βιαζέσθω,
1471 5530 1829 5595 interpretans
1857 5529 2171 5595 Trapezun-

612 5601 732 5653 tius.
768 5600 844 5653 sic
870 5600 1117 5667 scripsit:
1140 5597 1219 5653 Ne
1240 5600 1518 5652 couteudat
1549 5614 1780 5651 asserere
1800 5600 2043 5659 spiritum
2069 5598 2171 5652 Dei

608 5686 778 5733 ipsum
802 5686 909 5722 esse
930 5667 1111 5723 Deum.
1143 5670 1221 5722 Ad
1249 5670 1468 5721 verbum
1496 5669 1567 5719 ita
1601 5670 1937 5737 interpretari
1963 5669 2166 5733 licebit.

2007 4673 2051 4702 "
2087 4671 2188 4727 lsa.
2232 4689 2340 4729 ιιι.
2372 4673 2459 4726 2|.

2284 4424 2513 4493 Τριάδος
2542 4425 2639 4494 τὴν
2695 4425 2884 4477 ἕνωσιν
2936 4428 2993 4478 ὲν
3047 4428 3111 4495 τῇ
3142 4428 3391 4494 κοινωνίᾳ
3440 4425 3545 4477 τῶν
3574 4426 3855 4495 ὀνομάτων

2281 4515 2662 4584 ὲπιγνωστέον,
2709 4517 2967 4585 Καίτοιγε
3020 4519 3083 4570 σὺ
3129 4517 3264 4588 πρὸς
3304 4518 3555 4570 τοσοῦτον
3599 4517 3860 4577 ἀπονοίας

2573 4673 2617 4704 ⁷⁸
2648 4673 2750 4727 lsa.
2785 4689 2895 4740 LXI,
2939 4673 2988 4726 1.
3066 4675 3111 4705 ⁷⁸
3133 4672 3286 4729 Joan.
3318 4690 3391 4730 Iv.
3416 4673 3504 4727 24.
3604 4674 3650 4705 ⁸⁸
3682 4672 3704 4726 1
3732 4674 3857 4728 Cor.

2364 4899 2440 4967 (l)
2678 4898 2808 4969 ἐμόν
2840 4900 3261 4982 ἐστινλΔηιὶφιὶ
3305 4907 3413 4982 tres
3462 4898 3584 4952 libri
3622 4899 3857 4982 ,ἐμὸιννὸ

2280 4968 2450 5038 ἐστιν,
2480 4981 2533 5024 et
2582 4969 2653 5022 ita
2686 4968 2897 5038 quoque
2941 4970 3143 5023 editum
3192 4968 3462 5038 invenitur
3496 4969 3635 5036 apud
3686 4968 3851 5025 LXX.

2285 5037 2395 5091 Hoc
2418 5041 2530 5105 ipso
2555 5041 2605 5093 in
2632 5040 2747 5091 loco
2772 5037 2899 5094 editi
2923 5039 3057 5093 ἀλλά
3085 5040 3235 5129 παρὰ
3263 5037 3353 5091 τοῦ
3381 5038 3513 5090 Θεοῦ
3542 5038 3602 5090 τὸ
3629 5039 3856 5109 Πνεῦμα

2285 5105 2418 5129 ΡΑΏΛΊ
2464 5127 2533 5129 ,,-_
2594 5108 2815 5129 "H-9’du
2864 5110 2907 5129 υ
2936 5109 3065 5129 ,-'__.
3104 5111 3170 5129 l_
3228 5109 3321 5129 l._1
3380 5107 3661 5129 III__\___-__
3697 5110 3752 5129 ἓν
3802 5110 3846 5129 7‘

2273 5105 2571 5188 ῥεδήλωκε.
2594 5108 2819 5188 Πνεῦμα
2862 5109 3069 5188 Κυρίου
3100 5105 3203 5188 tu:
3373 5107 3661 5188 Κέξληκεν
3695 5105 3856 5188 ἐν’-’τὸ

2273 5177 2495 5249 Πνεῦμα
2525 5177 2777 5249 τὸθεῖον,
2817 5179 2889 5249 μὴ
2919 5177 3090 5231 πλείω
3111 5177 3205 5232 τοῦ
3236 5177 3352 5241 ἑνὸς
3373 5177 3578 5246 λεγέτω
3607 5197 3714 5242 τις.
3746 5181 3855 5232 Καὶ

2275 5248 2498 5319 Πνεῦμα
2524 5252 2551 5301 ὁ
2582 5248 2711 5312 Θεὸς
2744 5250 2870 5309 ὑπό,
2901 5261 3031 5313 etc.,
3060 5250 3203 5317 quod
3246 5249 3618 5319 detruncatum
3645 5266 3765 5303 esse
3799 5262 3853 5302 et

2276 5318 2611 5373 decurtatum
2646 5335 2710 5372 ex
2759 5320 2995 5385 antiquis
3051 5318 3222 5373 tribus
3276 5318 3427 5372 libris
3473 5322 3847 5388 cognovimus.

2275 5402 2508 5456 quorum
2541 5405 2643 5457 ope
2676 5390 2801 5443 huic
2833 5388 2973 5441 man
3002 5388 3222 5442 allatum
3254 5388 3550 5442 remedium
3578 5401 3683 5441 est.

2346 5457 2421 5527 (2)
2462 5460 2598 5513 Editi
2646 5458 2788 5511 κατὰ
2839 5457 3170 5529 τὴνφύσιν.
3232 5457 3544 5529 Ρῐεεροεὶιὶο
3593 5458 3740 5511 κατά
3780 5458 3845 5529 in

2269 5530 2519 5583 omnilms
2550 5545 2677 5585 mss.
2731 5527 2903 5583 deest.
2940 5528 3072 5581 Item
3104 5527 3290 5582 vocula
3342 5528 3438 5597 μή,
3490 5542 3610 5597 qua:
3661 5528 3845 5582 statim

2270 5600 2774 5679 sequitur,_abes_t__a
2805 5609 3043 5679 quatuor
3080 5599 3379 5679 codicibus.
3618 5667 3631 5679 .

2336 5664 2415 5735 (⁷5)
2457 5670 2594 5728 Editi
2644 5668 2762 5723 οὐδὲ
2794 5664 2959 5740 τρεῖς.
3000 5666 3224 5725 Veteres
3266 5667 3465 5737 aliquot
3510 5666 3632 5723 libri
3678 5667 3741 5721 οὐ
3778 5664 3843 5737 δὴ

610 5757 671 5791 ne
695 5754 790 5790 vim
825 5740 983 5793 verbis
1010 5740 1224 5808 inferat,
1256 5739 1330 5791 sic
1362 5748 1414 5791 ut
1447 5738 1586 5791 dicat
1622 5739 1714 5793 Dei
1745 5738 1981 5805 spiritum
2002 5737 2163 5793 Deum
2265 5741 2431 5807 τρεῖς.

608 5812 775 5870 ipsum
800 5825 926 5863 esse.
