4088 6318
216 392 326 446 7:59

1300 386 1670 442 ADVERSUS
1712 383 2078 441 EUNOMIUM
2122 383 2246 440 LIB.
2293 384 2356 438 V.

3337 383 3442 439 750

216 509 367 581 εὕροι
391 527 472 574 τις
520 508 601 560 ἄν.
652 507 789 560 Ἀλλ’
834 505 1133 579 ὀρθοτέρως
1165 506 1229 558 ἂν
1281 505 1562 558 ἀκούσειεν
1612 509 1639 557 ὁ
1670 505 1779 573 (20)

1889 505 2080 559 Verum
2128 506 2326 558 rectius
2369 504 2482 557 lucc
2529 501 2875 566 intellexerit,
2904 499 2992 568 qui
3028 499 3320 555 sententias
3361 500 3445 555 di-

215 601 457 664 εύσεϐὦς
485 601 550 652 τὰ
575 600 692 652 θεία
722 601 962 670 νοήματα
978 598 1424 668 τεκμαιρόμενος,
1453 597 1623 665 λέγων
1648 600 1783 667 πρὸς

212 693 316 762 τὴν
336 692 442 746 τῶν
474 693 728 746 ἐναντίων
758 691 1044 753 ἀντίθεσιν,
1079 692 1179 751 ὅτι,
1216 692 1263 742 εἰ
1297 691 1537 761 νομίσειέ
1561 709 1642 754 τις
1663 709 1783 742 ταυ-

213 785 416 854 τότητά
457 784 697 850 εἰσάγειν
742 782 848 834 ἀπὸ
887 782 994 833 τῶν
1040 783 1363 852 ὁμωνύμων,
1400 783 1449 833 τί
1488 785 1780 850 ποιήσειεν,

215 876 300 927 ὅτι
342 875 485 927 ὄντα
516 872 684 926 πολλὰ
736 873 948 938 λέγεται
993 873 1026 942 ἢ
1064 871 1342 936 καλεῖταις
1389 873 1536 935 Ἐνὸς
1585 872 1640 924 δέ
1669 874 1782 925 ὲστι

215 963 396 1027 τοῦτο,
427 963 670 1031 λέγοντος
699 962 900 1031 Κυρίου
941 963 1033 1014 καὶ
1059 963 1272 1028 άληθῶς
1296 963 1428 1016 Θεοῦ
1449 979 1461 993 ⁸
1506 965 1559 1014 Ἐ
1565 964 1644 1032 τώ
1668 967 1783 1032 εἰμι

217 1060 254 1109 ό
286 1057 388 1110 ὢν.
420 1057 674 1122 Λέγονται
696 1053 751 1106 δὲ
777 1055 868 1108 καὶ
890 1057 1122 1125 πατέρες
1159 1056 1358 1118 πολλοὶ,
1398 1056 1490 1109 καὶ
1527 1055 1658 1121 θεοὶ,
1694 1057 1784 1108 καὶ

218 1147 560 1217 γεννήτορες,
594 1145 689 1197 καὶ
729 1147 899 1213 σοφοὶ,
935 1146 1028 1198 καὶ
1056 1148 1287 1210 δυνατοὶ,
1326 1149 1416 1200 καὶ
1443 1148 1782 1221 δημιουργοὶ,

215 1240 254 1294 ἃ
279 1240 354 1311 τῷ
387 1237 503 1308 Θεῷ
540 1239 683 1309 μόνῳ
718 1239 874 1307 φύσει
912 1248 1198 1310 πρόσεστιν
1230 1241 1335 1294 ἀεί,
1375 1242 1484 1295 Καὶ
1517 1243 1784 1314 άγέννητα

215 1330 479 1392 ὡσαύτως
505 1329 751 1397 λέγονται
781 1331 848 1383 τά
883 1331 1104 1401 μηδέπω
1145 1333 1492 1402 γεννηθέντα,
1525 1336 1785 1404 μέλλοντα

215 1422 276 1474 δὲ
302 1422 582 1488 γεννᾶσθαι
666 1423 906 1490 γίνεσθαι
930 1441 942 1455 ·
983 1424 1055 1488 ὡς
1077 1426 1169 1476 καὶ
1205 1426 1235 1495 ἡ
1277 1430 1385 1478 τῶν
1421 1428 1627 1499 νεκρῶν
1656 1431 1784 1482 ἀνά-

218 1532 424 1580 στασις,
451 1515 600 1568 οὔπω
632 1519 902 1584 γεγονυῖα,
944 1515 1234 1586 ἀγέννητος
1263 1519 1396 1587 (21),
1438 1521 1701 1590 μέλλουσα
1731 1523 1787 1574 δὲ

215 1601 381 1658 εἶναι·
414 1607 445 1677 ἢ
471 1607 549 1670 ὠς
568 1609 671 1660 ἀπὸ
701 1609 914 1679 σιδήρου
946 1608 1223 1670 δακτύλιος
1253 1611 1361 1680 (22)
1396 1613 1601 1682 μέλλων
1645 1613 1787 1678 γίνε-

218 1698 362 1762 σθαι,
411 1700 700 1768 άγέννητος
742 1699 815 1752 ὢν
848 1702 905 1752 ὲν
944 1703 1008 1770 τῇ
1041 1701 1134 1754 τοῦ
1169 1704 1387 1773 σιδήρου
1420 1703 1606 1771 φύσει·
1647 1703 1678 1774 ἢ
1712 1705 1786 1766 ὡς

215 1790 346 1843 ὃταν
385 1791 490 1843 ἀπὸ
517 1790 703 1854 ὓδατος
735 1793 765 1860 ἢ
815 1792 960 1843 λίθου
994 1793 1123 1865 πῦρ,
1157 1795 1187 1864 ἥ
1233 1795 1395 1864 ἄλλης
1443 1795 1584 1858 τινὸς
1631 1795 1780 1866 ὕλης,

1884 603 2036 651 vinas
2081 601 2164 665 pie
2209 596 2586 659 considerarit,
2623 595 2870 649 videlicet
2918 594 2961 647 si
3009 594 3072 646 ad
3111 607 3174 648 ea
3210 608 3330 659 quae
3379 593 3447 648 ab

1884 691 2208 744 adversariis
2234 689 2559 756 objiciuntur
2589 687 2756 751 dicat,
2791 686 2931 755 quod
2958 687 3000 740 si
3025 684 3144 754 quis
3176 701 3240 740 ex
3273 687 3447 756 arqui-

1887 785 2031 836 vocis
2081 781 2419 835 identitatem
2470 779 2646 832 induci
2708 788 2879 848 putat,
2919 778 3045 847 quid
3101 777 3280 838 faciet.
3325 794 3450 833 eum

1885 873 2051 927 multa
2107 873 2358 926 dicantur
2407 884 2500 928 aut
2548 883 2812 927 vocentur
2858 872 3041 926 entia?
3071 870 3182 925 lloc
3220 875 3455 939 namque

1885 963 2042 1016 unius
2078 962 2286 1015 Domini
2335 977 2398 1016 ac
2443 978 2570 1017 vere
2621 963 2712 1016 Dei
2756 971 2842 1016 est
2888 962 3160 1016 dicentis:
3194 959 3304 1030 Ego
3332 977 3452 1014 sum

1883 1056 1972 1122 qui
1997 1072 2113 1108 sum
2150 1057 2219 1110 ³⁸.
2257 1056 2516 1109 Dicuntur
2546 1065 2727 1109 autem
2755 1065 2809 1110 et
2836 1064 3018 1123 patres
3059 1055 3235 1118 multi,
3264 1064 3319 1108 et
3355 1054 3450 1118 dii,

1885 1156 1939 1201 et
1971 1148 2262 1216 genitores,
2296 1158 2349 1201 et
2385 1148 2676 1214 sapientes,
2709 1157 2763 1201 et
2811 1156 3076 1216 potentes,
3109 1157 3162 1199 et
3209 1146 3452 1215 opiﬁces.

1887 1253 2005 1306 qnze
2039 1246 2231 1291 natura
2265 1238 2373 1292 Deo
2415 1238 2512 1292 soli
2555 1252 2766 1306 semper
2799 1239 2997 1290 insunt.
3039 1237 3176 1302 Quin
3212 1247 3267 1290 et
3309 1238 3456 1305 inge-

1892 1330 2004 1382 nita
2056 1329 2306 1382 similiter
2349 1330 2599 1383 dicuntur
2645 1344 2763 1396 quae
2810 1330 3044 1382 nondum
3095 1330 3271 1397 genita
3306 1339 3454 1391 sunt,

1891 1420 1986 1470 sed
2039 1419 2279 1486 generari
2331 1429 2425 1472 aut
2472 1417 2588 1472 ﬁeri
2641 1419 2886 1474 debent:
2921 1421 3061 1475 sicut
3119 1431 3455 1476 mortuorum

1888 1510 2217 1563 resurrectio
2264 1525 2384 1579 quae.
2415 1509 2650 1563 nondum
2694 1508 2831 1564 facta
2877 1521 2981 1578 εει,
3011 1512 3242 1582 ingenita
3281 1521 3366 1566 est
3401 1525 3458 1567 et

1892 1599 2096 1664 futura,
2129 1609 2224 1654 aut
2277 1601 2416 1654 sicut
2468 1600 2747 1656 faciendus
2793 1615 2857 1654 ex
2907 1599 3055 1655 ferro
3114 1602 3364 1666 annulus,
3400 1603 3454 1656 in

1888 1690 2016 1744 ferri
2069 1703 2258 1745 natura
2313 1693 2585 1762 ingenitus
2614 1704 2718 1759 est,
2752 1702 2842 1748 aut
2875 1695 3014 1750 sicut
3047 1709 3170 1748 cum
3211 1710 3275 1749 ex
3316 1709 3455 1765 aqua

1887 1781 1971 1834 vel
2005 1780 2182 1848 lapide
2220 1781 2379 1850 ignis,
2417 1781 2498 1836 vel
2548 1782 2650 1834 alia
2694 1783 2886 1851 quavis
2931 1785 3178 1848 materia,
3208 1784 3451 1840 similiter

216 1881 478 1946 ὡσαύτως
499 1883 559 1936 τὸ
597 1884 832 1936 τοιοῦτον
868 1883 1090 1954 γένηται
1118 1886 1227 1956 πῦρ
1261 1887 1393 1955 (25).
1429 1887 1593 1940 Πάλιν
1621 1888 1785 1955 ἀγέν-

1889 1871 2025 1941 ignis
2051 1872 2222 1925 tieret.
2254 1872 2461 1926 Rursus
2489 1887 2584 1940 per
2609 1872 2904 1942 ingenitum
2925 1875 3063 1945 quod
3087 1890 3194 1930 non
3222 1878 3455 1942 exsistit,

215 1992 376 2045 νητον
402 1976 645 2028 ἀνούσιον
668 1974 891 2045 νοοῦμεν
910 1977 969 2028 τὸ
996 1977 1217 2047 μηδαμῆ
1243 1979 1504 2048 μηδαμῶς
1539 1981 1616 2032 ὅν.
1650 1977 1784 2034 Εἷπέ

216 2084 304 2130 τις
347 2067 611 2128 άνούσιον,
643 2067 936 2120 ὑπόστασιν
978 2069 1155 2121 ἀνεῖλε
1183 2071 1277 2122 καὶ
1317 2072 1502 2135 οὐσίας
1531 2073 1781 2144 ὓπαρξιν,

228 2158 518 2221 ’Δνούσιον,
571 2161 665 2211 καὶ
717 2159 1103 2224 ἀνυπόστατον,
1149 2165 1247 2233 τὴν
1301 2162 1374 2233 μὴ
1406 2164 1788 2240 ,ὑπάρχουσαν

217 2254 357 2321 μήτε
382 2246 541 2303 οὖσαν
576 2251 709 2314 ὅλως
745 2253 995 2322 σημαίνει
1025 2253 1202 2322 φύσιν.
1244 2254 1317 2307 Τὸ
1352 2255 1408 2308 δὲ
1435 2256 1670 2310 ὲνούσιον
1697 2260 1787 2311 καὶ

213 2343 582 2396 ἀνυπόστατον
629 2345 801 2413 λέγων
859 2364 960 2411 τις,
1003 2348 1099 2418 τὴν
1146 2349 1552 2418 ἐνυπάρχουσαν
1599 2350 1787 2404 ούσίαν

213 2434 469 2504 ἐδήλωσε.
518 2436 590 2489 Τὸ
617 2437 673 2490 δὲ
703 2438 880 2505 λέγειν
913 2440 1201 2510 ἀγέννητον
1249 2441 1339 2492 τὸν
1368 2441 1517 2506 Θεὸν,
1562 2441 1594 2512 ἧ
1630 2442 1788 2510 ἀγένο

214 2543 374 2593 νητον
405 2527 545 2598 μετὰ
563 2528 656 2579 τοῦ
686 2528 908 2598 ἄρθρου,
935 2530 1206 2596 προτάξας
1231 2528 1396 2594 Θεὸν,
1426 2530 1458 2599 ἢ
1489 2531 1787 2597 ἐπενέγκας

213 2616 379 2671 πάλιν
410 2617 469 2670 τὸ
503 2617 631 2670 αὐτὸ
659 2617 850 2686 ὄνομα,
883 2619 980 2670 οὐκ
1011 2619 1193 2671 οὐσίαν
1224 2620 1448 2684 ἀνεῖλεν,
1471 2621 1591 2674 οὐδὲ
1623 2623 1682 2674 τὸ
1711 2618 1786 2675 εἷ-

213 2723 306 2756 ναι
335 2705 426 2758 τοῦ
456 2705 610 2770 Θεοῦ,
645 2706 848 2776 ταύτην
877 2707 932 2758 δὲ
972 2709 1064 2760 καὶ
1117 2708 1226 2779 (24)
1281 2709 1354 2780 μὴ
1386 2713 1790 2784 γεγεννημένην

213 2794 356 2849 εἶναι
386 2798 564 2866 λέγει’
597 2799 729 2852 άλλά
755 2800 859 2870 μὴν
891 2801 1008 2853 οὐδὲ
1031 2802 1341 2858 κτισθεῖσαν
1370 2804 1519 2876 δηλοῖ
1538 2806 1631 2858 τοῦ
1654 2805 1788 2858 Θεοῦ

214 2890 315 2962 τὴν
347 2889 551 2944 οὐσίαν.
597 2891 733 2944 Ἀλλ’
772 2893 870 2946 οὐκ
900 2894 1084 2965 ἐπειδὴ
1126 2895 1185 2947 τὸ
1225 2891 1361 2949 εἶναι
1399 2897 1492 2949 τοῦ
1530 2897 1661 2949 Θεοῦ
1690 2898 1788 2951 οὐκ

215 2983 448 3046 ἀνεῖλεν,
477 2985 576 3055 ἤδη
608 2984 668 3037 τὸ
692 2986 745 3037 τί
784 2987 920 3038 εἶναι
953 2986 1046 3038 τοῦ
1081 2987 1215 3039 Θεοῦ
1251 2989 1351 3057 τὴν
1379 2988 1565 3039 οὐσίαν
1592 2989 1790 3059 ἐδήλω-

220 3094 330 3129 σεν.
357 3077 430 3129 Ού
454 3077 594 3144 λέγω
617 3078 870 3144 ποιότητα
906 3077 937 3146 ἣ
972 3079 1262 3148 ποσότητα,
1299 3079 1372 3141 ὡς
1398 3081 1595 3132 ἐκεῖνοι
1621 3083 1789 3147 ἐπαγ-

1888 1963 2238 2034 iutelligimus
2269 1963 2321 2017 id
2351 1965 2492 2033 quod
2526 1966 2748 2020 minime
2783 1982 2847 2022 ac
2877 1983 3136 2037 nusquam
3168 1980 3270 2023 est.
3315 1969 3460 2024 Dixit

1889 2056 2086 2124 aliquis
2131 2070 2244 2109 rem
2291 2071 2396 2110 non
2448 2070 2684 2123 exstare,
2714 2060 3068 2116 substantiam
3111 2077 3172 2116 ac
3209 2063 3458 2125 essentie

1887 2147 2234 2201 existentiam
2260 2147 2496 2203 sustulit.
2530 2148 2636 2205 Res
2669 2164 2788 2220 quae
2826 2165 2927 2204 nee
2959 2151 3170 2206 exsistit
3199 2167 3303 2206 nec
3325 2154 3455 2208 subo

1889 2239 2056 2303 sistit,
2090 2249 2336 2293 naturam
2374 2241 2641 2310 signiﬁcat
2690 2257 2796 2296 non
2847 2241 3197 2297 exsistentem
3243 2254 3298 2299 et
3336 2260 3459 2314 quas

1887 2331 2106 2384 omnino
2143 2346 2246 2382 non
2279 2341 2379 2385 est.
2415 2333 2520 2386 Sed
2549 2335 2594 2388 si
2626 2335 2748 2403 quis
2797 2336 2942 2390 dicat
2977 2337 3270 2406 quidquam
3311 2340 3458 2394 exsi-

1890 2429 2032 2474 stere
2063 2435 2127 2474 ac
2160 2420 2473 2478 subsistere.
2511 2423 2556 2475 is
2602 2425 2948 2479 exsistentem
2977 2427 3335 2482 substantiam
3379 2430 3459 2483 si-

1889 2513 2184 2580 gnificavit.
2211 2512 2310 2579 Qui
2342 2528 2470 2568 vero
2498 2515 2628 2569 dicit
2657 2516 2951 2587 ingenitum
2979 2518 3168 2583 Deum,
3194 2529 3286 2574 aut
3314 2520 3459 2576 itu-nc

1890 2603 2186 2671 ingenitum
2237 2619 2360 2658 cum
2417 2606 2667 2672 articulo,
2701 2610 2814 2663 sive
2854 2624 3047 2664 nomen
3073 2609 3215 2665 Deus
3249 2627 3460 2682 praepo-

1890 2702 2004 2760 nat,
2039 2695 2152 2748 sive
2186 2705 2494 2764 postponat,
2533 2711 2633 2751 nec
2679 2700 3040 2755 substantiam
3087 2703 3329 2770 abstulit,
3360 2719 3460 2759 nec

1891 2785 2061 2852 ipsum
2110 2801 2220 2838 esse
2260 2786 2374 2849 Dei,
2410 2788 2502 2841 sed
2558 2789 2698 2843 hanc
2752 2792 2984 2853 genitam
3026 2807 3134 2847 non
3174 2809 3294 2850 esse
3342 2801 3456 2860 ait;

1889 2877 2000 2932 imo
2047 2893 2173 2932 vero
2208 2893 2384 2948 neque
2432 2889 2673 2935 creatam
2728 2884 2895 2938 tuisse
2951 2884 3042 2940 Dei
3097 2885 3460 2942 substantiam

1892 2970 2112 3024 indicat.
2147 2972 2252 3024 Sed
2281 2988 2404 3040 quia
2444 2974 2614 3042 ipsum
2651 2990 2761 3028 esse
2789 2977 2878 3030 Dei
2930 2992 3033 3030 non
3066 2978 3310 3045 sustulit,
3351 2993 3461 3033 non

1889 3061 2138 3129 protinus
2166 3063 2294 3130 quid
2325 3063 2419 3117 Dei
2465 3066 2766 3120 substantia
2799 3069 2868 3120 sit
2899 3069 3156 3124 ostendit.
3189 3069 3305 3124 Non
3340 3072 3465 3126 dico

216 3168 496 3233 γέλλονται
539 3166 813 3230 ἀποδεῖξαι
851 3167 1361 3237 ματαιολογοῦντες·
1421 3169 1556 3223 ἀλλά
1610 3171 1784 3230 τοῦτο,

1892 3153 2202 3221 qualitatem
2232 3165 2322 3205 aut
2349 3157 2733 3222 quantitatem,
2763 3159 2838 3210 uti
2879 3159 2951 3213 illi
2988 3174 3122 3214 vana
3155 3160 3462 3218 etfutientes

216 3257 337 3320 πῶς
369 3257 481 3328 (25)
509 3253 645 3311 εἶναι
690 3259 925 3312 δείκνυσι
957 3261 1051 3314 τοῦ
1087 3261 1222 3315 Θεοῦ
1256 3262 1353 3334 τὴν
1398 3265 1580 3316 οὐσίαν
1625 3266 1657 3334 ἡ
1693 3267 1789 3334 τῆς

215 3349 547 3418 ἀγεννήτου
586 3357 768 3424 φωνῆς
805 3355 1082 3425 ὀνομασία.
1118 3357 1190 3408 Τὸ
1215 3355 1270 3409 δὲ
1294 3355 1410 3419 πῶς
1431 3353 1567 3410 εἷναί
1591 3375 1663 3422 τι,
1697 3359 1788 3410 καὶ

215 3443 349 3496 αὐτὸ
380 3446 554 3497 ἐκεῖνο
585 3447 612 3497 ὃ
645 3448 810 3510 ἐστιν,
845 3449 1024 3501 ὁποῖον
1054 3444 1191 3500 εἶναι
1239 3448 1271 3514 ἢ
1329 3448 1382 3499 τί
1437 3445 1596 3512 εἶναι,
1653 3450 1787 3502 πολὺ

220 3535 419 3605 μᾶλλον
448 3537 639 3607 ἄδηλον
663 3541 918 3610 τυγχάνει
951 3539 1061 3610 (26)
1097 3539 1172 3603 ὡς
1204 3540 1603 3610 ἀνεξιχνίαστον
1641 3545 1787 3615 πάσῃ

216 3630 407 3699 κτιστῇ
456 3629 614 3697 φύσει
672 3633 934 3702 ὑπάρχον,
985 3631 1047 3684 EE
1077 3633 1184 3704 γάρ
1231 3632 1298 3684 τά
1336 3634 1577 3703 κρίματα
1625 3637 1786 3688 αὐτοῦ

216 3720 452 3784 ἄϐυσσος
495 3723 683 3793 πολλὴ,
745 3742 819 3786 ως
852 3741 1014 3794 φησιν
1047 3726 1074 3776 ὁ
1101 3724 1413 3796 Προφήτης,
1453 3729 1547 3780 καὶ
1581 3732 1635 3781 αἱ
1682 3730 1789 3782 ὁδοὶ

217 3810 379 3863 αὑτοῦ
408 3814 816 3885 ἀνεξιχνίαστοι,
866 3812 1061 3867 οὐκοῦν
1101 3814 1315 3876 πάντως
1372 3816 1463 3867 καὶ
1509 3817 1789 3886 ἀνεξερεύ-

217 3919 392 3973 νητοι,
425 3905 563 3958 κατά
590 3905 680 3957 τὸν
725 3905 1046 3957 Ἀπόστολον
1067 3922 1081 3936 ·
1107 3904 1256 3974 πόσῳ
1285 3906 1481 3974 μᾶλλον
1516 3908 1690 3970 αὐτὸς,
1726 3901 1785 3959 οῦ

217 3998 273 4048 αἱ
295 3996 503 4064 κρίσεις
528 3998 622 4048 καὶ
646 3997 702 4046 αἱ
735 3996 842 4048 ὁδοὶ
882 3996 1126 4048 τοιαῦται
1154 4013 1166 4060 ;
1197 3997 1304 4048 Καὶ
1331 3999 1390 4050 οὐ
1416 3998 1596 4068 θαῦμα
1621 4002 1667 4051 εἰ
1690 4001 1786 4052 αύ-

217 4086 309 4149 τὸς
329 4087 356 4137 ὁ
387 4086 516 4148 Θεὸς
545 4088 803 4150 τοιοῦτος,
851 4088 981 4141 ὅπου
1009 4105 1072 4156 γε
1101 4089 1168 4142 τά
1204 4089 1311 4159 (27)
1351 4090 1514 4142 αὐτοῦ
1543 4093 1783 4148 τοιαῦτα.

219 4179 282 4230 Εἰ
314 4177 421 4248 γὰρ
442 4177 475 4230 ἃ
507 4179 798 4248 ἡτοίμασεν
827 4180 854 4230 ὁ
883 4179 1013 4241 Θεὸς
1044 4183 1156 4244 τοῖς
1189 4181 1474 4247 ἀγαπῶσιν
1498 4185 1656 4237 αὐτὸν
1687 4187 1784 4255 ὀφ-

219 4270 422 4340 θαλμὸς
448 4269 544 4323 οὐκ
571 4267 727 4327 εἶδεν.
749 4271 867 4324 οὐδὲ
895 4267 986 4335 οῦς
1013 4274 1262 4340 ἤκουσεν,
1299 4275 1417 4328 οὐδὲ
1447 4277 1536 4329 ἐπὶ
1563 4279 1786 4349 καρδίαν

219 4361 505 4431 ἀνθρώπου
537 4364 722 4434 ἀνέϐη,
759 4364 900 4417 κατά
942 4366 1003 4417 τὸ
1033 4369 1444 4437 γεγραμμένονο
1479 4370 1625 4439 πόσῳ
1654 4371 1786 4439 μᾶλ-

219 4451 309 4504 λον
355 4453 516 4504 αὐτοῦ
555 4453 648 4504 τοῦ
694 4455 761 4506 τά
809 4456 1032 4508 τοιαῦτα
1088 4459 1602 4529 παρασκευάσαντος
1649 4462 1784 4515 Θεοῦ

1893 3246 2356 3300 demonstraturus
2393 3262 2456 3301 se
2481 3263 2614 3304 esse
2663 3251 2983 3320 pollicentur
3016 3275 3026 3308 :
3059 3255 3152 3308 sed
3190 3259 3463 3325 quomodo

1892 3339 1962 3391 sit
2001 3339 2299 3394 substantia
2359 3341 2475 3408 Dei,
2527 3344 2642 3399 haec
2701 3348 2851 3403 vocis
2903 3349 3120 3414 inqem‘ti
3173 3353 3462 3421 appellatio

1891 3439 2299 3486 commonstrat.
2352 3435 2421 3488 At
2450 3450 2580 3492 vero
2635 3441 2904 3506 quomodo
2949 3442 3225 3510 quidpiam
3282 3445 3372 3508 sit,
3408 3455 3461 3500 et

1893 3522 2018 3577 illud
2047 3523 2220 3593 ipsum
2268 3529 2408 3597 quod
2448 3539 2553 3593 est,
2593 3530 2751 3597 quale
2783 3532 2874 3599 sit,
2903 3543 2996 3588 aut
3026 3537 3152 3604 quid
3181 3537 3269 3603 sit,
3303 3537 3462 3609 longe

1893 3617 2061 3684 magis
2088 3617 2240 3682 latet,
2281 3629 2340 3672 ut
2366 3635 2484 3688 quae
2517 3637 2580 3676 ex
2612 3637 2706 3677 sua
2739 3634 2930 3680 natura
2963 3643 2989 3680 a
3024 3629 3168 3682 nulla
3207 3642 3458 3688 creatura

1889 3719 2090 3776 queant
2140 3712 2474 3779 investigari.
2526 3713 2658 3768 Nam
2714 3715 2760 3770 si
2808 3716 3014 3782 judicia
3064 3721 3179 3785 ejus
3232 3723 3459 3791 abyssus

1891 3799 2078 3861 multa,
2107 3809 2166 3852 ut
2199 3800 2272 3854 ait
2304 3801 2571 3869 Propheta
2600 3804 2666 3868 π,
2703 3814 2757 3858 ει
2786 3807 2884 3860 via:
2914 3807 3031 3876 ejus
3055 3809 3216 3881 313
3262 3813 3462 3884 imper-

1890 3890 2229 3959 vestigabiles
2258 3896 2480 3948 omnino
2513 3903 2568 3948 et
2604 3897 3119 3967 imperscrutatiites,
3163 3910 3459 3961 secundum

1890 3981 2204 4051 Apostolum
2237 3984 2305 4047 ³⁷,
2346 3994 2551 4054 quanto
2593 3988 2764 4054 magis
2812 3991 2925 4059 ipse
2962 3991 3114 4058 cujus
3163 3995 3288 4047 talia
3335 4006 3461 4052 sunt

1883 4075 2334 4148 judicia,vi:eque
2378 4079 2510 4133 tales
2531 4082 2554 4132 ?
2578 4079 2686 4134 Nec
2717 4081 2912 4135 mirum
2942 4087 2984 4137 si
3020 4084 3159 4138 Deus
3191 4086 3304 4150 ipse
3337 4089 3460 4144 talis

1887 4167 1977 4234 sit,
2012 4183 2133 4222 eum
2176 4183 2237 4222 ea
2281 4183 2397 4236 qum
2415 4170 2530 4238 ejus
2572 4178 2717 4236 sunt,
2752 4171 2876 4222 talia
2909 4179 3191 4225 exsrstant.
3227 4172 3284 4226 Si
3313 4174 3459 4228 enim

1887 4272 2006 4326 quae
2053 4272 2110 4312 se
2155 4258 2495 4327 diligentibus
2541 4261 2866 4329 praeparavit
2918 4261 3078 4326 Deus,
3117 4279 3217 4320 nec
3271 4267 3484 4322 oculus.

1889 4349 2044 4413 vidit,
2079 4363 2178 4402 nec
2210 4349 2356 4402 auris
2392 4351 2617 4417 audivit,
2650 4368 2749 4407 nec
2781 4354 2833 4407 in
2869 4369 2965 4408 cor
2992 4356 3223 4410 hominis
3265 4372 3458 4412 ascen-

1889 4439 2101 4498 derunt,
2133 4449 2193 4492 ut
2241 4442 2500 4510 scriptum
2532 4453 2614 4498 est
2646 4443 2712 4510 ’°,
2746 4457 2947 4517 quanto
2996 4451 3168 4515 magis
3209 4458 3479 4506 naturam.

219 4547 320 4614 τὴν
377 4544 534 4612 φύσιν
563 4547 935 4618 ἀρρητοτέραν
980 4549 1044 4602 ἄν
1091 4569 1173 4613 τις
1205 4553 1344 4605 εἴποι
1390 4553 1498 4604 τῶν
1547 4553 1783 4619 εὐσεϐῶς

1891 4529 1983 4583 Dei
2034 4530 2222 4599 ipsius,
2269 4535 2360 4602 qui
2417 4537 2540 4589 talia
2596 4540 2940 4609 praeparavit,
2991 4554 3246 4595 arcanam
3296 4550 3459 4612 atque

222 4638 336 4708 (28)
365 4636 458 4690 καὶ
490 4638 830 4710 ἀπεριέργως
861 4642 941 4704 εἰς
971 4642 1132 4696 αὑτὸν
1161 4644 1552 4710 πιστευόντων;

289 4902 334 4930 ’³
365 4901 532 4956 Exod.
580 4918 663 4968 ιιι,
701 4901 785 4955 14.
859 4903 906 4934 ⁹⁶
939 4901 1081 4958 Psal.
1123 4920 1292 4971 xxxv,
1320 4905 1373 4960 7.

300 5067 408 5138 (20)
432 5068 566 5142 Editi
595 5069 894 5142 ὀρθοτέρως
917 5066 1301 5142 ἀνακρούσειεν
1346 5068 1394 5133 ὀ,
1435 5075 1565 5142 etc_.,
1604 5068 1796 5142 rectius

226 5135 336 5191 huic
374 5135 638 5204 repulsi-it,
668 5143 753 5209 qui
777 5135 1072 5194 sententias,
1097 5135 1299 5209 divinas
1341 5140 1661 5209 considerat.
1695 5138 1798 5192 Co-

227 5213 324 5262 dex
355 5209 516 5282 Colb.
539 5221 591 5262 et
624 5207 774 5282 Regii
823 5211 926 5264 duo
971 5207 1273 5282 ὀρθοτὲρως
1328 5208 1392 5261 ἂν
1425 5207 1708 5261 ἀκούσειεν
1744 5210 1792 5275 ὁ,

226 5280 370 5344 quod
399 5281 587 5334 melius
617 5281 826 5333 videtur
845 5291 896 5334 et
925 5280 1125 5333 verius.

302 5349 411 5416 (21)
443 5351 547 5404 Alii
579 5350 818 5410 Codices,
854 5359 912 5402 ut
961 5351 1040 5414 tit,
1080 5349 1363 5418 ἀγένητος,
1421 5347 1513 5403 alii
1562 5348 1793 5418 ἀγέννη-

225 5434 336 5478 τος.
368 5432 422 5471 ει
454 5422 524 5472 ita
561 5422 610 5473 in
640 5420 865 5486 vulgatis
898 5420 1110 5488 legitur.

297 5488 408 5550 (22)
446 5491 581 5542 Editi
606 5490 882 5551 δάκτυλος.
912 5493 976 5541 At
1008 5508 1136 5544 mss.
1165 5491 1467 5556 δακτύλιος.

301 5559 407 5633 (25)
434 5559 610 5633 Codex
645 5563 792 5615 Colb.
819 5562 878 5613 τὸ
912 5561 1149 5613 τοιοῦτον
1198 5563 1507 5633 γεγένηται.
1548 5560 1691 5615 Editi
1726 5562 1784 5614 τὸ

225 5628 434 5682 τοιοῦτο
460 5630 701 5700 γένηται.

298 5701 408 5761 (2.4)
436 5700 522 5752 Sic
561 5718 686 5752 mss.
715 5703 902 5756 nnstri.
947 5701 1143 5756 Vocula
1168 5703 1258 5756 καί
1295 5704 1362 5758 ab
1388 5702 1548 5757 editis
1572 5704 1781 5760 aberat.

300 5771 409 5837 ('25)
455 5770 591 5823 Editi
628 5771 687 5823 τὸ
723 5772 857 5834 πῶς.
907 5775 969 5824 At
1026 5788 1153 5826 mss.
1203 5788 1293 5827 sex
1344 5774 1434 5826 τοῦ
1474 5772 1610 5836 πῶς.
1651 5776 1781 5839 Reg.

224 5851 445 5906 quintus
470 5839 625 5893 τοῦτο
672 5845 797 5904 πῶς.
860 5843 1052 5898 Statim
1091 5845 1214 5896 editi
1266 5852 1317 5896 et
1365 5846 1600 5911 quinque
1649 5862 1774 5898 mss.

1448 4906 1492 4937 ⁹⁷
1521 4907 1677 4963 Rom.
1705 4925 1782 4978 xu,
1827 4910 1914 4964 3'5.

1895 4620 2213 4676 ineffabilem
2265 4639 2384 4680 esse
2427 4628 2691 4697 quispiam
2742 4630 2957 4696 dixerit,
3006 4644 3216 4701 eorum,
3264 4633 3355 4702 qui
3406 4636 3458 4689 in

1896 4714 2065 4783 ipsum
2095 4714 2182 4782 pie
2217 4730 2278 4770 ac
2307 4718 2622 4788 simpliciter
2643 4719 2910 4774 credunt?

1992 4909 2037 4940 ⁸⁸
2071 4908 2090 4962 l
2118 4908 2242 4968 Cor.
2277 4928 2340 4980 t-t,
2367 4915 2419 4970 9.

1897 5069 1968 5122 Τὸ
1995 5070 2052 5124 δὲ
2078 5071 2172 5126 τοῦ
2207 5069 2344 5134 πῶς.
2378 5070 2480 5124 Alii
2509 5071 2633 5134 duo,
2666 5070 2740 5124 Τὸ
2758 5069 2815 5122 δὲ
2849 5072 2967 5133 πῶς
2998 5066 3138 5125 είναί
3169 5089 3243 5127 τι.

1968 5142 2079 5210 (26)
2111 5142 2331 5208 Antiqui
2363 5151 2472 5194 tres
2493 5141 2613 5212 libri
2645 5151 2698 5196 et
2733 5142 2861 5196 editi
2896 5142 3029 5196 πολὺ
3064 5144 3262 5212 μᾶλλον
3291 5140 3455 5212 ἀλλή-

1893 5211 1999 5282 λων
2029 5213 2284 5282 τυγχάνει
2320 5227 2332 5238 ·
2365 5227 2523 5278 quam
2576 5210 2765 5266 falsam
2817 5210 3136 5282 scripturam
3170 5215 3238 5266 ob
3272 5210 3458 5266 oculos

1892 5281 2096 5336 habens
2136 5281 2430 5346 interpres,
2468 5282 2547 5336 sic
2589 5285 2768 5346 vertit,
2800 5281 2963 5334 multo
3005 5288 3168 5349 magis
3192 5293 3369 5334 mutuo
3403 5300 3457 5335 se

1891 5356 2196 5419 contingunt
2229 5366 2246 5403 :
2287 5366 2391 5419 quo
2430 5354 2556 5420 quid
2587 5354 2752 5421 possit
2801 5352 2902 5404 diei
2939 5353 3184 5410 alienius.
3237 5368 3340 5404 non
3375 5356 3457 5404 vi-

1891 5423 2010 5476 deo.
2063 5423 2241 5478 Codex
2300 5421 2450 5476 Uolb.
2505 5435 2558 5477 et
2590 5424 2678 5475 alii
2733 5424 2836 5474 duo
2881 5422 3028 5492 Regii
3073 5423 3206 5475 πολὺ
3254 5423 3458 5492 μᾶλλον

1888 5492 2082 5564 ἄδηλον
2121 5491 2399 5562 τυγχάνει,
2450 5495 2612 5547 multo
2654 5495 2821 5562 magis
2875 5491 3021 5557 latet,
3073 5491 3456 5548 multominus

1889 5575 2206 5629 compertum
2231 5575 2329 5625 est,
2366 5567 2585 5633 optime.

1958 5636 2070 5705 (27)
2103 5636 2240 5688 Editi
2272 5638 2405 5687 ὅπου
2434 5637 2519 5688 τά.
2575 5637 2788 5703 Antiqui
2821 5639 2925 5688 duo
2969 5634 3083 5687 libri
3115 5637 3246 5705 ὅπου
3276 5653 3338 5703 γε
3365 5637 3453 5688 τά.

1887 5703 2059 5758 Ιιαυά
2081 5706 2233 5776 longe
2263 5705 2394 5773 Reg.
2424 5708 2688 5760 secundus
2719 5706 2992 5775 οφθαλμὸς
3033 5705 3132 5757 οὐκ
3158 5703 3317 5768 οἶδεν,
3349 5721 3452 5758 non

1886 5787 2046 5831 recte.

1957 5846 2068 5912 (28)
2102 5847 2241 5902 Editi
2275 5846 2380 5898 τῶν
2408 5845 2662 5902 εὐσεϐῶν.
2695 5847 2756 5900 At
2791 5864 2914 5900 mss.
2951 5856 3055 5901 tres
3087 5847 3340 5902 εὐσεϐῶς.
