4088 6318
608 369 706 432 751

1916 376 1974 435 S.
2018 376 2257 434 BASILII
2293 375 2511 435 HAGNI

3761 381 3857 440 752

677 492 734 547 2.
771 492 915 559 Quin
954 493 1117 548 etiam
1165 492 1330 549 verba
1380 492 1548 548 multa
1597 491 1866 559 dicuntur,
1917 504 1971 547 at
2014 510 2178 547 unum

2342 494 2398 547 2.
2446 492 2605 545 Ἀλλά
2633 493 2746 565 μὴν
2766 487 2860 547 οὖν
2900 494 2993 545 καὶ
3026 492 3171 563 λόγοι
3204 495 3386 548 πολλοὶ
3426 494 3857 567 προσαγορεύον-

607 594 690 641 est
730 582 824 639 Dei
863 580 1100 641 Verbum
1133 593 1421 649 aeternum,
1456 583 1599 653 quod
1648 592 1703 638 et
1744 582 1887 639 Deus
1917 583 1971 638 in
2007 581 2186 637 Evan-

608 675 750 747 gelio
786 676 1132 746 praedicatur.
1171 689 1269 746 per
1316 676 1459 746 quod
1492 675 1631 730 facta
1664 685 1790 731 sunt
1817 673 1997 729 omnia
2025 674 2093 732 ".
2124 675 2189 731 Et

611 768 709 823 lilii
733 768 825 823 Dei
855 768 1115 824 dicuntur
1138 768 1293 822 multi
1316 767 1371 822 in
1391 767 1668 839 Scriptura
1694 768 1985 823 secundum
2015 766 2145 823 illud
2172 789 2187 825 :

608 857 784 914 Filios
827 860 985 931 genui
1036 868 1089 913 et
1134 857 1362 914 exaltari
1385 860 1439 925 ’ς
1482 870 1537 915 ει
1569 876 1756 916 rursus
1792 878 1807 915 :
1840 858 2014 915 Filias
2047 878 2191 918 meas

603 949 1161 1023 primopenitnslsrael
1190 954 1231 1006 ⁸.
1252 952 1507 1008 Attamen
1541 954 1836 1024 adoptione
1870 965 2029 1023 atque
2052 957 2185 1009 eba-

609 1054 823 1100 ractere
859 1046 1095 1113 quodam
1138 1060 1168 1100 a
1200 1060 1331 1101 vero
1359 1045 1468 1101 Deo
1497 1048 1761 1119 adoptati,
1792 1048 1887 1102 lilii
1953 1048 2189 1119 adoptivi

607 1151 715 1190 non
761 1145 891 1191 sunt
920 1137 1055 1192 veri.
1094 1133 1233 1191 Nam
1268 1152 1297 1191 a
1329 1146 1521 1193 natura
1552 1148 1609 1193 et
1633 1138 1868 1193 veritate
1906 1153 1991 1193 res
2022 1138 2191 1208 proli-

611 1228 911 1282 ciscuntur.
952 1226 1106 1295 Quod
1155 1230 1200 1283 si
1253 1229 1300 1284 is
1344 1230 1438 1299 qui
1490 1240 1683 1285 natura
1734 1230 2093 1287 essentialiter
2120 1247 2189 1287 ex

605 1318 728 1389 ipso
766 1319 982 1390 genitus
1012 1328 1118 1387 est,
1154 1320 1299 1375 Illius
1340 1336 1449 1375 non
1494 1331 1579 1377 est
1625 1322 1917 1375 secundum
1958 1322 2188 1376 istorum

606 1413 1067 1481 reprobationem,
1099 1414 1189 1483 qui
1225 1414 1540 1470 dissimilem
1587 1412 1941 1469 substantiam
1984 1414 2191 1495 dicunt,

610 1508 700 1560 ubi
746 1507 839 1576 qui
892 1506 1181 1578 adoptione
1226 1506 1321 1562 lilii
1366 1516 1492 1562 sunt
1546 1505 1931 1561 invenientur?
1974 1504 2082 1561 Sed
2127 1520 2193 1560 ea

608 1614 733 1664 qua:
764 1601 1006 1655 humano
1044 1614 1195 1657 more
1229 1602 1507 1665 dicuntur,
1538 1599 1930 1667 imperitissimi
1965 1599 2043 1654 illi
2083 1600 2189 1654 im-

607 1692 696 1759 pie
722 1690 913 1747 deitati
937 1691 1253 1758 ascribunt;
1291 1692 1527 1761 dumque
1562 1691 1876 1763 Scriptura:
1904 1708 2025 1763 quze
2049 1693 2192 1748 mul-

607 1784 678 1837 tis
711 1783 991 1852 variisqne
1033 1784 1212 1839 modis
1244 1794 1606 1853 exponuntur,
1639 1800 1801 1841 sensu
1841 1787 2001 1842 unico
2040 1787 2186 1842 acci-

608 1874 783 1940 piunt,
827 1844 1106 1937 labuntur.
1153 1844 1465 1946 quod-duci
1519 1844 1775 1933 seirecte
1822 1895 1927 1934 non
1975 1880 2177 1936 sinant.
2211 1844 2257 1903 Β

604 1962 775 2019 Exta:
804 1980 1027 2034 uanique
1057 1976 1179 2019 sunt
1225 1966 1322 2021 uia
1366 1965 1599 2033 Domini,
1625 1978 1675 2023 et
1707 1971 1846 2039 justi
1878 1972 1932 2024 in
1961 1973 2034 2025 eis
2065 1990 2182 2027 am-

604 2055 860 2109 bulabunt
898 2071 917 2111 :
949 2058 1099 2125 impii
1132 2073 1252 2111 uero
1295 2060 1350 2112 in
1397 2062 1494 2115 uiis
1523 2060 1698 2129 planis
1745 2060 2014 2130 offendunt
2040 2064 2080 2118 ³.
2113 2065 2182 2119 Et

604 2148 750 2217 quod
784 2148 984 2204 mirum
1015 2156 1123 2217 est,
1159 2164 1225 2205 ex
1268 2152 1467 2220 quibus
1514 2151 1805 2207 utilitatem
1842 2156 2062 2221 capiunt
2088 2157 2179 2226 qui

606 2236 710 2292 [ide
752 2238 870 2293 sani
906 2248 1054 2306 sunt,
1084 2254 1146 2295 ea
1178 2242 1246 2296 iis
1288 2250 1507 2307 uocent,
1534 2242 1647 2312 qui,
1680 2253 1739 2297 ut
1777 2243 1913 2298 dixit
1946 2246 2179 2315 Aposto-

606 2334 691 2388 lus
715 2332 759 2398 ⁸,
814 2333 959 2389 circa
1010 2337 1339 2407 quaestiones
1384 2337 1713 2409 inutilesque
1760 2339 2177 2409 disputationum

606 2438 816 2495 pugnas
855 2425 1220 2482 inllrniautur.
1252 2427 1445 2483 Maiam
1476 2439 1654 2484 autem
1698 2446 1762 2484 ac
1804 2433 2073 2485 curiosam
2113 2435 2179 2490 de

611 2516 721 2572 Deo
747 2519 1100 2587 questionem
1143 2521 1393 2575 morbum
1435 2522 1630 2575 anima:
1674 2535 1793 2576 esse
1832 2526 2031 2576 nemini
2069 2540 2177 2579 non

609 2620 950 2678 perspectum
977 2618 1082 2672 est,
1112 2618 1167 2663 et
1206 2611 1444 2665 maxime
1484 2612 1528 2665 si
1573 2611 1625 2665 id
1660 2610 1753 2665 tlat
1784 2614 1967 2667 animo
1995 2613 2177 2667 incre-

606 2696 755 2752 dulo.
786 2696 1002 2753 Etenim
1039 2698 1084 2752 si
1114 2698 1223 2754 Deo
1259 2700 1359 2771 ipsi
1397 2700 1763 2765 sanctissimo,
1800 2716 1924 2755 cum
1956 2717 2017 2756 ea
2060 2716 2181 2772 qua:

608 2792 677 2845 ad
732 2806 793 2847 se
844 2801 1116 2862 spectant,
1166 2802 1376 2860 narrat,
1435 2808 1540 2848 non
1596 2798 1862 2859 credunt;
1910 2798 2179 2865 quomodo

610 2882 779 2950 ipsius
823 2884 1115 2954 prophetas
1164 2892 1258 2938 aut
1304 2885 1575 2953 apostolos
1623 2888 2023 2955 auscultabunt,
2054 2905 2176 2945 cum

612 2973 666 3026 in
708 2973 905 3029 divinis
944 2973 1246 3041 Scripturis
1290 2974 1359 3027 de
1400 2974 1536 3043 ipso,
1562 2976 1737 3043 deque
1778 2977 2085 3034 hominibus
2122 2981 2176 3035 in

607 3080 675 3121 eo
709 3076 862 3135 spem
898 3063 1157 3133 posituris
1207 3062 1538 3131 loquuntur?
1573 3063 1711 3118 Nam
1760 3068 1849 3135 qui
1898 3070 1965 3120 ad
2014 3070 2177 3125 Deum

2286 602 2396 648 ται,
2432 580 2512 648 εἷς
2539 584 2596 636 δὲ
2617 587 2645 638 ὀ
2668 584 2763 638 τοῦ
2791 584 2923 638 Θεοῦ
2963 586 3151 650 ἀΐδιος,
3184 588 3212 639 ὀ
3249 587 3339 639 καὶ
3368 586 3503 650 Θεὸς
3528 589 3585 640 ἐν
3616 588 3856 657 Εὑαγγε-

2288 676 2385 747 λίῳ
2412 676 2839 747 κηρυσσόμενος,
2866 676 2933 731 δι’
2962 671 3024 732 οὗ
3049 677 3119 731 τὰ
3151 677 3329 732 πάντα
3353 680 3581 747 ἐγένετο.
3622 682 3731 733 Καὶ
3760 684 3860 735 υἱοὶ

2288 766 2422 821 Θεοῦ
2464 767 2707 837 λέγονται
2730 768 2913 822 πολλοὶ
2946 770 3004 823 ὲν
3033 772 3100 841 τῇ
3136 769 3346 842 Γραφῇ,
3380 771 3519 824 κατά
3552 772 3637 837 τὸ,
3693 773 3860 840 Υῐοὺς

2288 859 2587 929 ἐγέννησα
2633 861 2730 914 καί
2756 862 2974 929 {id-uad
2992 877 3005 891 ·
3039 862 3133 915 καὶ
3178 862 3338 915 πάλιν
3360 877 3375 891 ο
3413 862 3543 928 Υἱὸς
3575 866 3862 932 πρωτότο-

2290 954 2397 1016 κός
2426 970 2545 1021 μου
2582 953 2838 1021 Ἰσραήλ.
2883 952 3040 1006 Θέσει
3078 953 3259 1023 μέντοι
3298 954 3391 1006 καὶ
3423 956 3730 1024 χαρακτῆρι
3756 974 3857 1010 τινι

2292 1042 2681 1115 υίοθετούμενοι
2714 1047 2822 1100 ἀπὸ
2847 1047 2940 1100 τοῦ
2970 1044 3222 1115 ἀληθινοῦ
3257 1045 3412 1112 Θεοῦ,
3448 1046 3556 1098 υἱοὶ
3582 1044 3730 1098 θετοὶ
3753 1047 3859 1115 (29)

2293 1136 2386 1186 καὶ
2421 1134 2495 1205 μὴ
2543 1135 2803 1205 ἀληθινοί.
2848 1137 2980 1189 Ἀπὸ
3010 1139 3117 1209 γὰρ
3147 1137 3359 1205 φύσεως
3388 1138 3481 1190 καὶ
3503 1137 3761 1207 ἀληθείας
3782 1141 3861 1208 ὀρ-

2295 1228 2459 1297 μᾶται
2489 1227 2556 1279 τὰ
2592 1229 2910 1299 πράγματα.
2942 1231 3004 1283 El
3030 1230 3087 1283 δὲ
3130 1231 3158 1282 ὁ
3188 1229 3347 1298 φύσει
3388 1229 3665 1293 οὒσιωδῶς
3696 1230 3753 1297 ἐξ
3774 1232 3860 1283 ait.

2290 1317 2383 1371 τοῦ
2430 1318 2709 1387 γεννηθεὶς
2755 1322 2856 1374 οὐκ
2889 1321 3005 1375 ἔστι
3039 1322 3179 1375 κατά
3218 1321 3319 1393 τὴν
3344 1322 3451 1375 τῶν
3495 1323 3860 1393 ἀνομοιουσια-

2294 1407 2433 1461 στῶν
2460 1407 2735 1477 ἀθέτησιν,
2769 1410 2873 1463 ποῦ
2898 1413 2946 1463 0i
2972 1410 3116 1464 θέσει
3148 1410 3569 1483 εὑρεθήσονται;
3610 1411 3771 1464 Ἀλλά
3798 1412 3859 1465 τά

2290 1500 2845 1572 ἀνθρωπολογούμενα
2896 1506 2943 1555 0i
2973 1504 3336 1573 ἀμαθέστατοι
3386 1508 3453 1575 τῇ
3484 1503 3700 1573 θεότητι
3741 1505 3859 1557 ἀσε-

2290 1592 2399 1656 ϐῶς
2427 1592 2819 1663 προσάπτουσι,
2851 1596 2943 1647 καὶ
2974 1594 3073 1658 τὰς
3106 1594 3429 1666 πολυμερῶς
3470 1596 3566 1648 καὶ
3599 1596 3858 1667 πολυτρό-

2290 1684 2408 1746 πῶς
2437 1684 2693 1755 ῥηθείσας
2716 1685 2935 1756 Γραφάς
2968 1687 3279 1758 μονομερῶς
3318 1687 3750 1757 ἐκλαμϐάνοντες
3774 1690 3857 1741 πί-

2290 1793 2536 1836 πτουσιν,
2559 1777 2867 1847 ὀδηγεῖσθαι
2902 1778 3081 1842 καλῶς
3108 1781 3208 1834 οὐκ
3240 1781 3578 1852 ἀνεχόμενοι.
3625 1783 3858 1836 Εὐθεῖαι

2282 1868 2395 1937 γὰρ
2428 1871 2486 1921 ai
2512 1867 2639 1921 ὁδοὶ
2672 1868 2775 1922 τοῦ
2803 1871 3048 1937 Κυρίου,
3090 1872 3190 1924 καὶ
3216 1872 3430 1928 δίκαιοι
3463 1878 3859 1944 πορεύσονται

2278 1960 2349 2014 ὲν
2366 1960 2576 2027 αὑταῖς
2596 1977 2610 1992 ο
2639 1964 2693 2014 οἱ
2724 1961 2791 2013 δὲ
2819 1961 3057 2026 ἀσεϐεῖς
3072 1962 3141 2014 ἐν
3160 1964 3288 2031 ταῖς
3316 1968 3575 2033 εὐθείαις
3603 1969 3861 2036 προσκό-

2279 2067 2517 2106 πτουσι.
2562 2054 2668 2105 Καὶ
2700 2051 2761 2104 τὸ
2798 2051 3002 2123 θαῦμα,
3054 2052 3146 2123 ἀφ’
3193 2047 3268 2108 ὧν
3318 2057 3653 2126 ὠφελοῦνται
3688 2060 3739 2111 οί
3793 2061 3856 2130 τῇ

2280 2143 2458 2197 πίστει
2496 2145 2847 2213 ὑγιαίνοντες,
2907 2144 3014 2199 ἀπὸ
3070 2146 3274 2199 τούτων
3327 2148 3652 2216 βλάπτονται
3686 2152 3734 2203 οἱ
3775 2168 3855 2203 νο-

2283 2234 2501 2299 σοῦντες
2524 2236 2651 2307 περὶ
2684 2232 2939 2306 ζητήσεις
2980 2236 3071 2288 καὶ
3105 2236 3434 2307 λογομαχίας
3458 2240 3658 2310 ἀργὰς,
3682 2241 3758 2304 ὡς
3781 2236 3857 2293 εἷο

2280 2343 2380 2379 πεν
2406 2329 2435 2380 ὁ
2474 2327 2811 2389 Ἀπόστολος.
2847 2328 2967 2379 Ὅτι
2996 2327 3052 2380 δὲ
3075 2328 3253 2399 ψυχῆς
3280 2329 3489 2399 νόσημά
3515 2332 3633 2384 ἔστι
3663 2333 3725 2385 τὸ
3751 2352 3854 2387 κα-

2279 2418 2390 2481 κῶς
2413 2418 2505 2470 καὶ
2529 2418 2836 2490 περιέργως
2882 2418 3063 2487 ζητεῖν
3119 2418 3249 2490 περὶ
3294 2417 3451 2481 Θεοῦ,
3481 2425 3578 2472 καὶ
3624 2424 3858 2490 μάλιστα

2282 2511 2417 2577 μετά
2456 2510 2733 2573 ἀπιστίας,
2764 2511 2895 2562 πᾶσι
2932 2511 3164 2581 φανερόν
3195 2511 3329 2581 (50).
3363 2511 3424 2564 El
3456 2512 3567 2583 γάρ
3598 2513 3750 2583 αὐτῷ
3782 2515 3855 2583 τῷ

2281 2603 2529 2671 παναγίῳ
2563 2602 2683 2672 Θεῷ
2728 2602 2795 2656 τὰ
2841 2605 2969 2675 περὶ
3024 2604 3188 2657 αὑτοῦ
3222 2603 3551 2658 ἀπιστοῦσι’
3601 2606 3720 2668 πῶς
3750 2608 3859 2659 τῶν

2283 2694 2574 2762 προφητῶν
2604 2696 2765 2747 αὑτοῦ
2800 2696 2908 2767 (5i)
2945 2699 3315 2766 ἦάποστόλων
3344 2699 3642 2764 ἀκούσωσι,
3684 2699 3861 2768 λεγὸνο

2279 2800 2386 2835 των
2417 2786 2473 2835 ὲν
2522 2783 2693 2845 θείαις
2740 2786 2979 2856 Γραφαῖς
3027 2789 3095 2840 τὰ
3135 2790 3264 2857 mp1
3312 2790 3475 2843 αὐτοῦ
3507 2792 3601 2843 καὶ
3640 2791 3751 2844 τῶν
3783 2794 3860 2855 είς

2279 2875 2440 2928 αὐτὸν
2471 2874 2770 2946 μελλόντων
2806 2875 3075 2941 ein-liam;
3120 2881 3448 2933 Πιστεῦσαι
3485 2882 3597 2949 γὰρ
3632 2882 3726 2935 δεῖ
3760 2884 3860 2935 τὰν

2278 2970 2765 3038 προσερχόμενον
2798 2966 2877 3034 τῷ
2907 2967 3046 3033 Θεῷ,
3086 2970 3175 3022 ὅτι
3221 2970 3374 3023 ἔστι.
3412 2972 3742 3025 Πιστεῦσαι·
3787 2976 3858 3045 μὴ

2278 3060 2385 3130 γὰρ
2411 3062 2653 3115 ἀπίστως
2677 3060 3133 3134 περιεργάζεσθαι
3167 3063 3196 3115 ὅ
3227 3063 3279 3114 τί
3308 3064 3453 3116 ἐστιν
3473 3078 3487 3091 ο
3522 3062 3598 3135 μὴ
3620 3064 3729 3137 γὰρ
3755 3066 3783 3117 ὃ
3808 3081 3857 3118 τι

607 3157 831 3223 accedit,
866 3156 1005 3211 hunc
1040 3155 1250 3210 credere
1288 3166 1484 3225 oportet
1511 3155 1677 3210 Deum
1707 3174 1818 3211 esse
1850 3160 1891 3210 ⁸.
1924 3157 2174 3226 Credere,

2284 3155 2379 3205 οὐκ
2403 3155 2567 3209 ἔστιν.
2608 3157 2672 3205 Ὃ
2695 3156 2800 3226 γάρ
2826 3156 2993 3219 ἐστιν,
3025 3152 3113 3227 ἦν,
3138 3158 3231 3210 καὶ
3255 3157 3390 3222 ἐστι,
3429 3160 3523 3211 καὶ
3552 3158 3706 3212 ἔσται
3731 3160 3817 3213 ἀεί
3841 3177 3854 3188 ·

607 3249 806 3318 inquit,
832 3264 937 3304 non
959 3248 1232 3305 incredula
1267 3249 1582 3304 curiositate
1603 3250 1860 3321 indagare
1891 3252 2031 3321 quod
2074 3265 2182 3329 est,

609 3352 677 3392 ne
695 3339 875 3395 dicam
900 3340 1047 3410 quod
1074 3355 1180 3395 non
1206 3349 1310 3395 est.
1338 3341 1492 3409 Quod
1524 3342 1668 3395 enim
1696 3353 1800 3407 est,
1830 3352 1973 3407 erat,
2001 3354 2055 3397 et
2080 3357 2183 3412 est,

611 3440 670 3486 et
712 3431 818 3485 erit
867 3445 1118 3499 semper;
1159 3440 1323 3502 atque
1376 3433 1602 3504 largitur
1647 3435 1897 3489 omnibus
1949 3446 2006 3489 ttt
2053 3438 2184 3505 sint,

610 3530 868 3588 tanquam
890 3520 983 3589 qui
1015 3530 1205 3574 natura
1239 3522 1309 3576 sit
1347 3520 1510 3577 Deus.
1541 3521 1651 3577 Cur
1684 3524 1846 3593 igitur
1876 3526 2185 3583 incredulus

610 3626 694 3673 es,
710 3625 743 3665 ο
760 3612 921 3666 homo
940 3610 965 3663 ?
987 3610 1101 3664 Non
1124 3612 1299 3666 credis
1324 3615 1465 3679 quod
1482 3616 1753 3683 proprium
1778 3617 1967 3671 habeat
1985 3617 2182 3674 Filium

612 3684 854 3767 [ιικά
877 3699 1077 3770 quatis
1103 3700 1372 3771 quomodo
1391 3704 1635 3769 genuerit
1666 3702 1847 3758 Deus?
1873 3706 2023 3772 Quod
2039 3711 2084 3762 si
2101 3711 2184 3763 in-

610 3793 853 3863 superde
894 3792 1001 3848 Deo
1021 3793 1322 3865 interroges
1345 3795 1630 3864 quomodo,
1660 3796 1819 3866 plane
1849 3798 1935 3851 ubi
1970 3814 2185 3869 quoque

611 3896 868 3956 tauquam
897 3886 950 3939 in
965 3886 1162 3952 loco,et
1174 3890 1387 3957 quando
1411 3900 1666 3959 tanquam
1683 3890 1737 3945 in
1768 3899 2009 3961 tempore
2021 3893 2183 3948 simul

614 3975 1062 4047 interrogaveris.
1100 3973 1206 4031 Sed
1244 3978 1287 4031 si
1340 3980 1631 4032 absurdum
1664 3990 1750 4034 est
1775 3980 1841 4035 de
1858 3982 2184 4053 Deoaliquid

612 4065 719 4122 tale
740 4065 1331 4137 inquirere,absurdius
1361 4067 1547 4137 utique
1574 4065 1736 4121 luerit
1761 4068 2033 4141 nonalﬁ
2059 4086 2184 4126 cre-

610 4158 763 4217 dere.
784 4157 1026 4216 Necdum
1054 4160 1195 4215 lorte
1217 4168 1271 4216 te
1294 4161 1347 4215 in
1372 4158 1748 4215 incredulitate
1770 4163 1976 4214 versari
1999 4163 2181 4230 pudet.

611 4248 823 4318 Quaris
849 4252 994 4307 enim
1026 4267 1133 4309 non
1164 4261 1223 4308 ut
1252 4253 1435 4321 iidem,
1464 4253 1557 4309 sed
1589 4261 1649 4307 ut
1688 4252 2056 4308 inﬁdelitatem
2097 4255 2181 4308 in-

609 4344 821 4398 venias.
848 4342 962 4399 Hoc
1001 4359 1191 4400 verum
1218 4355 1302 4400 est
1339 4347 1632 4401 secundum
1667 4346 1721 4399 id
1751 4346 1893 4415 quod
1919 4346 2181 4415 scriptum

608 4444 693 4491 est
724 4452 739 4489 :
768 4432 838 4489 In
866 4436 1155 4505 malignam
1184 4439 1416 4491 animam
1444 4452 1550 4493 non
1578 4438 1818 4491 introibit
1844 4437 2104 4505 sapientia
2136 4437 2177 4490 ⁸.

2285 3246 2377 3298 καὶ
2412 3250 2520 3309 τοῖς
2554 3248 2687 3298 πᾶσι
2726 3246 2785 3298 τὸ
2824 3243 2962 3300 εἶναι
2985 3248 3257 3318 δωρεῖται,
3295 3249 3369 3311 ὠς
3396 3249 3556 3317 φύσει
3592 3248 3672 3303 ὼν
3706 3250 3856 3312 Θεὸς.

2283 3334 2347 3384 Τί
2370 3330 2460 3387 οὖν
2489 3337 2757 3399 ἀπιστεῖς,
2782 3328 2826 3387 ὦ
2853 3334 3105 3405 ἄνθρωπε
3126 3354 3139 3400 ;
3182 3338 3471 3403 Ἀπιστείς,
3494 3341 3576 3393 ὅτι
3597 3340 3727 3391 ἴδιον
3748 3342 3855 3412 ἔχει

2285 3424 2409 3477 Υἱὸν
2436 3429 2462 3479 ὁ
2482 3428 2631 3491 Θεὸς,
2658 3428 2751 3480 καὶ
2775 3427 2957 3497 ζητεῖς
2993 3426 3110 3489 πῶς
3145 3428 3399 3498 ἐγέννησε
3426 3432 3592 3496 Θεὸς;
3626 3432 3689 3484 Εἰ
3709 3432 3764 3484 δὲ
3801 3432 3857 3485 τὸ

2283 3515 2407 3580 πῶς
2428 3520 2519 3570 ἐπὶ
2540 3521 2671 3573 Θεοῦ
2706 3520 2819 3589 (52)
2841 3519 3143 3590 ὲπερωτᾷς,
3176 3520 3389 3583 πάντως
3418 3525 3511 3575 καὶ
3540 3523 3603 3575 τὸ
3629 3522 3754 3588 ποῦ,
3782 3523 3854 3584 ὡς

2284 3607 2342 3659 ὲν
2386 3607 2555 3675 τόπῳ,
2605 3612 2694 3662 καὶ
2725 3609 2874 3675 πότε,
2920 3610 2995 3672 ὡς
3024 3610 3081 3661 ὲν
3122 3611 3297 3679 χρόνῳ
3329 3615 3850 3683 συνεπερωτήσειας.

2282 3704 2344 3757 Εἰ
2367 3702 2423 3755 δὲ
2454 3702 2649 3755 ἄτοπον
2681 3706 2770 3757 ἐπὶ
2801 3705 2933 3759 Θεοῦ
2960 3706 3020 3758 τὸ
3047 3704 3285 3758 τοιοῦτον
3310 3704 3610 3776 ἐπερωτᾷν,
3640 3709 3851 3762 ἀτοπώ-

2280 3814 2437 3868 τερον
2473 3796 2537 3849 ἂν
2574 3798 2656 3865 εἴη
2694 3797 2753 3849 τὸ
2788 3798 2861 3869 μὴ
2892 3798 3187 3851 πιστεύειν.
3224 3796 3377 3866 Τάχα
3418 3796 3570 3849 οῠπω
3599 3800 3853 3871 ἐρυθριᾷς

2280 3891 2337 3942 ὲν
2362 3888 2586 3959 ἀπιστία
2620 3889 2897 3960 ὑπάρχων.
2947 3892 3135 3960 Ζητεῖς
3174 3890 3282 3962 γὰρ
3317 3891 3401 3942 ἴνα
3448 3888 3619 3960 εὕρῃς
3661 3890 3723 3941 οὐ
3763 3894 3851 3944 πί-

2281 3997 2415 4038 στιν.
2446 3980 2560 4033 ἀλλ’
2589 3981 2859 4033 ἀπιστίαν.
2904 3981 3071 4033 Τοῦτο
3113 3981 3307 4051 ἀληθὲς
3340 3980 3481 4034 κατὰ
3510 3981 3572 4033 τὸ
3602 3998 3851 4052 γεγραμ-

2284 4076 2477 4146 μένον·
2519 4075 2621 4139 Εὶς
2658 4075 3027 4142 κακότεχνον
3064 4074 3172 4145 (53)
3202 4074 3413 4143 ψυχὴν
3440 4077 3549 4129 οὐκ
3586 4076 3853 4129 εἰσελεύ-

2280 4182 2449 4220 σεται
2473 4166 2675 4233 σοφία.
2722 4166 3069 4217 Ἐπίστευσε
3096 4164 3163 4218 δὲ
3202 4166 3444 4235 Ἀϐραὰμ
3482 4165 3561 4231 τῷ
3587 4166 3733 4232 Θεῷ,
3757 4168 3853 4223 καί

2279 4256 2564 4324 ἐλογίσθη
2607 4254 2764 4317 αὐτῷ
2797 4257 2883 4318 είς
2915 4252 3325 4322 δικαιοσύνην,
3362 4258 3459 4309 καὶ
3488 4260 3671 4324 φίλος
3705 4259 3850 4311 Θεοῦ

2279 4344 2528 4412 ἐκλήθη.
2567 4343 2721 4405 Φίλος
2757 4342 2891 4395 Θεοῦ
2922 4345 2950 4395 ὀ
2986 4344 3251 4413 μακάριος
3291 4345 3536 4414 Ἀϐραὰμ.
3568 4348 3662 4398 καὶ
3701 4348 3848 4419 εἴρη-

2281 4457 2391 4501 ται,
2429 4438 2521 4491 καὶ
2554 4435 2688 4489 ἐστι.
2717 4434 2873 4498 Φίλος
2927 4435 3015 4489 διὰ
3066 4436 3269 4503 πίστιν,
3316 4437 3465 4506 φίλος
3507 4438 3577 4491 δι’
3606 4440 3848 4509 ὑπακοὴν

610 4527 846 4583 Credidit
891 4539 1068 4583 autem
1114 4528 1381 4585 Abraham
1410 4527 1547 4596 Deo,
1583 4540 1633 4586 et
1682 4538 1977 4599 reputatum
2013 4540 2087 4583 est
2132 4529 2181 4583 ei

2282 4530 2413 4583 Θεοῦ
2442 4546 2454 4559 ⁸
2488 4530 2550 4581 σὺ
2573 4528 2628 4583 δὲ
2659 4526 2849 4599 ἐχθρὸς
2878 4527 2966 4581 διὰ
2992 4529 3247 4583 ἀπιστίαν
3275 4532 3369 4583 καὶ
3394 4532 3678 4603 παρακοὴν
3693 4532 3843 4585 Θεοί.

607 4624 679 4676 ed
691 4622 982 4693 justitiam,
1007 4640 1071 4679 ac
1102 4623 1197 4678 Dei
1225 4626 1425 4679 amicus
1456 4625 1748 4693 appellatus
1782 4634 1856 4678 est
1876 4624 1919 4678 ⁷.
1959 4624 2177 4678 Amicus

608 4714 705 4770 Dei
743 4714 936 4772 beatus
964 4717 1237 4772 Abraham
1280 4727 1337 4772 et
1379 4717 1558 4772 dictus
1586 4727 1691 4781 est,
1720 4726 1776 4773 et
1802 4726 1907 4773 est.
1956 4714 2176 4770 Amicus

678 4830 725 4864 ”
748 4830 906 4887 Joan.
939 4849 980 4892 t.
1018 4834 1070 4889 5.
1151 4836 1165 4867 ¹
1195 4835 1297 4889 Isa.
1328 4851 1366 4898 ι,
1396 4836 1452 4889 2.
1518 4836 1539 4867 ’
1568 4834 1736 4888 Exod.
1771 4849 1843 4893 tv,
1890 4832 1980 4887 22.

606 4902 629 4935 "
655 4899 771 4957 Jac.
806 4921 865 4969 Il,
896 4904 986 4959 25.

682 5081 795 5155 (29)
818 5082 879 5155 in
924 5084 1083 5155 editis
1108 5094 1164 5155 ει
1214 5086 1266 5140 in
1297 5085 1567 5155 aliquibus
1614 5099 1744 5138 mss.
1769 5096 2023 5154 corrupte
2045 5084 2177 5154 legi-

609 5152 713 5213 tur.
748 5154 883 5207 Θεοῦ
908 5155 958 5208 0i
988 5152 1132 5207 Θιτοί
1163 5172 1177 5187 ·
1243 5167 1297 5208 at
1326 5152 1401 5210 in'
1428 5155 1578 5211 Colb.
1614 5164 1668 5208 et
1714 5155 1765 5208 in
1818 5152 2176 5210 aliisduob‘us

606 5222 789 5308 Regiis
814 5226 1099 5281 emendate
1130 5226 1393 5295 scriptum
1430 5224 1733 5281 invenimus
1758 5224 1916 5291 Θεοῦ,
1953 5225 2059 5278 υἱοὶ
2089 5224 2177 5281 θε-

604 5309 708 5345 τοι.

683 5362 791 5429 l3”)
825 5361 961 5418 Etiiti
999 5372 1053 5418 et
1090 5363 1197 5419 duo
1228 5382 1356 5420 mss.
1389 5366 1471 5420 ὅτι
1510 5361 1691 5490 ἳιυχῆς
1729 5404 1743 5417 .
1766 5406 1780 5419 .
1801 5410 1814 5422 .
1844 5367 1977 5438 περὶ
2015 5366 2171 5449 Θεοῦ,

683 5433 701 5484 ι
724 5433 956 5490 μάλιστα
983 5434 1079 5490 μὲν
1100 5436 1168 5490 τά
1188 5436 1325 5490 μετὰ
1343 5438 1507 5490 ἀπιστ
1533 5455 1597 5490 ας
1628 5438 1759 5489 πᾶσι
1794 5439 2020 5490 ιοανεοά.
2042 5436 2171 5490 Hinc

606 5432 701 5509 ξαὶ
724 5433 956 5509 μάλιστα
982 5434 1168 5509 μὲντά
1187 5436 1325 5507 μετὰ
1343 5432 1759 5509 ἀπιστίαξπᾷσι
1794 5432 2020 5509 φανερά.
2042 5436 2175 5494 Hinc

605 5501 899 5576 Cornarius
936 5522 949 5560 :
983 5501 1408 5561 'Animi'morbus
1442 5521 1539 5574 est,
1572 5508 1708 5561 male
1738 5519 1783 5560 et
1807 5501 2008 5565 curiose
2030 5526 2173 5576 quir—

606 5586 723 5645 rere
751 5574 814 5625 de
839 5574 968 5636 Deo,
997 5587 1044 5628 et
1071 5578 1299 5632 maxime
1321 5578 1529 5645 quidem
1562 5595 1621 5633 ea
1644 5595 1762 5644 qua
1797 5598 1912 5633 cum
1932 5574 2174 5633 incredu—

608 5641 756 5717 litate
785 5646 1017 5717 o_mnilms
1050 5659 1168 5700 sunt
1216 5641 1517 5717 manifesta.
1580 5641 1991 5714 Trapezuntins,
2050 5668 2169 5705 cum

609 5712 775 5788 verba
794 5710 979 5788 Graeca
1018 5720 1155 5771 male
1180 5710 1375 5773 sonare
1405 5721 1635 5782 videret,
1673 5710 1841 5788 usque
1871 5735 1935 5774 eo
1958 5710 2055 5775 sibi
2089 5723 2170 5775 in-

608 5782 796 5860 dulsit,
821 5794 879 5836 ut
907 5787 1139 5860 πίστεως
1160 5804 1257 5856 pro
1282 5790 1536 5852 ἀπιστίας
1556 5782 1769 5857 legerit:
1800 5790 1927 5859 Ejus
1956 5792 2065 5844 112Ρο
2092 5800 2175 5845 cst

609 5855 980 5927 interpretatio
1025 5875 1036 5911 :
1086 5855 1232 5914 Sicut
1278 5860 1553 5929 Apostolus
1593 5855 1748 5926 dixit,
1790 5855 2023 5917 morbum
2063 5880 2172 5917 esse

2295 4623 2607 4675 Ἐπίστευσε
2639 4620 2695 4673 δὲ
2729 4620 2975 4693 Ἀϐραὰμ
3019 4622 3096 4691 τῷ
3132 4622 3269 4693 Θεῷ,
3296 4623 3611 4676 ἐπίστευσεν
3649 4626 3725 4687 ὡς
3756 4626 3848 4677 αῦ-

2279 4714 2391 4778 τδς,
2420 4715 2512 4767 καὶ
2539 4713 2636 4765 οὐκ
2668 4712 2963 4779 ἠπίστησεν
2996 4710 3085 4776 ,ὡς
3127 4714 3301 4782 ὑμεῖς.
3336 4711 3433 4763 Διὰ
3483 4712 3640 4765 τοῦτο
3690 4713 3847 4773 αὐτὸς

2059 4831 2080 4862 ⁸
2107 4829 2232 4886 Ose.
2267 4845 2375 4897 xiv,
2408 4828 2491 4883 10.
2569 4829 2590 4858 ⁵
2616 4825 2880 4889 iTim.v:,
2916 4825 2968 4880 4.
3044 4828 3063 4858 '
3095 4827 3255 4880 iiebr.
3290 4841 3364 4889 xl,
3391 4827 3443 4879 6.
3522 4828 3542 4857 ⁶
3574 4826 3704 4894 Sap.
3730 4842 3768 4891 ι,
3796 4828 3839 4881 ι.

2275 5094 2485 5147 animm,
2512 5086 2645 5139 male
2672 5096 2721 5138 et
2748 5086 2951 5140 curiose
2993 5086 3055 5139 de
3084 5084 3189 5138 Deo
3238 5098 3488 5145 auwrcre,
3518 5103 3579 5138 ea
3619 5087 3841 5137 maxime

2273 5172 2388 5221 quae
2410 5174 2526 5209 cum
2549 5158 2652 5220 ﬁde
2698 5158 2896 5209 cunctis
2916 5157 3187 5223 perspicua
3212 5164 3350 5206 sunt.
3398 5154 3575 5209 Codex
3608 5155 3760 5208 Cnlh.
3791 5166 3843 5206 rt

2274 5223 2422 5293 Regii
2450 5239 2675 5293 quartus
2704 5236 2756 5276 et
2782 5229 2997 5293 quintus
3019 5227 3142 5279 Ὅτι
3162 5224 3218 5277 δὲ
3241 5223 3416 5295 ψυχῆς
3531 5225 3660 5293 περὶ
3687 5223 3840 5285 Θεοῦ,

2273 5297 2368 5349 καὶ
2404 5299 2636 5367 μάλιστα
2682 5298 2819 5365 μετά
2870 5296 3147 5359 ἀπιστίας,
3208 5296 3339 5347 πᾶσι
3393 5295 3700 5367 φανερόν
3728 5312 3840 5367 qua:

2274 5364 2539 5435 scriptura
2574 5364 2699 5433 quin
2739 5384 2861 5422 vera
2894 5369 2965 5419 sit
2994 5378 3050 5420 et
3074 5382 3351 5435 germana,
3381 5381 3541 5418 nemo
3576 5364 3840 5418 dubitabit

2272 5439 2538 5509 quihunc
2564 5438 2735 5509 locum
2773 5438 2934 5509 paulo
2961 5438 3217 5509 attentius
3243 5435 3687 5509 considet-iverit.

2345 5508 2454 5578 (3|)
2487 5508 2650 5569 Eliiil,
2684 5505 2977 5578 προφητῶν
3000 5506 3092 5559 καὶ
3117 5506 3427 5578 ἀποστόλων
3450 5503 3652 5578 αὐτοῦ.
3692 5504 3838 5557 Auti-

2271 5580 2363 5648 qui
2398 5573 2503 5633 duo
2532 5579 2648 5631 libri
2680 5573 2974 5649 προφητῶν
2999 5576 3163 5631 αὑτοῦ
3197 5577 3231 5647 ἦ
3262 5573 3593 5629 ἀποστόλων.
3639 5575 3835 5629 Ibidem

2271 5652 2471 5713 aliquot
2505 5664 2632 5702 mss.
2664 5648 2976 5701 ἀκούσωσι.

2337 5720 2448 5791 (ζῆ)
2477 5718 2829 5791 CotlexiColb.
2857 5719 2987 5791 περὶ
3012 5718 3167 5773 Θεοῦ.

2340 5785 2451 5867 ίβὸ)
2482 5790 2643 5867 Editi,
2667 5790 2759 5854 Είς
2788 5785 3114 5859 κακότεχνον
3151 5791 3278 5861 γάρ.
3299 5788 3563 5867 _Vncu_|atn
3599 5785 3707 5864 γάρ
3740 5785 3833 5839 ile-

2276 5863 2501 5917 let-intus
2543 5862 2797 5916 librorum
2834 5870 3071 5916 veterum
3104 5861 3423 5915 auctoritate
3453 5861 3641 5911 innixi.
